Time,Stock,Brd,Price,Qty,BT,BC,SC,ST
15:14:47,MYOR,RG,1950,1,D,NI,YU,D
15:13:53,MYOR,RG,1950,5,D,HP,YU,D
15:13:49,MYOR,RG,1950,100,D,YP,YU,D
15:10:17,MYOR,RG,1950,3,D,XA,YU,D
15:08:15,MYOR,RG,1950,5,D,XA,YU,D
15:06:53,MYOR,RG,1950,2,D,PD,YU,D
15:06:09,MYOR,RG,1950,1,D,XC,YU,D
15:05:37,MYOR,RG,1950,2,D,XC,YU,D
15:04:25,MYOR,RG,1950,24,D,PD,YU,D
15:04:25,MYOR,RG,1950,20,D,PD,DR,D
15:04:25,MYOR,RG,1950,1,D,PD,YP,D
15:04:25,MYOR,RG,1950,5,D,PD,PD,D
15:03:48,MYOR,RG,1950,1,D,NI,PD,D
15:03:21,MYOR,RG,1950,5,D,KK,PD,D
15:03:15,MYOR,RG,1950,17,D,NI,PD,D
15:02:00,MYOR,RG,1950,2,D,XC,PD,D
15:01:42,MYOR,RG,1950,20,D,YP,PD,D
15:00:00,MYOR,RG,1950,26,D,EP,PD,D
15:00:00,MYOR,RG,1950,10,D,YP,PD,D
15:00:00,MYOR,RG,1950,1,D,DR,PD,D
15:00:00,MYOR,RG,1950,193,D,AZ,PD,D
15:00:00,MYOR,RG,1950,4,D,AZ,PD,D
15:00:00,MYOR,RG,1950,20,D,AZ,PD,D
15:00:00,MYOR,RG,1950,10,D,AZ,KK,D
15:00:00,MYOR,RG,1950,46,D,AZ,KK,D
15:00:00,MYOR,RG,1950,7,D,AZ,XL,D
15:00:00,MYOR,RG,1950,2,D,AZ,AZ,D
15:00:00,MYOR,RG,1950,6,D,AZ,DH,D
15:00:00,MYOR,RG,1950,1,D,AZ,XC,D
15:00:00,MYOR,RG,1950,50,D,AZ,CC,D
15:00:00,MYOR,RG,1950,50,D,AZ,AG,F
15:00:00,MYOR,RG,1950,5,D,AZ,CC,D
15:00:00,MYOR,RG,1950,5,D,AZ,NI,D
15:00:00,MYOR,RG,1950,4,D,AZ,PD,D
15:00:00,MYOR,RG,1950,500,D,AZ,CP,D
15:00:00,MYOR,RG,1950,4,D,AZ,XC,D
15:00:00,MYOR,RG,1950,50,D,AZ,CP,D
15:00:00,MYOR,RG,1950,43,D,AZ,CP,D
15:00:00,MYOR,RG,1950,13,D,YP,CP,D
15:00:00,MYOR,RG,1950,25,D,YP,YP,D
15:00:00,MYOR,RG,1950,14,D,YP,XL,D
15:00:00,MYOR,RG,1950,8,D,NI,XL,D
15:00:00,MYOR,RG,1950,2,D,YP,XL,D
15:00:00,MYOR,RG,1950,3,D,YP,PD,D
15:00:00,MYOR,RG,1950,6,D,KZ,PD,D
15:00:00,MYOR,RG,1950,3,D,KZ,NI,D
15:00:00,MYOR,RG,1950,6,D,KZ,NI,D
15:00:00,MYOR,RG,1950,47,D,KZ,GR,D
15:00:00,MYOR,RG,1950,203,F,AK,GR,D
15:00:00,MYOR,RG,1950,4,F,AK,YP,D
15:00:00,MYOR,RG,1950,10,F,AK,YP,D
15:00:00,MYOR,RG,1950,1,F,AK,XC,D
15:00:00,MYOR,RG,1950,6,F,AK,DH,D
15:00:00,MYOR,RG,1950,6,F,AK,AZ,D
15:00:00,MYOR,RG,1950,15,F,AK,DR,D
15:00:00,MYOR,RG,1950,2,F,AK,PD,D
15:00:00,MYOR,RG,1950,200,F,AK,AG,D
15:00:00,MYOR,RG,1950,5,F,AK,ZP,D
15:00:00,MYOR,RG,1950,50,F,AK,EP,D
15:00:00,MYOR,RG,1950,28,F,AK,BK,F
15:00:00,MYOR,RG,1950,14,F,AK,BK,F
15:00:00,MYOR,RG,1950,113,F,AK,BK,F
15:00:00,MYOR,RG,1950,28,F,AK,CS,F
15:00:00,MYOR,RG,1950,21,F,AK,CS,F
15:00:00,MYOR,RG,1950,115,F,AK,CS,F
15:00:00,MYOR,RG,1950,302,F,AK,CS,F
15:00:00,MYOR,RG,1950,2,F,AK,AG,F
14:49:52,MYOR,RG,1940,5,D,NI,CS,F
14:49:51,MYOR,RG,1950,1,F,AK,PD,D
14:49:51,MYOR,RG,1950,11,F,AK,CP,D
14:49:30,MYOR,RG,1940,4,D,XA,CS,F
14:49:23,MYOR,RG,1940,8,D,YP,CS,F
14:49:22,MYOR,RG,1935,3053,D,AZ,CC,D
14:49:22,MYOR,RG,1940,23,F,AK,CC,D
14:49:22,MYOR,RG,1940,79,D,PD,CC,D
14:49:17,MYOR,RG,1940,21,D,PD,CS,F
14:49:17,MYOR,RG,1940,5,D,EP,CS,F
14:49:17,MYOR,RG,1940,2,D,DR,CS,F
14:49:17,MYOR,RG,1940,2,D,XC,CS,F
14:49:17,MYOR,RG,1940,10,D,CC,CS,F
14:49:13,MYOR,RG,1950,1,D,BB,CP,D
14:49:09,MYOR,RG,1950,1,D,BB,CP,D
14:49:09,MYOR,RG,1950,1,D,BB,CP,D
14:49:07,MYOR,RG,1940,38,D,CC,CS,F
14:49:07,MYOR,RG,1940,2,D,CC,CS,F
14:49:07,MYOR,RG,1945,7,D,BB,CS,F
14:49:07,MYOR,RG,1945,2,D,BB,YP,D
14:49:07,MYOR,RG,1950,1,D,BB,CP,D
14:48:57,MYOR,RG,1950,2,D,BB,CP,D
14:48:56,MYOR,RG,1945,22,D,BB,CS,F
14:48:56,MYOR,RG,1945,1,D,BB,CS,F
14:48:56,MYOR,RG,1945,15,D,BB,CS,F
14:48:56,MYOR,RG,1945,15,F,AK,CS,F
14:48:53,MYOR,RG,1950,5,D,BB,CP,D
14:48:51,MYOR,RG,1950,1,D,BB,CP,D
14:48:51,MYOR,RG,1950,2,D,BB,CP,D
14:48:45,MYOR,RG,1945,75,F,AK,CS,F
14:48:45,MYOR,RG,1950,178,F,AK,CP,D
14:48:44,MYOR,RG,1950,6,D,BB,CP,D
14:48:44,MYOR,RG,1950,3,D,BB,CP,D
14:48:29,MYOR,RG,1950,3,D,BB,CP,D
14:48:27,MYOR,RG,1950,5,D,BB,CP,D
14:48:27,MYOR,RG,1950,39,F,AK,CP,D
14:48:27,MYOR,RG,1950,1,D,BB,CP,D
14:48:20,MYOR,RG,1950,2,D,BB,CP,D
14:48:16,MYOR,RG,1950,2,D,BB,CP,D
14:48:15,MYOR,RG,1950,82,F,AK,CP,D
14:48:14,MYOR,RG,1950,4,D,BB,CP,D
14:48:08,MYOR,RG,1950,15,D,BB,CP,D
14:48:02,MYOR,RG,1950,2,D,BB,CP,D
14:48:01,MYOR,RG,1950,8,D,BB,CP,D
14:47:52,MYOR,RG,1950,13,D,YP,CP,D
14:47:52,MYOR,RG,1945,25,F,AK,YP,D
14:47:49,MYOR,RG,1950,28,D,CS,CP,D
14:47:49,MYOR,RG,1950,6,D,CS,CP,D
14:47:45,MYOR,RG,1950,71,F,AK,CP,D
14:47:43,MYOR,RG,1950,7,D,BB,CP,D
14:47:43,MYOR,RG,1950,20,D,BB,OD,D
14:47:43,MYOR,RG,1950,1,D,BB,YP,D
14:47:43,MYOR,RG,1950,5,D,BB,PD,D
14:47:43,MYOR,RG,1950,7,D,BB,YP,D
14:47:29,MYOR,RG,1950,23,D,CS,YP,D
14:47:29,MYOR,RG,1950,8,D,CS,NI,D
14:47:29,MYOR,RG,1950,51,D,CS,CC,D
14:47:11,MYOR,RG,1950,2,D,BB,CC,D
14:47:00,MYOR,RG,1945,52,F,AK,CC,D
14:47:00,MYOR,RG,1945,79,F,AK,CC,D
14:46:58,MYOR,RG,1945,5,D,CS,CC,D
14:46:58,MYOR,RG,1945,14,D,CS,CC,D
14:46:58,MYOR,RG,1945,6,D,CS,CC,D
14:46:54,MYOR,RG,1945,8,D,BB,CC,D
14:46:54,MYOR,RG,1945,14,D,BB,CC,D
14:46:48,MYOR,RG,1945,2,D,CS,CC,D
14:46:48,MYOR,RG,1945,4,D,CS,CC,D
14:46:48,MYOR,RG,1945,5,D,CS,CC,D
14:46:48,MYOR,RG,1945,1,D,CS,CC,D
14:46:39,MYOR,RG,1945,20,D,CS,CC,D
14:46:36,MYOR,RG,1945,2,D,PD,CC,D
14:46:28,MYOR,RG,1945,1,D,CS,CC,D
14:46:28,MYOR,RG,1945,44,D,CS,CC,D
14:46:06,MYOR,RG,1940,66,F,AK,RG,D
14:46:06,MYOR,RG,1940,131,F,AK,RG,D
14:46:06,MYOR,RG,1940,3,F,AK,RG,D
14:46:04,MYOR,RG,1945,1,D,CS,CC,D
14:46:04,MYOR,RG,1945,38,D,CS,CC,D
14:46:04,MYOR,RG,1945,8,D,CS,XC,D
14:46:04,MYOR,RG,1945,23,D,CS,YP,D
14:46:02,MYOR,RG,1945,5,D,PD,BK,F
14:45:58,MYOR,RG,1945,3,D,XL,BK,F
14:45:51,MYOR,RG,1940,9,F,AK,PD,D
14:45:51,MYOR,RG,1940,3,D,BB,PD,D
14:45:51,MYOR,RG,1940,3,D,BB,PD,D
14:45:51,MYOR,RG,1940,10,D,BB,PD,D
14:45:36,MYOR,RG,1940,5,D,BB,AI,D
14:45:30,MYOR,RG,1945,156,F,AK,BK,F
14:45:30,MYOR,RG,1945,6,F,AK,XL,D
14:45:30,MYOR,RG,1945,22,F,AK,CC,D
14:45:21,MYOR,RG,1945,3,D,BB,CC,D
14:44:58,MYOR,RG,1945,50,D,NI,CC,D
14:44:58,MYOR,RG,1945,37,D,BB,CC,D
14:44:41,MYOR,RG,1940,55,F,AK,SQ,D
14:44:36,MYOR,RG,1940,108,F,AK,CC,D
14:44:36,MYOR,RG,1940,223,F,AK,CS,F
14:44:36,MYOR,RG,1940,223,F,AK,CC,D
14:44:35,MYOR,RG,1950,292,D,AZ,CC,D
14:44:35,MYOR,RG,1950,13,D,AZ,XC,D
14:44:35,MYOR,RG,1950,1,D,AZ,XL,D
14:44:35,MYOR,RG,1950,1,D,AZ,XC,D
14:44:35,MYOR,RG,1950,6,D,AZ,XL,D
14:44:35,MYOR,RG,1950,196,D,AZ,CC,D
14:44:35,MYOR,RG,1950,10,D,AZ,CC,D
14:44:35,MYOR,RG,1950,140,D,AZ,CC,D
14:44:35,MYOR,RG,1950,1,D,AZ,YP,D
14:44:35,MYOR,RG,1950,1,D,AZ,YP,D
14:44:35,MYOR,RG,1950,5,D,AZ,XC,D
14:44:35,MYOR,RG,1950,4,D,AZ,XC,D
14:44:35,MYOR,RG,1950,100,D,AZ,EP,D
14:44:35,MYOR,RG,1950,1,D,AZ,YP,D
14:44:35,MYOR,RG,1950,1,D,AZ,XC,D
14:44:35,MYOR,RG,1950,10,D,AZ,YP,D
14:44:35,MYOR,RG,1950,1,D,AZ,XC,D
14:44:35,MYOR,RG,1950,20,D,AZ,YP,D
14:44:35,MYOR,RG,1950,25,D,AZ,XC,D
14:44:35,MYOR,RG,1950,50,D,AZ,PD,D
14:44:35,MYOR,RG,1950,1,D,AZ,YB,D
14:44:35,MYOR,RG,1950,1,D,AZ,XC,D
14:44:35,MYOR,RG,1950,10,D,AZ,AT,D
14:44:35,MYOR,RG,1950,1,D,AZ,PD,D
14:44:35,MYOR,RG,1950,1,D,AZ,PD,D
14:44:35,MYOR,RG,1950,1,D,AZ,PD,D
14:44:35,MYOR,RG,1950,90,D,AZ,PD,D
14:44:35,MYOR,RG,1950,31,D,AZ,SQ,D
14:44:35,MYOR,RG,1950,2,D,AZ,DH,D
14:44:35,MYOR,RG,1950,20,D,AZ,DH,D
14:44:35,MYOR,RG,1950,425,D,AZ,DX,D
14:44:35,MYOR,RG,1950,61,D,AZ,XC,D
14:44:35,MYOR,RG,1950,40,D,AZ,YP,D
14:44:35,MYOR,RG,1950,20,D,AZ,YP,D
14:44:35,MYOR,RG,1950,1,D,AZ,YP,D
14:44:35,MYOR,RG,1950,1,D,AZ,XC,D
14:44:35,MYOR,RG,1950,4,D,AZ,CC,D
14:44:35,MYOR,RG,1950,2,D,AZ,XC,D
14:44:35,MYOR,RG,1950,30,D,AZ,YP,D
14:44:35,MYOR,RG,1950,300,D,AZ,LS,D
14:44:35,MYOR,RG,1950,2,D,AZ,XC,D
14:44:35,MYOR,RG,1950,10,D,AZ,YP,D
14:44:35,MYOR,RG,1950,15,D,AZ,KK,D
14:44:35,MYOR,RG,1950,13,D,AZ,PD,D
14:44:35,MYOR,RG,1950,5,D,AZ,KK,D
14:44:35,MYOR,RG,1950,10,D,AZ,AT,D
14:44:35,MYOR,RG,1950,1,D,AZ,EP,D
14:44:35,MYOR,RG,1945,4,D,AZ,PD,D
14:44:35,MYOR,RG,1945,2,D,AZ,XL,D
14:44:35,MYOR,RG,1945,10,D,AZ,YP,D
14:44:35,MYOR,RG,1945,17,D,AZ,OD,D
14:44:35,MYOR,RG,1945,155,D,AZ,AZ,D
14:44:35,MYOR,RG,1945,2,D,AZ,KK,D
14:44:35,MYOR,RG,1945,20,D,AZ,DR,D
14:44:35,MYOR,RG,1945,112,D,AZ,CC,D
14:44:35,MYOR,RG,1945,500,D,AZ,CC,D
14:44:35,MYOR,RG,1945,1,D,AZ,PD,D
14:44:35,MYOR,RG,1945,190,D,AZ,AK,F
14:44:35,MYOR,RG,1945,19,D,AZ,XC,D
14:44:35,MYOR,RG,1945,500,D,AZ,DX,D
14:44:35,MYOR,RG,1940,30,D,AZ,YP,D
14:44:35,MYOR,RG,1940,364,D,AZ,CS,F
14:44:35,MYOR,RG,1940,620,D,AZ,AK,F
14:44:35,MYOR,RG,1940,50,D,AZ,LG,D
14:44:35,MYOR,RG,1940,58,D,AZ,CS,F
14:44:35,MYOR,RG,1940,127,D,AZ,CS,F
14:44:35,MYOR,RG,1940,223,D,AZ,CC,D
14:44:35,MYOR,RG,1940,6,D,AZ,DH,D
14:44:35,MYOR,RG,1940,14,D,AZ,LG,D
14:44:32,MYOR,RG,1940,36,D,CC,LG,D
14:44:32,MYOR,RG,1940,25,D,CC,LG,D
14:44:32,MYOR,RG,1940,64,D,CC,CC,D
14:44:20,MYOR,RG,1940,2,F,AK,CC,D
14:44:19,MYOR,RG,1935,52,D,AZ,AG,F
14:44:02,MYOR,RG,1940,1,D,CC,CC,D
14:43:59,MYOR,RG,1940,11,D,KK,CC,D
14:43:53,MYOR,RG,1940,25,D,BB,CC,D
14:43:46,MYOR,RG,1940,897,F,ZP,CC,D
14:43:46,MYOR,RG,1940,223,F,ZP,CC,D
14:43:46,MYOR,RG,1940,3,F,ZP,XC,D
14:43:46,MYOR,RG,1940,100,F,ZP,LG,D
14:43:46,MYOR,RG,1940,5,F,ZP,CC,D
14:43:46,MYOR,RG,1940,1,F,ZP,PD,D
14:43:46,MYOR,RG,1940,2,F,ZP,XC,D
14:43:46,MYOR,RG,1940,50,F,ZP,LG,D
14:43:46,MYOR,RG,1940,4,F,ZP,CC,D
14:43:46,MYOR,RG,1940,133,F,ZP,CS,F
14:43:46,MYOR,RG,1940,3,F,ZP,XL,D
14:43:46,MYOR,RG,1940,325,F,ZP,CS,F
14:43:46,MYOR,RG,1940,2,F,ZP,XC,D
14:43:46,MYOR,RG,1940,199,F,ZP,CS,F
14:43:46,MYOR,RG,1940,403,F,ZP,CS,F
14:43:46,MYOR,RG,1940,550,F,ZP,DX,D
14:43:41,MYOR,RG,1935,1,D,AZ,BQ,D
14:43:30,MYOR,RG,1940,200,F,AK,DX,D
14:43:30,MYOR,RG,1940,94,F,AK,CS,F
14:43:06,MYOR,RG,1940,1,D,XL,CS,F
14:42:48,MYOR,RG,1940,16,D,EP,CS,F
14:42:31,MYOR,RG,1935,9,D,AZ,DR,D
14:42:00,MYOR,RG,1935,10,D,AZ,CC,D
14:42:00,MYOR,RG,1940,32,D,CC,CS,F
14:42:00,MYOR,RG,1940,2,D,CC,CC,D
14:41:09,MYOR,RG,1935,55,D,AZ,PD,D
14:40:26,MYOR,RG,1935,25,D,AZ,LG,D
14:40:08,MYOR,RG,1935,5,D,AZ,ZP,D
14:39:23,MYOR,RG,1935,20,D,AZ,CC,F
14:39:23,MYOR,RG,1935,619,D,AZ,AK,F
14:39:23,MYOR,RG,1935,200,D,AZ,BK,F
14:39:23,MYOR,RG,1935,99,D,AZ,AG,D
14:38:05,MYOR,RG,1935,1,D,BB,AG,D
14:38:03,MYOR,RG,1935,3,D,BB,CS,F
14:38:01,MYOR,RG,1935,5,D,BB,CS,F
14:38:01,MYOR,RG,1935,4,D,BB,CS,F
14:37:58,MYOR,RG,1935,41,F,AK,AK,F
14:37:58,MYOR,RG,1935,125,F,AK,PD,D
14:37:56,MYOR,RG,1930,128,D,AZ,CS,F
14:37:56,MYOR,RG,1935,27,D,NI,CS,F
14:37:56,MYOR,RG,1935,20,D,YP,CS,F
14:37:56,MYOR,RG,1935,27,D,CP,CS,F
14:37:56,MYOR,RG,1935,473,D,CP,CC,D
14:37:56,MYOR,RG,1935,92,D,CS,CC,D
14:37:56,MYOR,RG,1935,10,D,KK,CC,D
14:37:56,MYOR,RG,1935,25,D,YP,CC,D
14:37:56,MYOR,RG,1935,8,D,PD,CC,D
14:37:56,MYOR,RG,1935,2,D,PD,CC,D
14:37:56,MYOR,RG,1935,1,D,CC,CC,D
14:37:56,MYOR,RG,1935,57,D,YP,CC,D
14:37:56,MYOR,RG,1935,198,D,CS,CC,D
14:37:56,MYOR,RG,1935,1,D,CS,CC,D
14:37:56,MYOR,RG,1935,5,D,PD,CC,D
14:37:56,MYOR,RG,1935,66,D,CS,CC,D
14:37:56,MYOR,RG,1935,7,D,CS,CC,D
14:37:56,MYOR,RG,1935,6,D,KK,CC,D
14:37:56,MYOR,RG,1935,1,D,XC,CC,D
14:37:56,MYOR,RG,1935,121,D,CS,CC,D
14:37:56,MYOR,RG,1935,42,D,CS,CC,D
14:37:56,MYOR,RG,1935,122,D,CS,CC,D
14:37:56,MYOR,RG,1935,109,F,AK,CC,D
14:37:56,MYOR,RG,1935,1,D,EP,CC,D
14:37:56,MYOR,RG,1935,111,F,AK,CC,D
14:37:56,MYOR,RG,1935,101,F,AK,CC,D
14:37:56,MYOR,RG,1935,112,F,AK,CC,D
14:37:56,MYOR,RG,1935,46,D,CS,CC,D
14:37:56,MYOR,RG,1935,119,D,BB,CC,D
14:37:56,MYOR,RG,1935,18,D,BB,CC,D
14:37:56,MYOR,RG,1935,102,D,BB,CC,D
14:37:56,MYOR,RG,1935,44,D,CS,CC,D
14:37:00,MYOR,RG,1940,60,F,AK,CC,D
14:37:00,MYOR,RG,1940,2,F,AK,GR,D
14:37:00,MYOR,RG,1940,15,F,AK,AO,D
14:37:00,MYOR,RG,1940,3,F,AK,KK,D
14:37:00,MYOR,RG,1940,1,F,AK,EP,D
14:37:00,MYOR,RG,1940,20,F,AK,OD,D
14:37:00,MYOR,RG,1940,71,F,AK,DX,D
14:36:42,MYOR,RG,1940,94,D,XL,DX,D
14:36:28,MYOR,RG,1940,18,D,BB,DX,D
14:36:26,MYOR,RG,1935,89,D,CS,LG,D
14:36:26,MYOR,RG,1935,11,D,AZ,LG,D
14:36:21,MYOR,RG,1935,250,D,AZ,DX,D
14:36:16,MYOR,RG,1940,128,D,LG,DX,D
14:36:04,MYOR,RG,1935,1,D,AZ,CS,F
14:36:04,MYOR,RG,1935,646,D,AZ,CS,F
14:35:38,MYOR,RG,1940,124,D,BB,DX,D
14:35:24,MYOR,RG,1940,140,D,CS,DX,D
14:35:24,MYOR,RG,1940,30,D,CS,KK,D
14:35:24,MYOR,RG,1940,50,D,CS,LG,D
14:35:24,MYOR,RG,1940,2,D,CS,NI,D
14:35:24,MYOR,RG,1940,15,D,CS,YP,D
14:35:24,MYOR,RG,1940,223,D,CS,CC,D
14:35:24,MYOR,RG,1940,9,D,CS,CC,D
14:35:21,MYOR,RG,1935,200,D,AZ,SQ,D
14:35:00,MYOR,RG,1935,100,D,AZ,KK,D
14:34:15,MYOR,RG,1940,166,F,AK,CC,D
14:34:02,MYOR,RG,1940,1,D,AI,CC,D
14:34:01,MYOR,RG,1935,5,D,AZ,DR,D
14:33:29,MYOR,RG,1935,2,D,AZ,PD,D
14:33:13,MYOR,RG,1935,100,D,AZ,LG,D
14:32:21,MYOR,RG,1935,6,D,AZ,XL,D
14:31:54,MYOR,RG,1940,50,D,YP,CC,D
14:31:11,MYOR,RG,1935,3,D,AZ,XL,D
14:31:09,MYOR,RG,1940,86,D,BB,CC,D
14:30:32,MYOR,RG,1935,1,D,AZ,EP,D
14:30:15,MYOR,RG,1940,177,F,AK,CC,D
14:29:24,MYOR,RG,1940,1,D,SQ,CC,D
14:29:04,MYOR,RG,1940,10,D,BB,CC,D
14:29:04,MYOR,RG,1940,3,D,BB,NI,D
14:29:04,MYOR,RG,1940,3,D,BB,NI,D
14:29:04,MYOR,RG,1940,2,D,BB,AZ,D
14:29:04,MYOR,RG,1940,21,D,BB,XC,D
14:29:04,MYOR,RG,1940,12,D,BB,LG,D
14:29:02,MYOR,RG,1940,13,D,BB,LG,D
14:28:49,MYOR,RG,1935,1,D,AZ,XC,D
14:28:39,MYOR,RG,1935,2,D,AZ,PD,D
14:28:31,MYOR,RG,1935,10,D,AZ,ZP,D
14:26:37,MYOR,RG,1935,50,D,AZ,LG,D
14:25:46,MYOR,RG,1935,4,D,AZ,CC,D
14:25:07,MYOR,RG,1935,10,D,AZ,KK,D
14:24:02,MYOR,RG,1935,32,D,AZ,SQ,D
14:21:40,MYOR,RG,1935,10,D,AZ,YP,D
14:21:28,MYOR,RG,1935,380,D,AZ,AK,F
14:21:27,MYOR,RG,1935,5,D,AZ,XC,D
14:21:27,MYOR,RG,1935,137,D,AZ,CS,F
14:21:27,MYOR,RG,1935,79,D,AZ,CS,F
14:21:27,MYOR,RG,1935,84,D,AZ,CS,F
14:21:27,MYOR,RG,1935,113,D,AZ,CS,F
14:21:27,MYOR,RG,1935,205,D,AZ,CS,F
14:21:27,MYOR,RG,1935,85,D,AZ,CS,F
14:21:27,MYOR,RG,1935,155,D,AZ,CS,F
14:21:27,MYOR,RG,1935,31,D,AZ,CS,F
14:21:27,MYOR,RG,1935,100,D,AZ,LG,D
14:21:27,MYOR,RG,1935,165,D,AZ,CS,F
14:21:27,MYOR,RG,1935,1029,D,AZ,BK,F
14:21:27,MYOR,RG,1935,988,D,AZ,CC,D
14:21:24,MYOR,RG,1935,7,D,XL,CC,D
14:20:24,MYOR,RG,1930,25,D,AZ,PD,D
14:19:50,MYOR,RG,1935,5,D,BB,CC,D
14:19:46,MYOR,RG,1930,2,D,AZ,CC,D
14:19:11,MYOR,RG,1930,609,D,AZ,YP,D
14:19:11,MYOR,RG,1930,391,D,CP,YP,D
14:19:01,MYOR,RG,1930,10,D,CP,DR,D
14:17:51,MYOR,RG,1930,99,D,CP,CS,F
14:17:51,MYOR,RG,1935,6,D,NI,CS,F
14:17:51,MYOR,RG,1935,43,D,CS,CS,F
14:17:51,MYOR,RG,1935,104,F,AK,CS,F
14:17:51,MYOR,RG,1935,8,D,NI,CS,F
14:17:51,MYOR,RG,1935,6,F,BK,CS,F
14:17:51,MYOR,RG,1935,5,D,YB,CS,F
14:17:51,MYOR,RG,1935,1,D,PD,CS,F
14:17:51,MYOR,RG,1935,1,D,XC,CS,F
14:17:51,MYOR,RG,1935,3,D,YP,CS,F
14:17:51,MYOR,RG,1935,10,D,PD,CS,F
14:17:51,MYOR,RG,1935,2,D,CS,CC,D
14:17:51,MYOR,RG,1935,91,F,AK,CC,D
14:17:51,MYOR,RG,1935,2,D,PD,CC,D
14:17:51,MYOR,RG,1935,122,D,CC,CC,D
14:17:51,MYOR,RG,1935,4,D,BB,CC,D
14:17:51,MYOR,RG,1935,15,F,BK,CC,D
14:17:51,MYOR,RG,1935,181,D,BB,CC,D
14:17:51,MYOR,RG,1935,158,F,AK,CC,D
14:17:51,MYOR,RG,1935,3,D,PD,CC,D
14:17:51,MYOR,RG,1935,2,D,PD,CC,D
14:17:51,MYOR,RG,1935,106,D,CS,CC,D
14:17:51,MYOR,RG,1935,119,D,CS,CC,D
14:17:51,MYOR,RG,1935,52,D,YP,CC,D
14:17:51,MYOR,RG,1935,2,D,XC,CC,D
14:17:51,MYOR,RG,1935,122,D,CS,CC,D
14:17:51,MYOR,RG,1935,11,D,PD,CC,D
14:17:51,MYOR,RG,1935,82,D,BB,CC,D
14:17:51,MYOR,RG,1935,99,F,AK,CC,D
14:17:51,MYOR,RG,1935,1,D,PD,CC,D
14:17:51,MYOR,RG,1935,1,D,XC,CC,D
14:17:51,MYOR,RG,1935,1,D,XC,CC,D
14:17:51,MYOR,RG,1935,824,F,ZP,CC,D
14:17:44,MYOR,RG,1935,9,F,ZP,YP,D
14:17:37,MYOR,RG,1940,2,D,BB,CS,F
14:16:56,MYOR,RG,1935,25,F,ZP,YP,D
14:16:10,MYOR,RG,1935,50,F,ZP,LG,D
14:16:09,MYOR,RG,1935,3,F,ZP,XC,D
14:13:00,MYOR,RG,1940,34,D,CC,CS,F
14:13:00,MYOR,RG,1940,94,D,CC,CS,F
14:12:54,MYOR,RG,1935,2,F,ZP,CC,D
14:12:48,MYOR,RG,1940,1,D,IF,CS,F
14:11:41,MYOR,RG,1935,587,F,ZP,CS,F
14:11:41,MYOR,RG,1935,3,D,CS,CS,F
14:10:31,MYOR,RG,1940,5,D,EP,CS,F
14:09:49,MYOR,RG,1935,22,D,CS,LG,D
14:09:49,MYOR,RG,1935,28,D,CS,LG,D
14:08:54,MYOR,RG,1935,2,D,CS,CC,D
14:08:54,MYOR,RG,1940,5,D,XL,CS,F
14:08:37,MYOR,RG,1940,10,D,CC,CS,F
14:08:07,MYOR,RG,1940,67,D,BB,CS,F
14:07:51,MYOR,RG,1940,23,D,BB,CS,F
14:07:51,MYOR,RG,1940,38,D,BB,DX,D
14:07:41,MYOR,RG,1935,10,D,CS,CC,D
14:07:20,MYOR,RG,1935,1,D,CS,XL,D
14:07:10,MYOR,RG,1935,52,D,CS,CC,D
14:07:10,MYOR,RG,1935,102,F,BK,CC,D
14:07:10,MYOR,RG,1935,110,F,AK,CC,D
14:07:10,MYOR,RG,1935,160,D,CS,CC,D
14:07:10,MYOR,RG,1935,10,D,PD,CC,D
14:07:10,MYOR,RG,1935,1,D,BB,CC,D
14:07:10,MYOR,RG,1935,47,F,BK,CC,D
14:07:10,MYOR,RG,1935,13,D,BB,CC,D
14:07:10,MYOR,RG,1935,5,D,XC,CC,D
14:07:10,MYOR,RG,1935,15,D,CS,CC,D
14:07:10,MYOR,RG,1935,1,D,XC,CC,D
14:07:10,MYOR,RG,1935,89,D,CS,CC,D
14:07:10,MYOR,RG,1935,5,D,YP,CC,D
14:07:10,MYOR,RG,1935,83,F,AK,CC,D
14:07:10,MYOR,RG,1935,4,D,DR,CC,D
14:07:10,MYOR,RG,1935,80,F,AK,CC,D
14:07:10,MYOR,RG,1935,91,D,CS,CC,D
14:07:10,MYOR,RG,1935,14,F,BK,CC,D
14:07:10,MYOR,RG,1935,88,D,CS,CC,D
14:07:10,MYOR,RG,1935,530,D,AZ,CC,D
14:06:53,MYOR,RG,1940,3,D,BB,DX,D
14:06:45,MYOR,RG,1940,97,F,AK,DX,D
14:06:10,MYOR,RG,1935,3,D,AZ,YP,D
14:05:15,MYOR,RG,1940,93,F,AK,DX,D
14:05:02,MYOR,RG,1935,3,D,AZ,XC,D
14:04:53,MYOR,RG,1940,3,D,BB,DX,D
14:04:42,MYOR,RG,1935,15,D,AZ,AZ,D
14:04:33,MYOR,RG,1935,500,D,AZ,AK,F
14:04:32,MYOR,RG,1935,5,D,AZ,YP,D
14:04:15,MYOR,RG,1940,3,D,XC,DX,D
14:03:45,MYOR,RG,1940,16,F,AK,DX,D
14:03:45,MYOR,RG,1940,25,F,AK,ZP,D
14:03:45,MYOR,RG,1940,35,F,AK,CS,F
14:03:45,MYOR,RG,1940,3,F,AK,GR,D
14:03:45,MYOR,RG,1940,5,F,AK,XC,D
14:03:45,MYOR,RG,1940,1,F,AK,XC,D
14:03:45,MYOR,RG,1940,4,F,AK,BK,F
14:03:35,MYOR,RG,1935,1,D,AZ,XL,D
14:02:47,MYOR,RG,1940,4,D,BB,BK,F
14:01:59,MYOR,RG,1940,25,D,YP,BK,F
14:01:59,MYOR,RG,1940,106,D,BB,BK,F
14:01:58,MYOR,RG,1940,22,F,BK,BK,F
14:01:53,MYOR,RG,1940,52,F,BK,BK,F
14:01:50,MYOR,RG,1935,500,D,AZ,BK,F
14:01:50,MYOR,RG,1935,500,D,AZ,BK,F
14:01:50,MYOR,RG,1935,20,D,AZ,CC,D
14:01:50,MYOR,RG,1935,500,D,AZ,BK,F
14:01:49,MYOR,RG,1935,1031,D,AZ,CS,F
14:01:45,MYOR,RG,1940,96,F,AK,AK,F
14:00:40,MYOR,RG,1940,3,D,BB,AK,F
14:00:39,MYOR,RG,1935,35,D,AZ,KK,D
14:00:38,MYOR,RG,1940,60,D,CC,AK,F
14:00:38,MYOR,RG,1940,141,D,CC,CS,F
13:59:47,MYOR,RG,1940,3,D,EP,CS,F
13:59:43,MYOR,RG,1940,15,D,CC,CS,F
13:59:25,MYOR,RG,1940,1,D,XC,CS,F
13:59:21,MYOR,RG,1935,14,D,AZ,NI,D
13:58:39,MYOR,RG,1940,3,D,BB,CS,F
13:57:52,MYOR,RG,1935,305,D,AZ,AK,F
13:57:51,MYOR,RG,1935,305,D,AZ,AK,F
13:57:51,MYOR,RG,1935,305,D,AZ,AK,F
13:57:37,MYOR,RG,1935,1,D,AZ,XC,D
13:57:29,MYOR,RG,1935,40,D,AZ,CC,D
13:56:31,MYOR,RG,1940,3,D,BB,CS,F
13:56:03,MYOR,RG,1935,387,D,AZ,YP,D
13:56:03,MYOR,RG,1935,12,D,CS,YP,D
13:56:03,MYOR,RG,1935,146,D,CS,YP,D
13:56:03,MYOR,RG,1935,1,D,KK,YP,D
13:56:03,MYOR,RG,1935,10,D,EP,YP,D
13:56:03,MYOR,RG,1935,89,F,BK,YP,D
13:56:03,MYOR,RG,1935,83,F,AK,YP,D
13:56:03,MYOR,RG,1935,109,D,CS,YP,D
13:56:03,MYOR,RG,1935,4,D,BB,YP,D
13:56:03,MYOR,RG,1935,102,F,BK,YP,D
13:56:03,MYOR,RG,1935,57,D,CC,YP,D
13:55:27,MYOR,RG,1940,4,D,BB,CS,F
13:54:45,MYOR,RG,1940,20,F,AK,CS,F
13:54:45,MYOR,RG,1940,64,F,AK,DX,D
13:54:31,MYOR,RG,1940,4,D,BB,DX,D
13:54:24,MYOR,RG,1940,112,D,CS,DX,D
13:52:48,MYOR,RG,1940,1,D,PD,DX,D
13:52:34,MYOR,RG,1940,2,D,XC,DX,D
13:52:24,MYOR,RG,1940,3,D,BB,DX,D
13:52:04,MYOR,RG,1940,1,D,PD,DX,D
13:51:58,MYOR,RG,1940,1,D,XC,DX,D
13:51:39,MYOR,RG,1940,25,D,XL,DX,D
13:51:25,MYOR,RG,1940,3,D,YU,DX,D
13:51:20,MYOR,RG,1940,107,D,CS,DX,D
13:51:15,MYOR,RG,1940,110,F,AK,DX,D
13:50:18,MYOR,RG,1940,2,D,BB,DX,D
13:49:55,MYOR,RG,1935,20,D,CC,NI,D
13:47:35,MYOR,RG,1935,53,D,CC,AK,F
13:47:35,MYOR,RG,1935,93,F,AK,AK,F
13:47:35,MYOR,RG,1935,5,D,PD,AK,F
13:47:35,MYOR,RG,1935,5,D,PD,AK,F
13:47:35,MYOR,RG,1935,44,F,ZP,AK,F
13:47:35,MYOR,RG,1940,16,F,BK,DX,D
13:47:35,MYOR,RG,1935,156,F,ZP,AK,F
13:47:35,MYOR,RG,1935,5,D,DH,AK,F
13:47:35,MYOR,RG,1935,10,D,KK,AK,F
13:47:35,MYOR,RG,1935,29,D,AZ,AK,F
13:47:35,MYOR,RG,1935,126,D,AZ,AK,F
13:47:35,MYOR,RG,1935,50,D,DX,AK,F
13:47:35,MYOR,RG,1935,1,D,NI,AK,F
13:47:35,MYOR,RG,1935,1,D,XC,AK,F
13:47:35,MYOR,RG,1935,22,D,NI,AK,F
13:47:34,MYOR,RG,1935,60,D,NI,AK,F
13:47:34,MYOR,RG,1935,7,D,XC,AK,F
13:47:34,MYOR,RG,1935,1,D,XL,AK,F
13:47:34,MYOR,RG,1935,30,D,CC,AK,F
13:47:34,MYOR,RG,1935,100,D,PD,AK,F
13:47:34,MYOR,RG,1935,1,D,PD,AK,F
13:47:34,MYOR,RG,1935,1,D,PD,AK,F
13:47:34,MYOR,RG,1935,4,D,PD,AK,F
13:47:34,MYOR,RG,1935,196,D,AT,AK,F
13:47:33,MYOR,RG,1935,5,D,AT,GR,D
13:46:02,MYOR,RG,1940,16,F,BK,DX,D
13:45:59,MYOR,RG,1940,33,F,BK,DX,D
13:45:57,MYOR,RG,1940,49,D,BB,AK,F
13:45:57,MYOR,RG,1940,136,D,BB,CC,D
13:45:57,MYOR,RG,1940,8,D,BB,CC,D
13:45:57,MYOR,RG,1940,22,D,BB,CC,D
13:45:57,MYOR,RG,1940,68,D,BB,CS,F
13:45:57,MYOR,RG,1940,37,D,CS,CS,F
13:45:57,MYOR,RG,1940,73,D,CS,CS,F
13:45:57,MYOR,RG,1940,661,D,BB,CS,F
13:45:57,MYOR,RG,1940,178,D,BB,CC,D
13:45:57,MYOR,RG,1940,178,D,BB,CC,D
13:45:57,MYOR,RG,1940,250,D,BB,CS,F
13:45:57,MYOR,RG,1940,500,D,BB,DX,D
13:45:57,MYOR,RG,1940,20,D,BB,AZ,D
13:45:57,MYOR,RG,1940,10,D,BB,CC,D
13:45:57,MYOR,RG,1940,338,D,BB,CS,F
13:45:57,MYOR,RG,1940,170,D,BB,AK,F
13:45:57,MYOR,RG,1940,15,D,BB,XC,D
13:45:57,MYOR,RG,1940,7,D,BB,DX,D
13:45:57,MYOR,RG,1940,30,D,BB,SQ,D
13:45:57,MYOR,RG,1940,5,D,BB,CC,D
13:45:57,MYOR,RG,1940,1,D,BB,XC,D
13:45:57,MYOR,RG,1940,9,D,BB,YP,D
13:45:57,MYOR,RG,1940,178,D,BB,CC,D
13:45:57,MYOR,RG,1940,10,D,BB,PD,D
13:45:57,MYOR,RG,1940,328,D,BB,CS,F
13:45:57,MYOR,RG,1940,500,D,BB,CC,D
13:45:57,MYOR,RG,1940,10,D,BB,XC,D
13:45:57,MYOR,RG,1940,5,D,BB,CS,F
13:45:57,MYOR,RG,1940,306,D,BB,CS,F
13:45:57,MYOR,RG,1940,68,D,BB,CS,F
13:45:57,MYOR,RG,1940,150,D,BB,DX,D
13:45:57,MYOR,RG,1940,236,D,BB,CS,F
13:45:57,MYOR,RG,1940,12,D,BB,CS,F
13:45:57,MYOR,RG,1940,399,D,BB,CC,D
13:45:46,MYOR,RG,1940,30,D,PD,CC,D
13:43:58,MYOR,RG,1940,4,D,BB,CC,D
13:43:03,MYOR,RG,1940,25,D,XC,CC,D
13:42:49,MYOR,RG,1940,1,D,EP,CC,D
13:41:39,MYOR,RG,1940,20,D,NI,CC,D
13:41:36,MYOR,RG,1940,4,D,BB,CC,D
13:39:15,MYOR,RG,1940,3,D,BB,CC,D
13:38:51,MYOR,RG,1935,1,D,AT,CP,D
13:36:55,MYOR,RG,1940,1,D,BB,CC,D
13:36:43,MYOR,RG,1940,1,D,YP,CC,D
13:36:43,MYOR,RG,1940,10,D,BB,CC,D
13:36:18,MYOR,RG,1940,1,D,YP,CC,D
13:34:58,MYOR,RG,1940,1,D,PD,CC,D
13:34:16,MYOR,RG,1940,174,F,BK,CS,F
13:34:16,MYOR,RG,1940,14,D,CS,CS,F
13:34:16,MYOR,RG,1940,1,D,BB,CS,F
13:34:16,MYOR,RG,1940,21,D,CS,CS,F
13:34:16,MYOR,RG,1940,104,D,SQ,CS,F
13:34:14,MYOR,RG,1940,4,D,SQ,CS,F
13:34:14,MYOR,RG,1940,192,D,SQ,CS,F
13:34:14,MYOR,RG,1940,350,D,SQ,DX,D
13:34:02,MYOR,RG,1935,49,D,AT,TF,D
13:34:02,MYOR,RG,1935,10,D,YP,TF,D
13:34:02,MYOR,RG,1935,1,D,XA,TF,D
13:34:01,MYOR,RG,1935,1,D,XA,PD,D
13:34:01,MYOR,RG,1935,2,D,PD,PD,D
13:32:57,MYOR,RG,1940,2,D,BB,CS,F
13:32:56,MYOR,RG,1940,537,D,EP,CS,F
13:32:56,MYOR,RG,1940,10,D,EP,TP,D
13:32:56,MYOR,RG,1940,393,D,EP,BK,F
13:32:56,MYOR,RG,1940,20,D,EP,PD,D
13:32:56,MYOR,RG,1940,20,D,EP,CS,F
13:32:56,MYOR,RG,1940,20,D,EP,NI,D
13:30:50,MYOR,RG,1940,3,D,XL,BK,F
13:30:50,MYOR,RG,1940,2,D,XL,XL,D
13:30:36,MYOR,RG,1950,99,D,XL,CS,F
13:30:36,MYOR,RG,1945,1,D,XL,XL,D
13:30:29,MYOR,RG,1950,6,D,XL,CS,F
13:30:29,MYOR,RG,1940,1,D,XL,CS,F
13:30:29,MYOR,RG,1940,1,D,XL,XL,D
13:30:17,MYOR,RG,1940,14,F,CC,CS,F
13:30:17,MYOR,RG,1940,1,D,YP,CS,F
13:30:17,MYOR,RG,1940,5,D,YP,CS,F
13:30:17,MYOR,RG,1940,32,D,YP,CS,F
13:30:17,MYOR,RG,1940,1,D,YP,CS,F
13:30:17,MYOR,RG,1940,5,D,YP,CS,F
13:30:17,MYOR,RG,1940,1,D,XC,CS,F
13:30:08,MYOR,RG,1945,1,D,YP,AK,F
13:30:07,MYOR,RG,1950,8,D,CC,CS,F
13:30:07,MYOR,RG,1950,19,D,CC,CC,D
13:30:06,MYOR,RG,1950,224,F,AK,CC,D
13:30:05,MYOR,RG,1950,5,D,CC,CC,D
13:30:05,MYOR,RG,1940,11,F,BK,YP,D
13:30:04,MYOR,RG,1940,129,F,BK,CS,F
13:30:04,MYOR,RG,1940,18,D,XC,CS,F
13:30:04,MYOR,RG,1940,5,D,XC,CS,F
13:30:04,MYOR,RG,1940,2,D,BB,CS,F
13:30:04,MYOR,RG,1940,4,D,BB,CS,F
13:30:04,MYOR,RG,1940,2,D,XC,CS,F
13:30:04,MYOR,RG,1940,3,D,AT,CS,F
13:30:04,MYOR,RG,1950,10,D,CC,CC,D
13:30:04,MYOR,RG,1950,1,D,YP,CC,D
13:30:04,MYOR,RG,1950,1,D,XC,CC,D
13:30:03,MYOR,RG,1940,2,D,AT,CS,F
13:30:03,MYOR,RG,1940,1,D,NI,CS,F
13:30:03,MYOR,RG,1940,7,D,PD,CS,F
13:30:03,MYOR,RG,1940,100,D,SQ,CS,F
13:30:03,MYOR,RG,1940,19,D,PD,CS,F
13:30:03,MYOR,RG,1945,4,D,BB,CS,F
13:30:03,MYOR,RG,1945,7,D,BB,CS,F
13:30:03,MYOR,RG,1945,55,D,PD,CS,F
13:30:03,MYOR,RG,1950,2,D,XC,CC,D
13:30:02,MYOR,RG,1950,3,D,DX,CC,D
13:30:02,MYOR,RG,1950,1,D,XC,CC,D
13:30:02,MYOR,RG,1950,1,D,PD,CC,D
13:30:02,MYOR,RG,1950,1,D,XC,CC,D
13:30:02,MYOR,RG,1945,15,D,PD,PD,D
13:30:02,MYOR,RG,1950,1,D,OD,XC,D
13:30:02,MYOR,RG,1950,11,D,OD,XC,D
13:30:02,MYOR,RG,1950,10,D,OD,PD,D
13:30:02,MYOR,RG,1950,27,D,OD,CS,F
13:30:02,MYOR,RG,1950,7,D,OD,CS,F
13:30:02,MYOR,RG,1950,1,D,PD,CS,F
13:30:01,MYOR,RG,1950,50,D,AT,CS,F
13:30:01,MYOR,RG,1950,10,D,PD,CS,F
13:30:01,MYOR,RG,1950,1,D,PD,CS,F
13:30:01,MYOR,RG,1940,1,D,PD,PD,D
13:30:01,MYOR,RG,1950,15,D,PD,CS,F
13:30:01,MYOR,RG,1950,8,D,KK,CS,F
13:30:01,MYOR,RG,1940,2,D,BB,CS,F
13:30:01,MYOR,RG,1940,16,D,CS,CS,F
13:30:01,MYOR,RG,1940,44,D,CS,CS,F
13:30:01,MYOR,RG,1940,1,D,BB,CS,F
13:30:01,MYOR,RG,1940,43,D,CS,CS,F
13:30:01,MYOR,RG,1940,41,D,CS,CS,F
13:30:01,MYOR,RG,1940,22,D,CC,CS,F
13:30:01,MYOR,RG,1940,95,D,CS,CS,F
13:30:01,MYOR,RG,1940,92,D,CS,CS,F
13:30:01,MYOR,RG,1940,94,D,CS,CS,F
13:30:01,MYOR,RG,1940,114,D,CS,CS,F
13:30:01,MYOR,RG,1940,20,D,KK,CS,F
13:30:01,MYOR,RG,1940,50,D,YP,CS,F
13:30:01,MYOR,RG,1940,61,D,CS,CS,F
13:30:01,MYOR,RG,1940,47,D,CS,CS,F
13:30:01,MYOR,RG,1940,79,D,CS,CS,F
13:30:01,MYOR,RG,1940,1,D,CS,CS,F
13:30:01,MYOR,RG,1940,65,D,CS,CS,F
13:30:01,MYOR,RG,1940,1,D,NI,CS,F
13:30:01,MYOR,RG,1940,37,D,CS,CS,F
13:30:01,MYOR,RG,1940,7,D,CS,CS,F
13:30:01,MYOR,RG,1940,17,D,CS,CS,F
13:30:01,MYOR,RG,1940,30,D,CS,CS,F
13:30:01,MYOR,RG,1940,2,D,DX,CS,F
13:30:01,MYOR,RG,1940,1,D,XC,CS,F
13:30:01,MYOR,RG,1940,53,D,CS,CS,F
13:30:01,MYOR,RG,1940,4,D,CS,CS,F
13:30:01,MYOR,RG,1940,1,D,XC,CS,F
13:30:01,MYOR,RG,1940,1500,D,AZ,CS,F
13:30:01,MYOR,RG,1940,1,D,CS,CS,F
13:30:01,MYOR,RG,1940,8,D,CS,CS,F
13:30:01,MYOR,RG,1940,38,D,CS,CS,F
13:30:01,MYOR,RG,1940,9,D,CS,CS,F
11:29:52,MYOR,RG,1950,5,F,AK,CS,F
11:29:52,MYOR,RG,1950,3,F,AK,CS,F
11:29:52,MYOR,RG,1950,2,F,AK,CS,F
11:29:51,MYOR,RG,1950,1,D,BB,CS,F
11:29:17,MYOR,RG,1950,1,D,BB,CS,F
11:29:06,MYOR,RG,1950,1,D,XC,CS,F
11:28:52,MYOR,RG,1950,1,D,BB,CS,F
11:28:52,MYOR,RG,1945,16,F,BK,CS,F
11:28:52,MYOR,RG,1945,43,F,AK,CS,F
11:28:52,MYOR,RG,1950,8,F,AK,CS,F
11:28:30,MYOR,RG,1950,1,D,BB,CS,F
11:28:22,MYOR,RG,1950,24,F,AK,CS,F
11:28:07,MYOR,RG,1950,14,F,AK,CS,F
11:27:58,MYOR,RG,1940,1,F,BK,XC,D
11:27:55,MYOR,RG,1950,12,D,BB,CS,F
11:27:40,MYOR,RG,1940,1,F,BK,PD,D
11:27:19,MYOR,RG,1950,1,D,BB,CS,F
11:27:09,MYOR,RG,1945,2,D,CS,CS,F
11:27:09,MYOR,RG,1945,2,D,XL,CS,F
11:26:54,MYOR,RG,1945,2,D,XL,CS,F
11:26:23,MYOR,RG,1950,15,D,BB,CS,F
11:26:23,MYOR,RG,1950,1,D,BB,AZ,D
11:26:23,MYOR,RG,1950,1,D,BB,NI,D
11:26:23,MYOR,RG,1950,2,D,BB,YP,D
11:25:12,MYOR,RG,1950,30,D,BB,YP,D
11:25:00,MYOR,RG,1950,1,D,BB,YP,D
11:24:14,MYOR,RG,1950,1,D,YP,YP,D
11:23:19,MYOR,RG,1950,1,D,XL,YP,D
11:22:43,MYOR,RG,1950,1,D,BB,YP,D
11:22:43,MYOR,RG,1945,1,D,BB,CS,F
11:22:41,MYOR,RG,1945,40,D,CC,CS,F
11:22:31,MYOR,RG,1950,12,D,BB,YP,D
11:22:20,MYOR,RG,1945,1,D,CS,CS,F
11:22:20,MYOR,RG,1945,2,D,BB,CS,F
11:22:20,MYOR,RG,1945,1,D,BB,CS,F
11:22:19,MYOR,RG,1945,10,D,NI,CS,F
11:20:56,MYOR,RG,1950,15,D,XL,YP,D
11:20:33,MYOR,RG,1940,20,F,BK,YP,D
11:19:19,MYOR,RG,1940,18,F,BK,YP,D
11:19:19,MYOR,RG,1940,2,D,CS,YP,D
11:18:50,MYOR,RG,1940,33,D,CS,OD,D
11:18:37,MYOR,RG,1945,1,D,YP,CS,F
11:17:55,MYOR,RG,1945,4,D,BB,CS,F
11:17:55,MYOR,RG,1945,2,D,BB,CS,F
11:17:55,MYOR,RG,1945,19,F,BK,CS,F
11:17:54,MYOR,RG,1950,1,D,BB,YP,D
11:17:54,MYOR,RG,1945,2,D,BB,CS,F
11:17:54,MYOR,RG,1945,105,D,CC,CS,F
11:17:54,MYOR,RG,1945,15,D,BB,CS,F
11:17:54,MYOR,RG,1945,7,D,BB,CS,F
11:17:54,MYOR,RG,1945,77,F,AK,CS,F
11:17:54,MYOR,RG,1945,70,F,AK,CS,F
11:17:52,MYOR,RG,1945,1,F,AK,CS,F
11:17:52,MYOR,RG,1945,38,F,AK,CS,F
11:17:52,MYOR,RG,1945,14,F,AK,CS,F
11:17:52,MYOR,RG,1945,74,F,AK,CS,F
11:17:52,MYOR,RG,1945,35,F,AK,CS,F
11:17:52,MYOR,RG,1945,34,F,AK,CS,F
11:17:52,MYOR,RG,1945,7,D,BB,CS,F
11:17:52,MYOR,RG,1945,15,D,BB,CS,F
11:17:52,MYOR,RG,1945,1,D,BB,CS,F
11:17:52,MYOR,RG,1945,3,D,CS,CS,F
11:17:52,MYOR,RG,1945,2,D,CS,CS,F
11:17:52,MYOR,RG,1945,70,F,AK,CS,F
11:15:32,MYOR,RG,1950,2,D,BB,YP,D
11:14:21,MYOR,RG,1950,5,D,XC,YP,D
11:14:00,MYOR,RG,1950,51,D,YB,YP,D
11:13:47,MYOR,RG,1945,1,D,CS,YP,D
11:13:30,MYOR,RG,1950,3,D,BB,YP,D
11:13:30,MYOR,RG,1950,7,D,BB,LG,D
11:13:14,MYOR,RG,1950,1,D,BB,LG,D
11:13:05,MYOR,RG,1945,42,D,CS,AK,F
11:13:05,MYOR,RG,1945,1,D,XL,CS,F
11:13:05,MYOR,RG,1945,2,D,YP,CS,F
11:13:05,MYOR,RG,1945,4,D,CS,CS,F
11:13:05,MYOR,RG,1945,59,D,CS,CS,F
11:13:05,MYOR,RG,1945,58,F,AK,CS,F
11:13:05,MYOR,RG,1945,16,F,BK,CS,F
11:13:05,MYOR,RG,1945,11,D,BB,CS,F
11:13:05,MYOR,RG,1945,5,D,BB,CS,F
11:13:05,MYOR,RG,1945,1,D,BB,CS,F
11:13:05,MYOR,RG,1945,51,F,AK,CS,F
11:11:37,MYOR,RG,1950,17,F,AK,LG,D
11:11:37,MYOR,RG,1950,2,F,AK,XC,D
11:11:37,MYOR,RG,1950,42,F,AK,CC,D
11:11:24,MYOR,RG,1950,9,D,YP,CC,D
11:10:53,MYOR,RG,1950,14,D,BB,CC,D
11:09:51,MYOR,RG,1950,15,F,BK,CC,D
11:09:47,MYOR,RG,1950,12,D,BB,CC,D
11:09:18,MYOR,RG,1950,1,D,CC,CC,D
11:09:10,MYOR,RG,1950,17,F,BK,CC,D
11:09:06,MYOR,RG,1950,158,F,BK,CC,D
11:09:03,MYOR,RG,1960,444,D,AZ,CP,D
11:09:03,MYOR,RG,1960,1,D,AZ,YP,D
11:09:03,MYOR,RG,1960,10,D,AZ,YP,D
11:09:03,MYOR,RG,1960,6,D,AZ,KK,D
11:09:03,MYOR,RG,1960,5,D,AZ,PD,D
11:09:03,MYOR,RG,1960,13,D,AZ,CP,D
11:09:03,MYOR,RG,1960,24,D,AZ,CP,D
11:09:03,MYOR,RG,1955,20,D,AZ,CC,D
11:09:03,MYOR,RG,1955,2,D,AZ,XL,D
11:09:03,MYOR,RG,1955,1,D,AZ,XC,D
11:09:03,MYOR,RG,1955,4,D,AZ,XC,D
11:09:03,MYOR,RG,1955,50,D,AZ,LG,D
11:09:03,MYOR,RG,1955,13,D,AZ,DR,D
11:09:03,MYOR,RG,1955,27,D,AZ,YP,D
11:09:03,MYOR,RG,1955,799,D,AZ,CP,D
11:09:03,MYOR,RG,1950,5,D,AZ,PD,D
11:09:03,MYOR,RG,1950,11,D,AZ,XC,D
11:09:03,MYOR,RG,1950,1,D,AZ,PD,D
11:09:03,MYOR,RG,1950,1,D,AZ,XL,D
11:09:03,MYOR,RG,1950,5,D,AZ,YP,D
11:09:03,MYOR,RG,1950,15,D,AZ,XC,D
11:09:03,MYOR,RG,1950,1,D,AZ,XC,D
11:09:03,MYOR,RG,1950,7,D,AZ,XL,D
11:09:03,MYOR,RG,1950,50,D,AZ,LG,D
11:09:03,MYOR,RG,1950,7,D,AZ,XC,D
11:09:03,MYOR,RG,1950,3,D,AZ,AZ,D
11:09:03,MYOR,RG,1950,79,D,AZ,AK,F
11:09:03,MYOR,RG,1950,3,D,AZ,PD,D
11:09:03,MYOR,RG,1950,6,D,AZ,LG,D
11:09:03,MYOR,RG,1950,10,D,AZ,YP,D
11:09:03,MYOR,RG,1950,1,D,AZ,DH,D
11:09:03,MYOR,RG,1950,268,D,AZ,CC,D
11:09:03,MYOR,RG,1950,500,D,AZ,CC,D
11:09:03,MYOR,RG,1950,302,D,AZ,AK,F
11:09:03,MYOR,RG,1950,5,D,AZ,XC,D
11:09:03,MYOR,RG,1945,178,D,AZ,CS,F
11:09:03,MYOR,RG,1945,25,D,AZ,LG,D
11:09:03,MYOR,RG,1945,198,D,AZ,CS,F
11:09:03,MYOR,RG,1945,203,D,AZ,BK,F
11:09:03,MYOR,RG,1945,120,D,AZ,AK,F
11:09:03,MYOR,RG,1945,23,D,AZ,NI,D
11:09:03,MYOR,RG,1945,2,D,AZ,XC,D
11:09:03,MYOR,RG,1945,50,D,AZ,LG,D
11:09:03,MYOR,RG,1945,2,D,AZ,AK,F
11:06:54,MYOR,RG,1940,9,D,CS,XC,D
11:06:54,MYOR,RG,1940,1,D,BB,XC,D
11:06:29,MYOR,RG,1940,55,F,AK,KK,D
11:06:21,MYOR,RG,1945,25,F,BK,AK,F
11:06:17,MYOR,RG,1945,18,F,BK,AK,F
11:06:14,MYOR,RG,1945,122,F,BK,AK,F
11:06:14,MYOR,RG,1945,4,F,BK,PD,D
11:06:14,MYOR,RG,1945,3,F,BK,XL,D
11:06:14,MYOR,RG,1945,5,F,BK,XC,D
11:06:11,MYOR,RG,1940,34,F,BK,AK,F
11:06:10,MYOR,RG,1940,25,F,BK,AK,F
11:06:10,MYOR,RG,1940,34,F,BK,AK,F
11:06:10,MYOR,RG,1940,25,F,BK,CC,D
11:06:10,MYOR,RG,1940,59,F,BK,CC,D
11:06:10,MYOR,RG,1940,8,D,CS,CC,D
11:06:10,MYOR,RG,1940,3,D,BB,CC,D
11:06:10,MYOR,RG,1940,8,D,BB,CC,D
11:06:10,MYOR,RG,1940,17,D,PD,CC,D
11:06:10,MYOR,RG,1940,16,D,PD,CC,D
11:06:10,MYOR,RG,1940,95,D,PD,CC,D
11:06:10,MYOR,RG,1940,328,D,PD,CC,D
11:06:10,MYOR,RG,1940,95,D,PD,CC,D
11:06:10,MYOR,RG,1940,5,D,PD,CC,D
11:06:10,MYOR,RG,1940,328,D,PD,CC,D
11:06:10,MYOR,RG,1940,95,D,PD,CC,D
11:06:10,MYOR,RG,1940,254,D,PD,CS,F
11:06:10,MYOR,RG,1940,45,D,PD,CC,D
11:06:10,MYOR,RG,1940,328,D,PD,CC,D
11:06:10,MYOR,RG,1940,500,D,PD,CC,D
11:06:10,MYOR,RG,1940,46,D,PD,CS,F
11:06:05,MYOR,RG,1940,34,D,XC,CS,F
11:06:05,MYOR,RG,1940,42,D,XC,CC,D
11:05:59,MYOR,RG,1940,10,D,NI,CC,D
11:05:22,MYOR,RG,1940,21,F,BK,CC,D
11:05:22,MYOR,RG,1940,22,D,CC,CC,D
11:05:22,MYOR,RG,1940,18,D,CC,CC,D
11:05:20,MYOR,RG,1940,5,D,KK,CC,D
11:04:34,MYOR,RG,1940,22,F,BK,CC,D
11:04:30,MYOR,RG,1940,97,F,BK,BK,F
11:04:30,MYOR,RG,1940,45,F,BK,CC,D
11:04:29,MYOR,RG,1935,24,F,BK,CS,F
11:04:28,MYOR,RG,1940,8,D,BB,AK,F
11:04:28,MYOR,RG,1940,5,D,BB,AK,F
11:04:28,MYOR,RG,1940,1,D,BB,AK,F
11:04:28,MYOR,RG,1940,3,D,BB,AK,F
11:04:28,MYOR,RG,1940,7,D,BB,CC,D
11:04:28,MYOR,RG,1940,34,D,CS,CC,D
11:04:28,MYOR,RG,1940,4,D,YP,CC,D
11:04:28,MYOR,RG,1940,276,D,YP,AK,F
11:04:28,MYOR,RG,1940,45,D,YP,CC,D
11:04:28,MYOR,RG,1940,45,D,YP,CC,D
11:04:28,MYOR,RG,1940,55,D,YP,CC,D
11:04:28,MYOR,RG,1940,500,D,YP,CC,D
11:04:28,MYOR,RG,1940,45,D,YP,CC,D
11:04:28,MYOR,RG,1940,30,D,YP,CC,D
11:04:24,MYOR,RG,1940,159,F,BK,CC,D
11:04:24,MYOR,RG,1940,6,F,BK,CC,D
11:04:23,MYOR,RG,1940,39,D,CS,CC,D
11:04:23,MYOR,RG,1940,138,D,CS,CC,D
11:04:22,MYOR,RG,1940,1,D,BB,CC,D
11:04:22,MYOR,RG,1940,4,D,BB,CC,D
11:04:22,MYOR,RG,1940,22,D,BB,CC,D
11:04:22,MYOR,RG,1940,24,D,BB,CC,D
11:04:22,MYOR,RG,1940,22,D,BB,CC,D
11:04:22,MYOR,RG,1940,23,F,AK,CC,D
11:04:22,MYOR,RG,1940,32,F,AK,CC,D
11:04:22,MYOR,RG,1940,18,D,CS,CC,D
11:04:22,MYOR,RG,1940,139,D,YP,CC,D
11:04:22,MYOR,RG,1940,45,D,YP,CC,D
11:04:22,MYOR,RG,1940,189,D,YP,CC,D
11:04:22,MYOR,RG,1940,200,D,YP,SQ,D
11:04:22,MYOR,RG,1940,1,D,YP,XC,D
11:04:22,MYOR,RG,1940,1,D,YP,EP,D
11:04:22,MYOR,RG,1940,25,D,YP,LG,D
11:04:22,MYOR,RG,1940,10,D,YP,XC,D
11:04:22,MYOR,RG,1940,45,D,YP,CC,D
11:04:22,MYOR,RG,1940,189,D,YP,CC,D
11:04:22,MYOR,RG,1940,8,D,YP,YP,D
11:04:22,MYOR,RG,1940,100,D,YP,EP,D
11:04:22,MYOR,RG,1940,48,D,YP,CS,F
11:03:38,MYOR,RG,1940,222,D,DX,CS,F
11:03:38,MYOR,RG,1940,78,D,DX,AK,F
11:02:43,MYOR,RG,1940,34,D,BB,AK,F
11:02:07,MYOR,RG,1940,54,F,AK,AK,F
11:02:07,MYOR,RG,1940,1,F,AK,YP,D
11:02:07,MYOR,RG,1940,1,F,AK,NI,D
11:02:07,MYOR,RG,1940,2,F,AK,CC,D
11:01:35,MYOR,RG,1940,23,D,BB,CC,D
11:00:44,MYOR,RG,1935,10,F,BK,NI,D
11:00:01,MYOR,RG,1935,61,F,BK,KZ,D
11:00:01,MYOR,RG,1935,25,D,CS,KZ,D
11:00:01,MYOR,RG,1935,1,D,BB,KZ,D
11:00:01,MYOR,RG,1935,7,D,BB,KZ,D
11:00:01,MYOR,RG,1935,41,D,CS,KZ,D
11:00:01,MYOR,RG,1935,19,F,CC,KZ,D
10:59:56,MYOR,RG,1935,17,F,CC,KZ,D
10:58:59,MYOR,RG,1940,26,F,BK,CC,D
10:58:55,MYOR,RG,1940,25,F,BK,CC,D
10:58:54,MYOR,RG,1940,250,D,AT,CC,D
10:57:22,MYOR,RG,1940,73,F,AK,CC,D
10:57:20,MYOR,RG,1940,28,F,BK,CC,D
10:57:18,MYOR,RG,1940,50,D,CC,CC,D
10:56:54,MYOR,RG,1935,30,F,CC,NI,D
10:56:32,MYOR,RG,1940,6,D,BB,CC,D
10:56:16,MYOR,RG,1940,2,D,PD,CC,D
10:54:32,MYOR,RG,1940,10,D,BB,CC,D
10:54:08,MYOR,RG,1935,5,D,CS,CS,F
10:54:08,MYOR,RG,1935,11,D,BB,CS,F
10:54:08,MYOR,RG,1935,5,D,BB,CS,F
10:54:07,MYOR,RG,1940,5,F,BK,CC,D
10:54:07,MYOR,RG,1940,9,F,BK,NI,D
10:54:07,MYOR,RG,1940,3,F,BK,CC,D
10:54:07,MYOR,RG,1935,51,F,AK,CS,F
10:53:48,MYOR,RG,1940,16,F,BK,CC,D
10:53:45,MYOR,RG,1940,81,D,PD,CC,D
10:53:45,MYOR,RG,1940,19,D,PD,XL,D
10:53:38,MYOR,RG,1940,10,D,YB,XL,D
10:53:08,MYOR,RG,1940,6,D,XC,XL,D
10:53:08,MYOR,RG,1940,2,D,XC,XL,D
10:52:13,MYOR,RG,1940,6,D,YB,XL,D
10:52:13,MYOR,RG,1940,44,D,YB,CS,F
10:51:31,MYOR,RG,1940,15,F,BK,CS,F
10:51:26,MYOR,RG,1940,18,F,BK,CS,F
10:51:22,MYOR,RG,1935,13,D,CS,CS,F
10:51:22,MYOR,RG,1935,1,D,BB,CS,F
10:51:22,MYOR,RG,1935,4,D,CS,CS,F
10:51:22,MYOR,RG,1935,8,D,BB,CS,F
10:51:22,MYOR,RG,1935,17,D,BB,CS,F
10:51:22,MYOR,RG,1935,16,D,CS,CS,F
10:51:22,MYOR,RG,1935,79,F,AK,CS,F
10:51:22,MYOR,RG,1940,6,F,BK,CS,F
10:51:22,MYOR,RG,1940,15,F,BK,KK,D
10:51:22,MYOR,RG,1940,45,F,AK,KK,D
10:51:22,MYOR,RG,1940,3,F,AK,PD,D
10:51:22,MYOR,RG,1935,10,F,AK,XL,D
10:51:22,MYOR,RG,1935,3,F,AK,BQ,D
10:51:22,MYOR,RG,1935,15,F,AK,XL,D
10:51:22,MYOR,RG,1935,11,F,AK,KZ,D
10:51:22,MYOR,RG,1935,49,F,AK,KZ,D
10:51:21,MYOR,RG,1935,45,D,CS,KZ,D
10:51:21,MYOR,RG,1935,40,D,CS,AZ,D
10:51:21,MYOR,RG,1935,1,D,CS,OD,D
10:51:21,MYOR,RG,1935,41,F,ZP,CS,F
10:51:21,MYOR,RG,1935,123,F,ZP,CS,F
10:51:21,MYOR,RG,1935,5,F,ZP,AZ,D
10:51:21,MYOR,RG,1935,294,F,ZP,BK,F
10:51:21,MYOR,RG,1935,178,F,ZP,CS,F
10:51:21,MYOR,RG,1935,359,F,ZP,CC,D
10:49:52,MYOR,RG,1935,51,F,AK,CC,D
10:49:40,MYOR,RG,1930,12,D,BB,PD,D
10:49:13,MYOR,RG,1930,9,D,BB,XC,D
10:48:38,MYOR,RG,1930,2,D,BB,LG,D
10:48:07,MYOR,RG,1935,49,F,AK,CC,D
10:47:38,MYOR,RG,1930,9,D,BB,YP,D
10:46:50,MYOR,RG,1930,18,D,BB,YP,D
10:46:35,MYOR,RG,1935,31,D,BB,CC,D
10:44:28,MYOR,RG,1935,5,D,XC,CC,D
10:43:12,MYOR,RG,1935,5,D,PD,CC,D
10:43:07,MYOR,RG,1930,10,D,BB,CC,D
10:43:07,MYOR,RG,1930,1,D,BB,CC,D
10:42:51,MYOR,RG,1930,4,D,BB,YB,D
10:42:18,MYOR,RG,1935,2,D,CS,AK,F
10:42:18,MYOR,RG,1935,69,F,BK,AK,F
10:42:18,MYOR,RG,1935,1,D,BB,AK,F
10:42:18,MYOR,RG,1935,77,F,AK,AK,F
10:42:16,MYOR,RG,1940,1,D,CC,BK,F
10:42:07,MYOR,RG,1940,19,F,AK,BK,F
10:42:07,MYOR,RG,1940,36,F,AK,CS,F
10:42:04,MYOR,RG,1935,5,D,BB,AK,F
10:42:04,MYOR,RG,1935,1,D,BB,AK,F
10:42:04,MYOR,RG,1935,58,D,CC,AK,F
10:42:04,MYOR,RG,1935,1,D,CC,CS,F
10:42:04,MYOR,RG,1935,45,D,CC,CS,F
10:42:04,MYOR,RG,1935,5,D,ZP,CS,F
10:42:04,MYOR,RG,1935,43,D,CS,CS,F
10:42:04,MYOR,RG,1935,100,D,NI,CS,F
10:42:04,MYOR,RG,1935,14,F,CC,CS,F
10:42:04,MYOR,RG,1935,1,D,BB,CS,F
10:42:04,MYOR,RG,1935,6,D,BB,CS,F
10:42:04,MYOR,RG,1935,3,D,BB,CS,F
10:42:04,MYOR,RG,1935,17,F,BK,CS,F
10:41:44,MYOR,RG,1940,16,D,BB,CS,F
10:41:13,MYOR,RG,1935,1,F,BK,XL,D
10:40:59,MYOR,RG,1940,1,D,PD,CS,F
10:40:55,MYOR,RG,1940,1,D,XC,CS,F
10:40:53,MYOR,RG,1940,5,D,NI,CS,F
10:39:37,MYOR,RG,1940,65,F,AK,CS,F
10:37:58,MYOR,RG,1940,4,D,YP,CS,F
10:37:19,MYOR,RG,1940,16,D,BB,CS,F
10:37:19,MYOR,RG,1940,37,D,BB,CC,D
10:36:58,MYOR,RG,1940,16,D,BB,CC,D
10:36:52,MYOR,RG,1940,78,F,AK,CC,D
10:36:47,MYOR,RG,1935,5,D,CS,XL,D
10:35:48,MYOR,RG,1940,20,D,XC,CC,D
10:34:31,MYOR,RG,1940,14,D,YP,CC,D
10:32:24,MYOR,RG,1940,1,D,XL,CC,D
10:32:10,MYOR,RG,1940,23,D,BB,CC,D
10:32:00,MYOR,RG,1940,23,F,BK,CC,D
10:31:57,MYOR,RG,1940,4,D,BB,CC,D
10:31:57,MYOR,RG,1940,9,F,BK,CC,D
10:31:57,MYOR,RG,1940,225,F,BK,CC,D
10:31:57,MYOR,RG,1940,225,F,BK,CC,D
10:31:55,MYOR,RG,1955,201,D,AZ,CP,D
10:31:55,MYOR,RG,1955,34,D,AZ,XC,D
10:31:55,MYOR,RG,1955,334,D,AZ,BK,F
10:31:55,MYOR,RG,1950,2,D,AZ,XC,D
10:31:55,MYOR,RG,1950,1,D,AZ,YP,D
10:31:55,MYOR,RG,1950,1,D,AZ,YP,D
10:31:55,MYOR,RG,1950,11,D,AZ,XC,D
10:31:55,MYOR,RG,1950,1,D,AZ,XC,D
10:31:55,MYOR,RG,1950,388,D,AZ,CP,D
10:31:55,MYOR,RG,1950,20,D,AZ,YP,D
10:31:55,MYOR,RG,1950,500,D,AZ,CP,D
10:31:55,MYOR,RG,1950,10,D,AZ,YP,D
10:31:55,MYOR,RG,1950,1,D,AZ,YP,D
10:31:55,MYOR,RG,1950,50,D,AZ,LG,D
10:31:55,MYOR,RG,1950,2,D,AZ,AZ,D
10:31:55,MYOR,RG,1950,1000,D,AZ,CP,D
10:31:55,MYOR,RG,1950,5,D,AZ,KZ,D
10:31:55,MYOR,RG,1950,41,D,AZ,KZ,D
10:31:55,MYOR,RG,1950,1,D,AZ,XC,D
10:31:55,MYOR,RG,1950,300,D,AZ,CC,D
10:31:55,MYOR,RG,1950,3,D,AZ,NI,D
10:31:55,MYOR,RG,1950,1,D,AZ,CC,D
10:31:55,MYOR,RG,1950,25,D,AZ,HP,D
10:31:55,MYOR,RG,1950,2,D,AZ,PD,D
10:31:55,MYOR,RG,1950,50,D,AZ,XC,D
10:31:55,MYOR,RG,1950,1,D,AZ,XC,D
10:31:55,MYOR,RG,1945,1000,D,AZ,CP,D
10:31:55,MYOR,RG,1945,500,D,AZ,CP,D
10:31:55,MYOR,RG,1945,1,D,AZ,KK,D
10:31:55,MYOR,RG,1945,1,D,AZ,XC,D
10:31:55,MYOR,RG,1945,2,D,AZ,KZ,D
10:31:55,MYOR,RG,1945,26,D,AZ,KZ,D
10:31:55,MYOR,RG,1945,4,D,AZ,XC,D
10:31:55,MYOR,RG,1945,88,D,AZ,AK,F
10:31:55,MYOR,RG,1940,5,D,AZ,CC,D
10:31:55,MYOR,RG,1940,18,D,AZ,XC,D
10:31:55,MYOR,RG,1940,3,D,AZ,PD,D
10:31:55,MYOR,RG,1940,2,D,AZ,CC,D
10:31:55,MYOR,RG,1940,50,D,AZ,LG,D
10:31:55,MYOR,RG,1940,2,D,AZ,XC,D
10:31:55,MYOR,RG,1940,2,D,AZ,XC,D
10:31:55,MYOR,RG,1940,1,D,AZ,YP,D
10:31:55,MYOR,RG,1940,1,D,AZ,OD,D
10:31:55,MYOR,RG,1940,500,D,AZ,CC,D
10:31:55,MYOR,RG,1940,225,D,AZ,CC,D
10:31:55,MYOR,RG,1940,2,D,AZ,XC,D
10:31:55,MYOR,RG,1940,25,D,AZ,HP,D
10:31:55,MYOR,RG,1935,19,D,AZ,KZ,D
10:31:55,MYOR,RG,1935,162,D,AZ,KZ,D
10:31:55,MYOR,RG,1935,4,D,AZ,CC,D
10:31:55,MYOR,RG,1935,10,D,AZ,KZ,D
10:31:55,MYOR,RG,1935,85,D,AZ,KZ,D
10:31:55,MYOR,RG,1935,24,D,AZ,NI,D
10:31:55,MYOR,RG,1935,366,D,AZ,BK,F
10:31:55,MYOR,RG,1935,270,D,AZ,CS,F
10:31:55,MYOR,RG,1935,530,D,AZ,YU,F
10:31:55,MYOR,RG,1935,50,D,AZ,LG,D
10:31:55,MYOR,RG,1935,1,D,AZ,YP,D
10:31:55,MYOR,RG,1935,378,D,AZ,CS,F
10:31:55,MYOR,RG,1935,170,D,AZ,CC,D
10:31:55,MYOR,RG,1935,13,D,AZ,XC,D
10:31:55,MYOR,RG,1935,1,D,AZ,XL,D
10:31:55,MYOR,RG,1935,336,D,AZ,CS,F
10:31:55,MYOR,RG,1935,115,D,AZ,AZ,D
10:31:55,MYOR,RG,1935,118,D,AZ,CS,F
10:31:55,MYOR,RG,1935,146,D,AZ,CS,F
10:31:55,MYOR,RG,1935,10,D,AZ,YP,D
10:31:55,MYOR,RG,1935,491,D,AZ,CC,D
10:31:55,MYOR,RG,1930,188,D,AZ,CS,F
10:31:55,MYOR,RG,1930,70,D,AZ,CS,F
10:31:55,MYOR,RG,1930,1000,D,AZ,CC,D
10:31:50,MYOR,RG,1925,1,F,ZP,PD,D
10:31:21,MYOR,RG,1935,1,D,SQ,CC,D
10:29:56,MYOR,RG,1935,4,D,BB,CC,D
10:29:43,MYOR,RG,1930,9,D,CS,CS,F
10:29:43,MYOR,RG,1930,2,D,CS,CS,F
10:29:43,MYOR,RG,1930,13,D,CP,CS,F
10:29:43,MYOR,RG,1930,22,D,CP,CS,F
10:29:43,MYOR,RG,1930,1,D,CP,KZ,D
10:29:43,MYOR,RG,1930,4,D,CP,KZ,D
10:29:43,MYOR,RG,1930,1,D,CP,CC,D
10:29:43,MYOR,RG,1930,1,D,CP,XC,D
10:29:43,MYOR,RG,1930,3,D,CP,KZ,D
10:29:43,MYOR,RG,1930,3,D,CP,KZ,D
10:29:43,MYOR,RG,1930,49,D,CP,KZ,D
10:29:43,MYOR,RG,1930,373,D,CP,KZ,D
10:29:43,MYOR,RG,1930,1,D,CP,KZ,D
10:29:43,MYOR,RG,1930,1,D,CP,KZ,D
10:29:43,MYOR,RG,1930,1,D,CP,NI,D
10:29:43,MYOR,RG,1930,1,D,CP,KZ,D
10:29:43,MYOR,RG,1930,13,D,CP,CS,F
10:29:43,MYOR,RG,1930,1,D,CP,KZ,D
10:29:43,MYOR,RG,1930,1,D,CP,KZ,D
10:29:43,MYOR,RG,1930,11,D,CP,KZ,D
10:29:02,MYOR,RG,1930,1,D,XL,KZ,D
10:28:42,MYOR,RG,1925,8,F,ZP,KZ,D
10:28:42,MYOR,RG,1925,132,F,ZP,KZ,D
10:28:40,MYOR,RG,1925,10,F,ZP,KZ,D
10:28:40,MYOR,RG,1925,1,F,ZP,CS,F
10:28:40,MYOR,RG,1925,49,F,ZP,CS,F
10:28:40,MYOR,RG,1925,1,D,PD,CS,F
10:28:40,MYOR,RG,1925,2,D,YU,CS,F
10:28:40,MYOR,RG,1925,1,D,BB,CS,F
10:28:40,MYOR,RG,1925,2,D,KK,CS,F
10:28:40,MYOR,RG,1925,1,D,PD,CS,F
10:28:40,MYOR,RG,1925,28,D,CS,CS,F
10:28:40,MYOR,RG,1925,106,D,CS,CS,F
10:28:40,MYOR,RG,1925,400,F,ZP,CS,F
10:28:40,MYOR,RG,1925,84,F,AK,CS,F
10:28:40,MYOR,RG,1925,51,D,CS,CS,F
10:28:40,MYOR,RG,1925,1000,D,CP,CS,F
10:28:40,MYOR,RG,1925,1,D,BB,CS,F
10:28:40,MYOR,RG,1925,8,D,BB,CS,F
10:28:40,MYOR,RG,1925,52,D,ZP,CS,F
10:27:33,MYOR,RG,1930,1,D,BB,KZ,D
10:27:27,MYOR,RG,1925,13,D,ZP,XC,D
10:26:28,MYOR,RG,1925,1,D,ZP,KZ,D
10:26:28,MYOR,RG,1925,1,D,ZP,KZ,D
10:26:28,MYOR,RG,1925,1,D,ZP,KZ,D
10:26:21,MYOR,RG,1925,4,D,ZP,XL,D
10:26:18,MYOR,RG,1925,2,D,ZP,XC,D
10:25:26,MYOR,RG,1925,173,D,ZP,YP,D
10:25:20,MYOR,RG,1930,2,D,XC,CS,F
10:24:30,MYOR,RG,1930,1,D,CS,CS,F
10:24:30,MYOR,RG,1930,1,D,XC,CS,F
10:24:00,MYOR,RG,1935,1,D,XL,CC,D
10:23:11,MYOR,RG,1930,1,D,XC,CS,F
10:22:43,MYOR,RG,1930,1,D,PD,CS,F
10:21:28,MYOR,RG,1930,2,D,BB,CS,F
10:21:28,MYOR,RG,1930,4,D,BB,CS,F
10:21:26,MYOR,RG,1930,19,D,YP,CS,F
10:21:26,MYOR,RG,1930,3,D,YP,KZ,D
10:21:26,MYOR,RG,1930,1,D,YP,SQ,D
10:21:17,MYOR,RG,1930,30,D,XC,DR,D
10:21:17,MYOR,RG,1930,3,D,XC,KZ,D
10:21:17,MYOR,RG,1930,2,D,XC,XC,D
10:21:17,MYOR,RG,1930,2,D,XC,KZ,D
10:21:17,MYOR,RG,1930,1,D,XC,KZ,D
10:21:17,MYOR,RG,1930,1,D,XC,KZ,D
10:21:17,MYOR,RG,1930,10,D,XC,NI,D
10:21:17,MYOR,RG,1930,5,D,XC,CS,F
10:20:23,MYOR,RG,1930,2,D,CC,CS,F
10:20:22,MYOR,RG,1930,4,D,XL,CS,F
10:20:22,MYOR,RG,1930,11,D,XL,XC,D
10:19:23,MYOR,RG,1930,1,D,XC,CS,F
10:18:16,MYOR,RG,1930,1,D,CS,CS,F
10:18:16,MYOR,RG,1930,1,D,PD,CS,F
10:18:14,MYOR,RG,1930,1,D,CS,CS,F
10:18:14,MYOR,RG,1930,1,D,BB,CS,F
10:18:13,MYOR,RG,1930,7,D,XC,CS,F
10:18:04,MYOR,RG,1930,2,D,PD,CS,F
10:18:03,MYOR,RG,1930,5,D,XC,CS,F
10:17:50,MYOR,RG,1930,2,D,PD,CS,F
10:17:41,MYOR,RG,1930,52,D,CC,CS,F
10:17:41,MYOR,RG,1930,1,D,DX,CS,F
10:17:40,MYOR,RG,1930,3,D,DX,CS,F
10:17:40,MYOR,RG,1930,1,D,DX,CS,F
10:17:40,MYOR,RG,1930,1,D,DX,KZ,D
10:17:39,MYOR,RG,1930,3,D,XC,KZ,D
10:17:39,MYOR,RG,1930,1,D,XC,KZ,D
10:17:39,MYOR,RG,1930,1,D,XC,KZ,D
10:17:04,MYOR,RG,1925,39,D,ZP,KZ,D
10:17:04,MYOR,RG,1925,1,D,ZP,KZ,D
10:17:02,MYOR,RG,1930,500,F,ZP,BK,F
10:16:42,MYOR,RG,1930,10,D,XC,BK,F
10:16:34,MYOR,RG,1930,1,D,YU,BK,F
10:16:33,MYOR,RG,1930,1,D,XC,KZ,D
10:16:23,MYOR,RG,1925,13,D,ZP,KZ,D
10:16:23,MYOR,RG,1925,1,D,PD,KZ,D
10:16:23,MYOR,RG,1925,2,D,PD,KZ,D
10:16:23,MYOR,RG,1925,23,D,AZ,KZ,D
10:16:19,MYOR,RG,1925,1,D,AZ,KZ,D
10:16:19,MYOR,RG,1925,5,D,AZ,KZ,D
10:16:17,MYOR,RG,1930,347,F,AK,PD,D
10:16:17,MYOR,RG,1930,153,D,CP,PD,D
10:16:17,MYOR,RG,1930,7,D,CP,KZ,D
10:16:17,MYOR,RG,1930,59,D,CP,KZ,D
10:16:17,MYOR,RG,1930,231,D,CP,CS,F
10:16:17,MYOR,RG,1930,509,D,CP,BK,F
10:16:17,MYOR,RG,1930,1,D,CP,XL,D
10:16:17,MYOR,RG,1930,30,D,CP,CS,F
10:16:17,MYOR,RG,1930,10,D,CP,YP,D
10:16:08,MYOR,RG,1925,11,D,AZ,XL,D
10:15:49,MYOR,RG,1925,3,D,AZ,BQ,D
10:15:49,MYOR,RG,1925,50,D,AZ,BQ,D
10:15:22,MYOR,RG,1925,3,D,AZ,XC,D
10:14:08,MYOR,RG,1930,20,D,XC,YP,D
10:14:04,MYOR,RG,1925,25,D,AZ,XC,D
10:13:48,MYOR,RG,1925,34,D,AZ,CS,F
10:13:48,MYOR,RG,1925,1,D,CC,CS,F
10:13:48,MYOR,RG,1925,1,D,PD,CS,F
10:13:48,MYOR,RG,1925,1,D,XC,CS,F
10:13:48,MYOR,RG,1925,8,D,LG,CS,F
10:13:48,MYOR,RG,1925,3,D,DX,CS,F
10:13:48,MYOR,RG,1925,3,D,PD,CS,F
10:13:48,MYOR,RG,1925,1,D,PD,CS,F
10:13:48,MYOR,RG,1930,25,D,BB,CS,F
10:13:48,MYOR,RG,1930,40,D,CS,CC,D
10:13:48,MYOR,RG,1930,52,D,BB,CC,D
10:13:48,MYOR,RG,1930,13,D,BB,CC,D
10:13:48,MYOR,RG,1930,1,D,PD,CC,D
10:13:48,MYOR,RG,1930,20,D,CC,CC,D
10:13:48,MYOR,RG,1930,1,D,KK,CC,D
10:13:48,MYOR,RG,1930,2,D,XC,CC,D
10:13:48,MYOR,RG,1930,4,D,KK,CC,D
10:13:48,MYOR,RG,1930,1,D,KK,CC,D
10:13:48,MYOR,RG,1930,20,D,NI,CC,D
10:13:48,MYOR,RG,1930,300,D,ZP,CC,D
10:13:48,MYOR,RG,1930,46,D,CP,CC,D
10:13:45,MYOR,RG,1930,53,D,CP,KZ,D
10:13:45,MYOR,RG,1930,401,D,CP,KZ,D
10:13:45,MYOR,RG,1930,45,F,ZP,KZ,D
10:13:43,MYOR,RG,1935,1,D,BB,CC,D
10:13:39,MYOR,RG,1930,8,F,ZP,XC,D
10:13:37,MYOR,RG,1930,1,F,ZP,AZ,D
10:13:37,MYOR,RG,1930,500,F,ZP,AK,F
10:13:37,MYOR,RG,1930,5,F,ZP,EP,D
10:13:37,MYOR,RG,1930,41,F,ZP,CC,D
10:13:37,MYOR,RG,1930,1,D,PD,CC,D
10:13:37,MYOR,RG,1930,200,D,AT,CC,D
10:13:37,MYOR,RG,1930,1,D,KK,CC,D
10:13:37,MYOR,RG,1930,500,D,YP,CC,D
10:13:37,MYOR,RG,1930,2,D,PD,CC,D
10:13:37,MYOR,RG,1930,26,D,SQ,CC,D
10:13:37,MYOR,RG,1930,15,D,KK,CC,D
10:13:37,MYOR,RG,1930,300,F,ZP,CC,D
10:13:37,MYOR,RG,1930,5,D,YP,CC,D
10:13:37,MYOR,RG,1930,1,D,XC,CC,D
10:13:37,MYOR,RG,1930,18,D,LG,CC,D
10:13:37,MYOR,RG,1930,1,D,XC,CC,D
10:13:37,MYOR,RG,1930,1,D,NI,CC,D
10:13:37,MYOR,RG,1930,388,D,CP,CC,D
10:13:36,MYOR,RG,1935,2,D,BB,CC,D
10:13:19,MYOR,RG,1935,124,D,CS,AK,F
10:13:19,MYOR,RG,1935,77,F,AK,AK,F
10:13:19,MYOR,RG,1935,59,F,AK,AK,F
10:13:19,MYOR,RG,1935,13,F,AK,AK,F
10:13:19,MYOR,RG,1935,5,D,PD,AK,F
10:13:19,MYOR,RG,1935,31,D,XC,AK,F
10:13:19,MYOR,RG,1935,451,D,CP,AK,F
10:13:19,MYOR,RG,1935,1,D,CP,CS,F
10:13:19,MYOR,RG,1935,463,D,CP,CS,F
10:13:19,MYOR,RG,1935,85,D,CP,AK,F
10:13:19,MYOR,RG,1935,10,D,PD,AK,F
10:13:19,MYOR,RG,1935,1,D,XL,AK,F
10:13:19,MYOR,RG,1935,4,D,IH,AK,F
10:13:19,MYOR,RG,1935,5,D,XL,AK,F
10:13:19,MYOR,RG,1935,34,D,XC,AK,F
10:13:19,MYOR,RG,1935,75,D,CS,AK,F
10:13:19,MYOR,RG,1935,52,D,CC,AK,F
10:13:19,MYOR,RG,1935,5,D,KK,AK,F
10:13:19,MYOR,RG,1935,106,D,CS,AK,F
10:13:19,MYOR,RG,1935,1,D,BB,AK,F
10:13:19,MYOR,RG,1935,2,D,XC,AK,F
10:13:19,MYOR,RG,1935,76,D,BB,AK,F
10:13:19,MYOR,RG,1935,1,D,PD,AK,F
10:13:19,MYOR,RG,1935,20,D,YP,AK,F
10:13:19,MYOR,RG,1935,12,D,BB,AK,F
10:13:19,MYOR,RG,1935,6,D,BB,AK,F
10:13:19,MYOR,RG,1935,5,D,NI,AK,F
10:13:18,MYOR,RG,1935,27,D,NI,AK,F
10:13:18,MYOR,RG,1935,150,D,CC,AK,F
10:13:18,MYOR,RG,1935,308,D,ZP,AK,F
10:13:18,MYOR,RG,1935,3,D,DH,AK,F
10:13:18,MYOR,RG,1935,1,D,LG,AK,F
10:13:18,MYOR,RG,1935,5,D,PD,AK,F
10:13:18,MYOR,RG,1935,6,D,AT,AK,F
10:13:18,MYOR,RG,1935,4,D,AT,AK,F
10:13:18,MYOR,RG,1935,50,D,EP,AK,F
10:13:18,MYOR,RG,1935,78,F,AK,AK,F
10:13:18,MYOR,RG,1935,200,D,YP,AK,F
10:13:18,MYOR,RG,1935,50,D,SQ,AK,F
10:13:18,MYOR,RG,1935,1,D,PD,AK,F
10:13:18,MYOR,RG,1935,1,D,PD,AK,F
10:13:18,MYOR,RG,1935,80,F,AK,AK,F
10:13:18,MYOR,RG,1935,2,D,XL,AK,F
10:13:18,MYOR,RG,1935,1,D,PD,AK,F
10:13:18,MYOR,RG,1935,23,D,CS,AK,F
10:13:18,MYOR,RG,1935,2,D,XC,AK,F
10:13:18,MYOR,RG,1935,28,D,CS,AK,F
10:13:18,MYOR,RG,1935,99,D,CS,AK,F
10:13:18,MYOR,RG,1935,1,D,CS,AK,F
10:13:18,MYOR,RG,1935,17,D,CS,AK,F
10:13:18,MYOR,RG,1935,28,D,CS,CC,D
10:13:18,MYOR,RG,1935,77,D,CS,CC,D
10:13:18,MYOR,RG,1935,80,F,AK,CC,D
10:13:18,MYOR,RG,1935,4,D,PD,CC,D
10:13:18,MYOR,RG,1935,84,D,CS,CC,D
10:13:18,MYOR,RG,1935,14,D,CC,CC,D
10:13:18,MYOR,RG,1935,45,D,CS,CC,D
10:13:18,MYOR,RG,1935,13,D,KK,CC,D
10:13:18,MYOR,RG,1935,73,F,AK,CC,D
10:13:18,MYOR,RG,1935,71,D,CS,CC,D
10:13:18,MYOR,RG,1935,16,D,CS,CC,D
10:13:18,MYOR,RG,1935,47,D,CS,CC,D
10:13:18,MYOR,RG,1935,89,D,CS,CC,D
10:13:18,MYOR,RG,1935,859,F,ZP,CC,D
10:12:52,MYOR,RG,1940,87,F,AK,BK,F
10:12:24,MYOR,RG,1935,1,F,ZP,XL,D
10:11:52,MYOR,RG,1935,58,F,ZP,KZ,D
10:11:52,MYOR,RG,1935,282,F,ZP,KZ,D
10:11:52,MYOR,RG,1935,3,D,YP,KZ,D
10:11:52,MYOR,RG,1935,12,D,PD,KZ,D
10:11:52,MYOR,RG,1935,150,D,CC,KZ,D
10:11:52,MYOR,RG,1935,1,D,PD,KZ,D
10:11:52,MYOR,RG,1935,10,D,SQ,KZ,D
10:11:52,MYOR,RG,1935,1,D,XL,KZ,D
10:11:52,MYOR,RG,1935,10,D,YP,KZ,D
10:11:52,MYOR,RG,1935,22,D,AZ,KZ,D
10:11:43,MYOR,RG,1935,20,D,AZ,YP,D
10:10:50,MYOR,RG,1935,3,D,AZ,XC,D
10:10:33,MYOR,RG,1935,13,D,AZ,XC,D
10:10:16,MYOR,RG,1935,7,D,AZ,XC,D
10:10:05,MYOR,RG,1935,150,D,AZ,DR,D
10:09:39,MYOR,RG,1935,16,D,AZ,XA,D
10:09:36,MYOR,RG,1935,161,D,AZ,BK,F
10:09:36,MYOR,RG,1935,21,D,AZ,AK,F
10:09:36,MYOR,RG,1935,1081,D,AZ,CS,F
10:09:07,MYOR,RG,1940,19,F,AK,BK,F
10:09:07,MYOR,RG,1940,16,F,AK,KZ,D
10:09:07,MYOR,RG,1940,51,F,AK,KZ,D
10:08:14,MYOR,RG,1935,161,D,AZ,BK,F
10:08:13,MYOR,RG,1935,1,D,AZ,PD,D
10:08:13,MYOR,RG,1935,161,D,AZ,BK,F
10:08:13,MYOR,RG,1935,300,D,AZ,SQ,D
10:07:17,MYOR,RG,1935,55,D,AZ,YP,D
10:06:37,MYOR,RG,1940,83,F,AK,KZ,D
10:05:34,MYOR,RG,1940,1,D,KK,CS,F
10:05:34,MYOR,RG,1940,1,D,KK,XC,D
10:05:32,MYOR,RG,1935,1,D,AZ,XA,D
10:05:11,MYOR,RG,1935,30,D,AZ,YP,D
10:05:07,MYOR,RG,1935,1,D,AZ,XL,D
10:04:05,MYOR,RG,1935,161,D,AZ,AK,F
10:04:04,MYOR,RG,1935,161,D,AZ,AK,F
10:04:04,MYOR,RG,1935,161,D,AZ,AK,F
10:04:04,MYOR,RG,1935,5,D,AZ,AK,F
10:04:04,MYOR,RG,1935,5,D,AZ,AK,F
10:04:04,MYOR,RG,1935,161,D,AZ,AK,F
10:04:04,MYOR,RG,1935,26,D,AZ,AK,F
10:04:04,MYOR,RG,1935,10,D,AZ,AK,F
10:04:03,MYOR,RG,1935,12,D,AZ,AK,F
10:04:03,MYOR,RG,1935,340,D,AZ,AK,F
10:04:03,MYOR,RG,1935,161,D,AZ,AK,F
10:04:03,MYOR,RG,1935,21,D,AZ,AK,F
10:04:03,MYOR,RG,1935,161,D,AZ,AK,F
10:04:03,MYOR,RG,1935,1,D,AZ,AK,F
10:04:02,MYOR,RG,1935,7,D,AZ,AK,F
10:01:52,MYOR,RG,1940,7,D,BB,AK,F
10:01:52,MYOR,RG,1940,7,D,CS,AK,F
10:01:52,MYOR,RG,1940,74,F,AK,CS,F
10:01:15,MYOR,RG,1940,71,F,AK,AK,F
10:01:15,MYOR,RG,1940,19,D,CS,AK,F
10:01:15,MYOR,RG,1940,16,D,BB,AK,F
10:01:15,MYOR,RG,1940,8,D,BB,AK,F
10:01:15,MYOR,RG,1940,1,D,BB,AK,F
10:01:15,MYOR,RG,1940,25,D,CS,AK,F
10:01:15,MYOR,RG,1940,25,D,NI,AK,F
10:01:15,MYOR,RG,1940,50,D,NI,AK,F
10:01:13,MYOR,RG,1945,7,D,XC,XC,D
10:01:10,MYOR,RG,1945,1,D,BB,XC,D
10:00:53,MYOR,RG,1940,25,D,NI,NI,D
10:00:52,MYOR,RG,1940,1,D,XC,NI,D
10:00:48,MYOR,RG,1940,3,D,CS,BK,F
10:00:48,MYOR,RG,1940,28,D,CS,CS,F
10:00:19,MYOR,RG,1940,30,D,XC,CS,F
09:59:57,MYOR,RG,1940,3,D,BQ,CS,F
09:59:46,MYOR,RG,1940,11,D,XC,CC,D
09:59:41,MYOR,RG,1940,9,D,BQ,CC,D
09:59:41,MYOR,RG,1940,41,D,BQ,XC,D
09:59:21,MYOR,RG,1940,3,D,BB,XC,D
09:59:21,MYOR,RG,1940,1,D,BB,XC,D
09:59:21,MYOR,RG,1940,18,F,CC,XC,D
09:59:16,MYOR,RG,1940,80,F,AK,CC,D
09:59:16,MYOR,RG,1940,111,F,AK,CC,D
09:59:16,MYOR,RG,1940,4,F,AK,CC,D
09:59:16,MYOR,RG,1940,97,F,AK,CC,D
09:59:15,MYOR,RG,1940,1,D,BB,CC,D
09:59:15,MYOR,RG,1940,3,D,BB,CC,D
09:59:15,MYOR,RG,1940,14,F,AK,CC,D
09:59:15,MYOR,RG,1940,83,F,AK,CC,D
09:59:15,MYOR,RG,1940,14,D,CS,CC,D
09:59:15,MYOR,RG,1940,3,D,BB,CC,D
09:59:15,MYOR,RG,1940,1,D,BB,CC,D
09:59:15,MYOR,RG,1940,14,F,AK,CC,D
09:59:15,MYOR,RG,1940,100,F,AK,CC,D
09:59:15,MYOR,RG,1940,4,D,BB,CC,D
09:59:15,MYOR,RG,1940,10,D,BB,CC,D
09:59:15,MYOR,RG,1940,1,D,BB,CC,D
09:59:15,MYOR,RG,1955,46,D,CS,BK,F
09:59:15,MYOR,RG,1960,427,D,AZ,CP,D
09:59:15,MYOR,RG,1960,130,D,AZ,AK,F
09:59:15,MYOR,RG,1960,185,D,AZ,AK,F
09:59:15,MYOR,RG,1960,100,D,AZ,YP,D
09:59:15,MYOR,RG,1955,50,D,AZ,LG,D
09:59:15,MYOR,RG,1955,4,D,AZ,XL,D
09:59:15,MYOR,RG,1955,188,D,AZ,YU,F
09:59:15,MYOR,RG,1955,500,D,AZ,CP,D
09:59:15,MYOR,RG,1955,50,D,AZ,BQ,D
09:59:15,MYOR,RG,1955,270,D,AZ,MG,D
09:59:15,MYOR,RG,1955,4,D,AZ,XC,D
09:59:15,MYOR,RG,1955,1,D,AZ,AT,D
09:59:15,MYOR,RG,1955,130,D,AZ,AK,F
09:59:15,MYOR,RG,1955,142,D,AZ,XC,D
09:59:15,MYOR,RG,1950,500,D,AZ,CP,D
09:59:15,MYOR,RG,1950,2,D,AZ,PD,D
09:59:15,MYOR,RG,1950,40,D,AZ,CC,D
09:59:15,MYOR,RG,1950,39,D,AZ,KZ,D
09:59:15,MYOR,RG,1950,4,D,AZ,KZ,D
09:59:15,MYOR,RG,1950,4,D,AZ,XC,D
09:59:15,MYOR,RG,1950,200,D,AZ,CC,D
09:59:15,MYOR,RG,1950,50,D,AZ,EP,D
09:59:15,MYOR,RG,1950,1,D,AZ,PD,D
09:59:15,MYOR,RG,1950,26,D,AZ,KZ,D
09:59:15,MYOR,RG,1950,226,D,AZ,KZ,D
09:59:15,MYOR,RG,1950,16,D,AZ,XC,D
09:59:15,MYOR,RG,1950,6,D,AZ,XL,D
09:59:15,MYOR,RG,1945,94,D,AZ,YU,F
09:59:15,MYOR,RG,1945,25,D,AZ,XL,D
09:59:15,MYOR,RG,1945,41,D,AZ,KZ,D
09:59:15,MYOR,RG,1945,6,D,AZ,KZ,D
09:59:15,MYOR,RG,1945,5,D,AZ,PD,D
09:59:15,MYOR,RG,1945,11,D,AZ,XC,D
09:59:15,MYOR,RG,1945,2,D,AZ,YP,D
09:59:15,MYOR,RG,1945,2,D,AZ,PD,D
09:59:15,MYOR,RG,1945,50,D,AZ,OD,D
09:59:15,MYOR,RG,1945,5,D,AZ,PD,D
09:59:15,MYOR,RG,1945,2,D,AZ,YP,D
09:59:15,MYOR,RG,1945,81,D,AZ,AK,F
09:59:15,MYOR,RG,1945,26,D,AZ,XC,D
09:59:15,MYOR,RG,1940,276,D,AZ,CS,F
09:59:15,MYOR,RG,1940,500,D,AZ,CC,D
09:59:15,MYOR,RG,1940,92,D,AZ,BK,F
09:59:15,MYOR,RG,1940,5,D,AZ,CC,D
09:59:15,MYOR,RG,1940,137,D,AZ,CS,F
09:59:15,MYOR,RG,1940,115,D,AZ,CC,D
09:59:15,MYOR,RG,1940,6,D,AZ,XC,D
09:59:15,MYOR,RG,1940,147,D,AZ,KZ,D
09:59:15,MYOR,RG,1940,50,D,AZ,YJ,D
09:59:15,MYOR,RG,1940,17,D,AZ,KZ,D
09:59:15,MYOR,RG,1940,10,D,AZ,ZP,D
09:58:52,MYOR,RG,1940,64,F,AK,BK,F
09:58:25,MYOR,RG,1940,1,D,DU,BK,F
09:57:55,MYOR,RG,1940,4,D,LG,BK,F
09:57:41,MYOR,RG,1940,59,D,CS,BK,F
09:57:41,MYOR,RG,1940,95,D,CS,CS,F
09:57:41,MYOR,RG,1940,23,F,ZP,CS,F
09:57:41,MYOR,RG,1940,648,F,ZP,YU,F
09:57:41,MYOR,RG,1940,88,F,ZP,CS,F
09:57:41,MYOR,RG,1940,50,F,ZP,EP,D
09:57:41,MYOR,RG,1940,2,F,ZP,PD,D
09:57:41,MYOR,RG,1940,73,F,ZP,CS,F
09:57:41,MYOR,RG,1940,115,F,ZP,CC,D
09:57:41,MYOR,RG,1940,129,F,ZP,CS,F
09:57:41,MYOR,RG,1940,72,F,ZP,BK,F
09:56:26,MYOR,RG,1940,8,D,PD,BK,F
09:56:22,MYOR,RG,1940,9,F,AK,BK,F
09:56:22,MYOR,RG,1940,4,F,AK,XL,D
09:56:22,MYOR,RG,1940,1,F,AK,EP,D
09:56:22,MYOR,RG,1940,53,F,AK,CC,D
09:56:13,MYOR,RG,1940,52,D,BB,CC,D
09:56:13,MYOR,RG,1940,99,D,BB,CC,D
09:56:13,MYOR,RG,1940,8,D,BB,CC,D
09:56:12,MYOR,RG,1940,88,D,CP,CC,D
09:56:12,MYOR,RG,1940,77,D,CP,CS,F
09:56:12,MYOR,RG,1940,121,D,CP,KZ,D
09:56:12,MYOR,RG,1940,16,D,CP,KZ,D
09:56:12,MYOR,RG,1940,4,D,CP,XC,D
09:56:12,MYOR,RG,1940,72,D,CP,CS,F
09:56:12,MYOR,RG,1940,7,D,CP,XC,D
09:56:12,MYOR,RG,1940,115,D,CP,KK,D
09:55:47,MYOR,RG,1940,2,D,YP,KK,D
09:55:46,MYOR,RG,1940,2,D,BB,KK,D
09:55:40,MYOR,RG,1940,1,D,BB,KK,D
09:55:40,MYOR,RG,1940,5,D,BB,CS,F
09:54:42,MYOR,RG,1940,8,D,BB,CS,F
09:54:39,MYOR,RG,1940,48,D,CC,CS,F
09:54:39,MYOR,RG,1940,1,D,CC,XA,D
09:54:39,MYOR,RG,1940,42,D,CC,CC,D
09:54:27,MYOR,RG,1940,1,D,PD,CC,D
09:53:40,MYOR,RG,1940,1,D,BB,CC,D
09:53:37,MYOR,RG,1940,5,D,BB,CC,D
09:53:08,MYOR,RG,1940,1,D,PD,CC,D
09:52:45,MYOR,RG,1940,7,D,BB,CC,D
09:52:28,MYOR,RG,1940,3,D,XC,CC,D
09:52:18,MYOR,RG,1940,12,D,CS,CC,D
09:51:53,MYOR,RG,1940,2,D,XC,CC,D
09:51:51,MYOR,RG,1940,1,D,CS,CC,D
09:51:51,MYOR,RG,1940,11,D,CS,CC,D
09:51:45,MYOR,RG,1940,6,D,BB,CC,D
09:51:39,MYOR,RG,1940,2,D,BB,CC,D
09:51:27,MYOR,RG,1940,17,D,CS,CC,D
09:51:20,MYOR,RG,1940,4,D,XC,CC,D
09:51:20,MYOR,RG,1940,1,D,XC,YP,D
09:51:20,MYOR,RG,1940,3,D,XC,XC,D
09:51:20,MYOR,RG,1940,3,D,XC,PD,D
09:50:53,MYOR,RG,1940,7,D,BB,BK,F
09:50:50,MYOR,RG,1940,49,D,CS,BK,F
09:50:50,MYOR,RG,1940,87,D,CP,CS,F
09:50:50,MYOR,RG,1940,18,D,CP,KZ,D
09:50:50,MYOR,RG,1940,159,D,CP,KZ,D
09:50:50,MYOR,RG,1940,95,D,CP,AK,F
09:50:50,MYOR,RG,1940,51,D,CP,NI,D
09:50:50,MYOR,RG,1940,50,D,CP,KK,D
09:50:50,MYOR,RG,1940,3,D,CP,XC,D
09:50:50,MYOR,RG,1940,37,D,CP,CC,D
09:49:54,MYOR,RG,1940,5,D,BQ,CC,D
09:49:51,MYOR,RG,1940,5,D,BB,CC,D
09:49:41,MYOR,RG,1940,1,D,BB,CC,D
09:49:40,MYOR,RG,1940,1,D,YP,CC,D
09:49:39,MYOR,RG,1940,35,D,KK,CC,D
09:49:17,MYOR,RG,1940,5,D,BQ,CC,D
09:49:09,MYOR,RG,1940,26,F,BK,CC,D
09:49:06,MYOR,RG,1940,30,F,BK,BK,F
09:49:05,MYOR,RG,1940,90,D,CS,BK,F
09:49:05,MYOR,RG,1940,12,D,CS,CS,F
09:49:05,MYOR,RG,1940,102,D,CP,CS,F
09:49:05,MYOR,RG,1940,30,D,CP,SQ,D
09:49:05,MYOR,RG,1940,300,D,CP,CC,D
09:49:05,MYOR,RG,1940,68,D,CP,AK,F
09:49:00,MYOR,RG,1935,16,D,AZ,PD,D
09:48:58,MYOR,RG,1940,6,D,BB,AK,F
09:48:19,MYOR,RG,1940,2,D,BB,AK,F
09:48:05,MYOR,RG,1940,7,D,BB,AK,F
09:47:45,MYOR,RG,1940,2,D,BB,AK,F
09:47:02,MYOR,RG,1940,7,D,BB,AK,F
09:46:53,MYOR,RG,1935,1387,D,AZ,CS,F
09:46:53,MYOR,RG,1935,1,D,XL,CS,F
09:46:53,MYOR,RG,1935,14,D,PD,CS,F
09:46:53,MYOR,RG,1935,461,F,ZP,CS,F
09:46:27,MYOR,RG,1935,39,F,ZP,KK,D
09:46:27,MYOR,RG,1935,32,D,AG,KK,D
09:46:05,MYOR,RG,1940,6,D,BB,AK,F
09:45:51,MYOR,RG,1940,37,D,YP,KZ,D
09:45:51,MYOR,RG,1940,63,D,YP,KZ,D
09:45:47,MYOR,RG,1940,1,D,BB,KZ,D
09:45:23,MYOR,RG,1940,54,D,CS,KZ,D
09:45:07,MYOR,RG,1940,6,D,BB,KZ,D
09:44:57,MYOR,RG,1940,50,D,YP,KZ,D
09:44:14,MYOR,RG,1940,7,D,BB,KZ,D
09:43:47,MYOR,RG,1940,2,D,BB,KZ,D
09:43:30,MYOR,RG,1940,25,D,XC,KZ,D
09:43:27,MYOR,RG,1940,106,D,CS,KZ,D
09:43:22,MYOR,RG,1935,168,D,AG,YP,D
09:43:22,MYOR,RG,1935,20,D,KK,YP,D
09:43:22,MYOR,RG,1935,1,D,XC,YP,D
09:43:22,MYOR,RG,1935,10,D,YP,YP,D
09:43:22,MYOR,RG,1935,1,D,OD,YP,D
09:43:12,MYOR,RG,1945,6,D,BB,KZ,D
09:43:11,MYOR,RG,1940,1,D,PD,CS,F
09:42:24,MYOR,RG,1940,1,D,XC,CS,F
09:42:19,MYOR,RG,1945,6,D,BB,KZ,D
09:41:45,MYOR,RG,1945,2,D,BB,KZ,D
09:41:39,MYOR,RG,1940,5,D,CS,CC,D
09:41:24,MYOR,RG,1945,6,D,BB,KZ,D
09:40:38,MYOR,RG,1940,4,D,CS,YJ,D
09:40:25,MYOR,RG,1935,1,D,OD,PD,D
09:40:24,MYOR,RG,1945,7,D,BB,KZ,D
09:40:13,MYOR,RG,1945,5,D,XC,KZ,D
09:40:11,MYOR,RG,1940,7,D,CS,NI,D
09:40:01,MYOR,RG,1940,1,D,CS,CS,F
09:40:01,MYOR,RG,1940,1,D,BB,CS,F
09:40:00,MYOR,RG,1940,8,D,LG,CS,F
09:39:41,MYOR,RG,1945,1,D,BB,KZ,D
09:39:24,MYOR,RG,1945,6,D,BB,KZ,D
09:39:11,MYOR,RG,1940,3,D,CS,XL,D
09:38:56,MYOR,RG,1935,2,D,OD,XC,D
09:38:51,MYOR,RG,1940,4,D,XC,CS,F
09:38:49,MYOR,RG,1940,5,D,AT,YP,D
09:38:49,MYOR,RG,1940,7,D,AT,CC,D
09:38:22,MYOR,RG,1940,5,D,BB,CC,D
09:38:10,MYOR,RG,1940,3,F,ZP,CC,D
09:38:10,MYOR,RG,1940,2,F,ZP,DH,D
09:38:10,MYOR,RG,1940,27,F,ZP,CS,F
09:38:10,MYOR,RG,1940,73,F,ZP,CS,F
09:38:10,MYOR,RG,1940,95,F,ZP,KK,D
09:37:41,MYOR,RG,1940,5,D,EP,KK,D
09:37:11,MYOR,RG,1935,1,D,OD,NI,D
09:37:11,MYOR,RG,1935,1,D,XC,NI,D
09:37:11,MYOR,RG,1935,2,D,YP,NI,D
09:37:11,MYOR,RG,1935,9,D,XL,NI,D
09:37:11,MYOR,RG,1935,2,D,YU,NI,D
09:36:59,MYOR,RG,1935,28,D,YU,XL,D
09:36:59,MYOR,RG,1935,13,D,CP,XL,D
09:36:31,MYOR,RG,1940,73,D,CS,CS,F
09:36:31,MYOR,RG,1940,100,D,ID,CS,F
09:36:16,MYOR,RG,1940,5,D,BB,CS,F
09:36:15,MYOR,RG,1940,71,D,KK,CS,F
09:36:12,MYOR,RG,1940,1,D,CS,YP,D
09:36:11,MYOR,RG,1940,2,D,CS,YP,D
09:36:06,MYOR,RG,1940,7,D,CS,YP,D
09:35:53,MYOR,RG,1940,3,D,BB,CS,F
09:35:52,MYOR,RG,1940,15,D,PD,CS,F
09:35:52,MYOR,RG,1940,5,D,PD,DH,D
09:35:51,MYOR,RG,1940,16,D,CS,DH,D
09:35:36,MYOR,RG,1940,1,D,CS,CS,F
09:35:36,MYOR,RG,1940,1,D,XC,CS,F
09:35:33,MYOR,RG,1945,23,D,DX,KZ,D
09:35:33,MYOR,RG,1945,1,D,DX,CS,F
09:35:33,MYOR,RG,1945,1,D,DX,XC,D
09:35:23,MYOR,RG,1940,1,D,XC,CS,F
09:35:23,MYOR,RG,1940,4,D,CC,CS,F
09:35:21,MYOR,RG,1940,20,D,YP,CS,F
09:34:53,MYOR,RG,1940,2,D,BB,CS,F
09:34:53,MYOR,RG,1940,2,D,CC,CS,F
09:34:53,MYOR,RG,1940,1,D,BB,CS,F
09:34:53,MYOR,RG,1940,1,D,PD,CS,F
09:34:53,MYOR,RG,1940,25,D,KK,CS,F
09:34:53,MYOR,RG,1940,6,D,BB,CS,F
09:34:44,MYOR,RG,1945,6,D,BB,CS,F
09:34:44,MYOR,RG,1945,30,D,YP,CS,F
09:34:39,MYOR,RG,1965,25,D,KK,AK,F
09:34:27,MYOR,RG,1945,13,D,PD,CS,F
09:34:18,MYOR,RG,1935,444,D,CP,CS,F
09:34:17,MYOR,RG,1940,130,F,AK,CS,F
09:34:17,MYOR,RG,1940,199,F,AK,CS,F
09:34:17,MYOR,RG,1940,4,D,BB,CS,F
09:34:17,MYOR,RG,1940,71,F,AK,CS,F
09:34:15,MYOR,RG,1970,2,D,BB,AK,F
09:34:15,MYOR,RG,1970,57,D,AZ,AK,F
09:34:15,MYOR,RG,1970,161,D,AZ,AK,F
09:34:15,MYOR,RG,1970,204,D,AZ,CS,F
09:34:14,MYOR,RG,1970,1000,D,AZ,CP,D
09:34:14,MYOR,RG,1970,70,D,AZ,KK,D
09:34:14,MYOR,RG,1970,102,D,AZ,XL,D
09:34:14,MYOR,RG,1970,1,D,AZ,XC,D
09:34:14,MYOR,RG,1970,15,D,AZ,PD,D
09:34:14,MYOR,RG,1970,1,D,AZ,PD,D
09:34:14,MYOR,RG,1970,6,D,AZ,PD,D
09:34:14,MYOR,RG,1970,2,D,AZ,YU,D
09:34:14,MYOR,RG,1970,1,D,AZ,KK,D
09:34:14,MYOR,RG,1970,70,D,AZ,LG,D
09:34:14,MYOR,RG,1970,1,D,AZ,KK,D
09:34:14,MYOR,RG,1970,2,D,AZ,PD,D
09:34:14,MYOR,RG,1970,2,D,AZ,XC,D
09:34:14,MYOR,RG,1970,100,D,AZ,DR,D
09:34:14,MYOR,RG,1970,20,D,AZ,OD,D
09:34:14,MYOR,RG,1970,10,D,AZ,EP,D
09:34:14,MYOR,RG,1970,5,D,AZ,PD,D
09:34:14,MYOR,RG,1970,1,D,AZ,PD,D
09:34:14,MYOR,RG,1970,2,D,AZ,YP,D
09:34:14,MYOR,RG,1970,10,D,AZ,YP,D
09:34:14,MYOR,RG,1970,50,D,AZ,KK,D
09:34:14,MYOR,RG,1970,1,D,AZ,PD,D
09:34:14,MYOR,RG,1970,2,D,AZ,PD,D
09:34:14,MYOR,RG,1970,2,D,AZ,PD,D
09:34:14,MYOR,RG,1970,10,D,AZ,PD,D
09:34:14,MYOR,RG,1965,10,D,AZ,XC,D
09:34:14,MYOR,RG,1965,500,D,AZ,CP,D
09:34:14,MYOR,RG,1965,3,D,AZ,XC,D
09:34:14,MYOR,RG,1965,12,D,AZ,PD,D
09:34:14,MYOR,RG,1965,444,D,AZ,ID,D
09:34:14,MYOR,RG,1965,5,D,AZ,XL,D
09:34:14,MYOR,RG,1965,1,D,AZ,XC,D
09:34:14,MYOR,RG,1965,56,D,AZ,ID,D
09:34:14,MYOR,RG,1965,30,D,AZ,YP,D
09:34:14,MYOR,RG,1965,1,D,AZ,XC,D
09:34:14,MYOR,RG,1965,5,D,AZ,DH,D
09:34:14,MYOR,RG,1965,16,D,AZ,XA,D
09:34:14,MYOR,RG,1965,25,D,AZ,XC,D
09:34:14,MYOR,RG,1965,1,D,AZ,XC,D
09:34:14,MYOR,RG,1965,10,D,AZ,YP,D
09:34:14,MYOR,RG,1965,100,D,AZ,KK,D
09:34:14,MYOR,RG,1965,97,D,AZ,BK,F
09:34:14,MYOR,RG,1965,99,D,AZ,CP,D
09:34:14,MYOR,RG,1960,2,D,AZ,XC,D
09:34:14,MYOR,RG,1960,1000,D,AZ,CP,D
09:34:14,MYOR,RG,1960,1,D,AZ,PD,D
09:34:14,MYOR,RG,1960,1,D,AZ,PD,D
09:34:14,MYOR,RG,1960,1,D,AZ,XL,D
09:34:14,MYOR,RG,1960,54,D,AZ,PD,D
09:34:14,MYOR,RG,1960,100,D,AZ,NI,D
09:34:14,MYOR,RG,1960,167,D,AZ,YP,D
09:34:14,MYOR,RG,1960,1,D,AZ,XC,D
09:34:14,MYOR,RG,1960,10,D,AZ,AZ,D
09:34:14,MYOR,RG,1960,50,D,AZ,LG,D
09:34:14,MYOR,RG,1960,15,D,AZ,ZR,D
09:34:14,MYOR,RG,1960,155,D,AZ,AZ,D
09:34:14,MYOR,RG,1960,80,D,AZ,CC,D
09:34:14,MYOR,RG,1960,1,D,AZ,NI,D
09:34:14,MYOR,RG,1960,10,D,AZ,XC,D
09:34:14,MYOR,RG,1960,1,D,AZ,KK,D
09:34:14,MYOR,RG,1960,94,D,AZ,AK,F
09:34:14,MYOR,RG,1955,4,D,AZ,KZ,D
09:34:14,MYOR,RG,1955,35,D,AZ,KZ,D
09:34:14,MYOR,RG,1955,16,D,AZ,XC,D
09:34:14,MYOR,RG,1955,20,D,AZ,DR,D
09:34:14,MYOR,RG,1955,5,D,AZ,XL,D
09:34:14,MYOR,RG,1955,1250,D,AZ,YP,F
09:34:14,MYOR,RG,1955,164,D,AZ,AK,F
09:34:14,MYOR,RG,1950,200,D,AZ,PD,D
09:34:14,MYOR,RG,1950,1,D,AZ,XC,D
09:34:14,MYOR,RG,1950,50,D,AZ,LG,D
09:34:14,MYOR,RG,1950,300,D,AZ,PD,D
09:34:14,MYOR,RG,1950,500,D,AZ,YP,D
09:34:14,MYOR,RG,1950,690,D,AZ,YU,F
09:34:14,MYOR,RG,1950,23,D,AZ,XL,D
09:34:14,MYOR,RG,1950,18,D,AZ,YP,D
09:34:14,MYOR,RG,1950,117,D,AZ,AK,F
09:34:14,MYOR,RG,1950,48,D,AZ,KZ,D
09:34:14,MYOR,RG,1950,282,D,AZ,KZ,D
09:34:14,MYOR,RG,1945,189,D,AZ,CS,F
09:34:14,MYOR,RG,1945,1,D,AZ,DR,D
09:34:14,MYOR,RG,1945,369,D,AZ,BK,F
09:34:14,MYOR,RG,1945,10,D,AZ,EP,D
09:34:14,MYOR,RG,1945,3,D,AZ,XC,D
09:34:14,MYOR,RG,1945,1,D,AZ,PD,D
09:34:14,MYOR,RG,1945,4,D,AZ,KZ,D
09:34:14,MYOR,RG,1945,37,D,AZ,KZ,D
09:34:14,MYOR,RG,1945,500,D,AZ,YP,D
09:34:14,MYOR,RG,1945,97,D,AZ,YB,D
09:34:11,MYOR,RG,1940,9,D,CS,CS,F
09:34:11,MYOR,RG,1940,26,D,XC,CS,F
09:34:11,MYOR,RG,1940,2,D,BB,CS,F
09:34:11,MYOR,RG,1940,68,F,AK,CS,F
09:34:11,MYOR,RG,1940,50,D,CP,CS,F
09:34:11,MYOR,RG,1940,10,D,AT,CS,F
09:34:11,MYOR,RG,1940,9,D,BB,CS,F
09:34:11,MYOR,RG,1940,2,D,BB,CS,F
09:34:10,MYOR,RG,1940,1,D,BB,DR,D
09:33:59,MYOR,RG,1945,9,D,BB,YB,D
09:33:25,MYOR,RG,1940,1,D,BB,CC,D
09:33:22,MYOR,RG,1945,2,D,BB,YB,D
09:32:52,MYOR,RG,1945,7,D,BB,YB,D
09:32:43,MYOR,RG,1945,7,D,BB,YB,D
09:32:42,MYOR,RG,1940,6,F,AK,CS,F
09:32:42,MYOR,RG,1940,187,F,AK,PD,D
09:32:41,MYOR,RG,1940,113,D,CP,PD,D
09:32:41,MYOR,RG,1940,131,D,CP,CS,F
09:32:41,MYOR,RG,1940,23,D,CP,CS,F
09:32:41,MYOR,RG,1940,16,D,CP,CS,F
09:32:41,MYOR,RG,1940,39,D,CP,CS,F
09:32:41,MYOR,RG,1940,113,D,CP,KZ,D
09:32:41,MYOR,RG,1940,14,D,CP,KZ,D
09:32:41,MYOR,RG,1940,1,D,CP,XC,D
09:32:41,MYOR,RG,1940,1,D,CP,AZ,D
09:32:41,MYOR,RG,1940,5,D,CP,YP,D
09:32:41,MYOR,RG,1940,151,D,CP,KZ,D
09:32:41,MYOR,RG,1940,5,D,CP,OD,D
09:32:41,MYOR,RG,1940,150,D,CP,AK,F
09:32:41,MYOR,RG,1940,18,D,CP,KZ,D
09:32:41,MYOR,RG,1940,78,D,CP,KZ,D
09:32:41,MYOR,RG,1940,155,D,CP,CS,F
09:32:41,MYOR,RG,1940,11,D,CP,CS,F
09:32:41,MYOR,RG,1940,46,D,CP,CS,F
09:32:41,MYOR,RG,1940,430,D,CP,BK,F
09:31:42,MYOR,RG,1940,1,D,BB,BK,F
09:31:41,MYOR,RG,1940,7,D,XC,BK,F
09:31:35,MYOR,RG,1940,6,D,BB,BK,F
09:30:47,MYOR,RG,1940,1,D,CC,BK,F
09:29:58,MYOR,RG,1940,2,D,BB,BK,F
09:29:58,MYOR,RG,1940,10,D,SQ,BK,F
09:29:52,MYOR,RG,1940,3,D,XL,BK,F
09:29:44,MYOR,RG,1940,60,D,KK,BK,F
09:29:44,MYOR,RG,1940,10,D,KK,CS,F
09:29:43,MYOR,RG,1940,10,D,SQ,KK,D
09:29:42,MYOR,RG,1940,6,D,PD,KK,D
09:29:25,MYOR,RG,1940,5,D,CC,KK,D
09:29:23,MYOR,RG,1935,7,D,CP,CS,F
09:29:23,MYOR,RG,1940,1,D,BB,KK,D
09:29:23,MYOR,RG,1940,6,D,BB,KK,D
09:29:23,MYOR,RG,1940,5,D,NI,KK,D
09:29:16,MYOR,RG,1940,7,D,CS,CS,F
09:29:16,MYOR,RG,1940,11,D,CP,CS,F
09:29:06,MYOR,RG,1940,9,D,CP,CS,F
09:29:06,MYOR,RG,1940,25,D,YP,CS,F
09:29:06,MYOR,RG,1940,1,D,BB,CS,F
09:29:06,MYOR,RG,1940,5,D,XC,CS,F
09:29:06,MYOR,RG,1940,3,D,BB,CS,F
09:29:04,MYOR,RG,1945,5,D,BB,YB,D
09:28:57,MYOR,RG,1940,15,F,AK,YP,D
09:28:56,MYOR,RG,1940,4,F,AK,KK,D
09:28:43,MYOR,RG,1940,55,F,AK,AK,F
09:28:43,MYOR,RG,1940,130,D,XC,AK,F
09:28:43,MYOR,RG,1940,15,D,CS,AK,F
09:28:41,MYOR,RG,1940,45,D,CS,AK,F
09:28:41,MYOR,RG,1940,15,D,PD,AK,F
09:28:41,MYOR,RG,1940,40,D,DR,AK,F
09:28:41,MYOR,RG,1940,5,D,DR,AK,F
09:28:41,MYOR,RG,1940,5,D,EP,AK,F
09:28:41,MYOR,RG,1940,190,D,CP,AK,F
09:28:41,MYOR,RG,1940,200,D,CP,AK,F
09:28:40,MYOR,RG,1940,1,D,CP,AK,F
09:28:40,MYOR,RG,1940,200,D,CP,AK,F
09:28:40,MYOR,RG,1940,2,D,CP,AK,F
09:28:40,MYOR,RG,1940,14,D,CP,AK,F
09:28:40,MYOR,RG,1940,15,D,CP,AK,F
09:28:40,MYOR,RG,1940,192,D,CP,AK,F
09:28:40,MYOR,RG,1940,186,D,CP,AK,F
09:28:40,MYOR,RG,1940,3,D,YP,AK,F
09:28:40,MYOR,RG,1940,11,D,CS,AK,F
09:28:40,MYOR,RG,1940,21,D,CS,CS,F
09:28:40,MYOR,RG,1940,80,F,AK,CS,F
09:28:40,MYOR,RG,1940,1,D,XC,CS,F
09:28:40,MYOR,RG,1940,101,D,CS,CS,F
09:28:40,MYOR,RG,1940,10,D,PD,CS,F
09:28:40,MYOR,RG,1940,50,D,YP,CS,F
09:28:40,MYOR,RG,1940,10,D,YB,CS,F
09:28:40,MYOR,RG,1940,10,D,YP,CS,F
09:28:40,MYOR,RG,1940,18,F,BK,CS,F
09:28:40,MYOR,RG,1940,6,D,BB,CS,F
09:28:40,MYOR,RG,1940,322,D,ID,CS,F
09:28:15,MYOR,RG,1940,15,D,ID,YP,D
09:27:58,MYOR,RG,1945,7,D,CS,AK,F
09:27:58,MYOR,RG,1945,1,D,BB,AK,F
09:27:58,MYOR,RG,1945,8,D,XC,CS,F
09:27:54,MYOR,RG,1940,8,D,ID,XC,D
09:27:48,MYOR,RG,1940,91,D,ID,PD,D
09:27:45,MYOR,RG,1950,10,D,XL,KZ,D
09:27:40,MYOR,RG,1945,4,D,CS,CS,F
09:27:40,MYOR,RG,1945,7,F,BK,AK,F
09:27:40,MYOR,RG,1945,8,D,CS,AK,F
09:27:40,MYOR,RG,1945,32,D,CS,AK,F
09:27:40,MYOR,RG,1945,7,D,BB,AK,F
09:27:40,MYOR,RG,1945,100,D,NI,CS,F
09:27:26,MYOR,RG,1940,1,D,ID,YP,D
09:27:15,MYOR,RG,1940,7,D,ID,CS,F
09:27:14,MYOR,RG,1945,7,D,BB,CS,F
09:27:14,MYOR,RG,1945,50,D,BQ,CS,F
09:27:07,MYOR,RG,1950,3,D,BB,KZ,D
09:27:03,MYOR,RG,1950,100,D,DX,KZ,D
09:27:01,MYOR,RG,1950,11,D,BB,KZ,D
09:26:35,MYOR,RG,1955,20,D,CS,KZ,D
09:26:34,MYOR,RG,1950,2,D,BB,AK,F
09:26:34,MYOR,RG,1950,10,D,XC,CS,F
09:26:20,MYOR,RG,1955,6,D,BB,KZ,D
09:26:11,MYOR,RG,1950,10,D,CS,YP,D
09:25:44,MYOR,RG,1950,25,D,CS,PD,D
09:25:41,MYOR,RG,1950,45,D,CS,YP,D
09:25:27,MYOR,RG,1955,5,D,BB,KZ,D
09:25:12,MYOR,RG,1945,1,D,XC,CS,F
09:25:03,MYOR,RG,1955,12,D,CS,KZ,D
09:24:43,MYOR,RG,1940,10,D,ID,SQ,D
09:24:41,MYOR,RG,1940,5,D,ID,PD,D
09:24:38,MYOR,RG,1960,3,D,BB,AK,F
09:24:06,MYOR,RG,1940,8,D,ID,XC,D
09:23:59,MYOR,RG,1960,3,D,BB,AK,F
09:22:42,MYOR,RG,1940,33,D,ID,CS,F
09:22:42,MYOR,RG,1940,1,D,AT,CS,F
09:22:42,MYOR,RG,1940,10,D,YP,CS,F
09:22:42,MYOR,RG,1940,59,D,NI,CS,F
09:22:42,MYOR,RG,1945,1,D,BB,CS,F
09:22:42,MYOR,RG,1945,2,D,PD,CS,F
09:22:42,MYOR,RG,1945,22,F,AK,CS,F
09:22:42,MYOR,RG,1945,30,F,AK,CC,D
09:22:42,MYOR,RG,1945,43,F,BK,CC,D
09:22:42,MYOR,RG,1945,58,F,CC,CC,D
09:22:33,MYOR,RG,1960,1,D,PD,AK,F
09:21:35,MYOR,RG,1965,1,D,XL,CP,D
09:21:31,MYOR,RG,1945,4,F,AK,CP,D
09:21:24,MYOR,RG,1945,1,F,AK,CS,F
09:21:23,MYOR,RG,1945,100,F,AK,CS,F
09:21:23,MYOR,RG,1945,45,F,AK,XC,D
09:21:23,MYOR,RG,1945,15,D,BB,XC,D
09:21:20,MYOR,RG,1965,12,D,BK,CP,D
09:21:17,MYOR,RG,1940,1,D,NI,CS,F
09:21:16,MYOR,RG,1940,40,D,NI,CS,F
09:21:16,MYOR,RG,1940,15,D,KK,CS,F
09:21:16,MYOR,RG,1940,2,D,XC,CS,F
09:21:16,MYOR,RG,1940,44,F,AK,CS,F
09:21:16,MYOR,RG,1940,7,D,CS,CS,F
09:21:16,MYOR,RG,1945,180,F,AK,CS,F
09:21:16,MYOR,RG,1960,246,F,BK,CS,F
09:21:16,MYOR,RG,1960,180,D,BK,CS,F
09:21:16,MYOR,RG,1965,363,F,BK,CP,D
09:21:15,MYOR,RG,1960,8,D,BK,AK,F
09:21:15,MYOR,RG,1960,8,D,XC,AK,F
09:21:15,MYOR,RG,1960,4,D,BB,AK,F
09:21:15,MYOR,RG,1960,3,D,BB,AK,F
09:21:15,MYOR,RG,1965,25,D,BK,CP,D
09:21:15,MYOR,RG,1965,1,D,BK,YP,D
09:21:15,MYOR,RG,1965,1,D,BK,XC,D
09:21:15,MYOR,RG,1965,18,D,BK,XL,D
09:21:15,MYOR,RG,1965,4,D,BK,XL,D
09:21:15,MYOR,RG,1965,5,D,BK,GR,D
09:21:15,MYOR,RG,1965,1,D,BK,XC,D
09:21:15,MYOR,RG,1965,214,D,BK,XA,D
09:21:15,MYOR,RG,1965,1,D,BK,YP,D
09:21:15,MYOR,RG,1965,10,D,BK,YP,D
09:21:15,MYOR,RG,1965,160,D,BK,DH,D
09:21:15,MYOR,RG,1965,3,D,BK,DR,D
09:21:15,MYOR,RG,1965,2,D,BK,PD,D
09:21:15,MYOR,RG,1960,8,D,BB,AK,F
09:21:15,MYOR,RG,1960,103,D,YP,AK,F
09:21:15,MYOR,RG,1960,3,D,YP,XC,D
09:21:14,MYOR,RG,1960,10,D,YP,EP,D
09:21:14,MYOR,RG,1960,224,D,YP,CS,F
09:21:14,MYOR,RG,1960,12,D,YP,CC,D
09:21:14,MYOR,RG,1960,11,D,YP,AK,F
09:21:14,MYOR,RG,1960,11,D,YP,CC,D
09:21:14,MYOR,RG,1960,4,D,YP,AK,F
09:21:14,MYOR,RG,1960,11,D,YP,AK,F
09:21:14,MYOR,RG,1960,3,D,YP,AK,F
09:21:14,MYOR,RG,1960,290,D,YP,AK,F
09:21:14,MYOR,RG,1960,6,D,YP,YP,D
09:21:14,MYOR,RG,1955,2,D,YP,AK,F
09:21:14,MYOR,RG,1955,2,D,YP,AK,F
09:21:14,MYOR,RG,1955,8,D,YP,AK,F
09:21:14,MYOR,RG,1955,2,D,BB,AK,F
09:21:14,MYOR,RG,1955,10,D,AT,AK,F
09:21:13,MYOR,RG,1955,3,D,AT,NI,D
09:21:13,MYOR,RG,1960,14,D,CS,AK,F
09:21:13,MYOR,RG,1960,47,D,CS,AK,F
09:21:13,MYOR,RG,1960,3,D,CS,AK,F
09:21:13,MYOR,RG,1960,10,D,CS,AK,F
09:21:13,MYOR,RG,1960,33,D,AZ,AK,F
09:21:13,MYOR,RG,1960,98,D,AZ,AK,F
09:21:13,MYOR,RG,1960,2,D,AZ,PD,D
09:21:13,MYOR,RG,1960,500,D,AZ,CP,D
09:21:13,MYOR,RG,1960,2,D,AZ,XC,D
09:21:13,MYOR,RG,1960,500,D,AZ,CP,D
09:21:13,MYOR,RG,1960,2,D,AZ,PD,D
09:21:13,MYOR,RG,1960,25,D,AZ,YP,D
09:21:13,MYOR,RG,1960,50,D,AZ,YP,D
09:21:13,MYOR,RG,1960,2,D,AZ,LG,D
09:21:13,MYOR,RG,1960,1,D,AZ,YP,D
09:21:13,MYOR,RG,1960,1,D,AZ,XC,D
09:21:13,MYOR,RG,1960,1,D,AZ,XC,D
09:21:13,MYOR,RG,1960,10,D,AZ,YP,D
09:21:13,MYOR,RG,1960,6,D,AZ,PD,D
09:21:13,MYOR,RG,1960,2,D,AZ,PD,D
09:21:13,MYOR,RG,1960,20,D,AZ,CP,D
09:21:13,MYOR,RG,1960,2,D,AZ,KK,D
09:21:13,MYOR,RG,1960,3,D,AZ,PD,D
09:21:13,MYOR,RG,1960,1,D,AZ,PD,D
09:21:13,MYOR,RG,1955,10,D,AZ,EP,D
09:21:13,MYOR,RG,1955,148,D,AZ,CP,D
09:21:13,MYOR,RG,1955,180,D,AZ,EP,D
09:21:13,MYOR,RG,1955,5,D,AZ,PD,D
09:21:13,MYOR,RG,1955,1,D,AZ,YP,D
09:21:13,MYOR,RG,1955,500,D,AZ,CP,D
09:21:13,MYOR,RG,1955,500,D,AZ,CP,D
09:21:13,MYOR,RG,1955,6,D,AZ,DH,D
09:21:13,MYOR,RG,1955,3,D,AZ,DR,D
09:21:13,MYOR,RG,1955,2,D,AZ,YP,D
09:21:13,MYOR,RG,1955,10,D,AZ,YP,D
09:21:13,MYOR,RG,1955,28,D,AZ,PD,D
09:21:13,MYOR,RG,1955,2,D,AZ,PD,D
09:21:13,MYOR,RG,1950,10,D,AZ,EP,D
09:21:13,MYOR,RG,1950,8,D,AZ,DR,D
09:21:13,MYOR,RG,1950,8,D,AZ,PD,D
09:21:13,MYOR,RG,1950,23,D,AZ,XL,D
09:21:13,MYOR,RG,1950,2,D,AZ,KZ,D
09:21:13,MYOR,RG,1950,86,D,AZ,LG,D
09:21:13,MYOR,RG,1950,1,D,AZ,XC,D
09:21:13,MYOR,RG,1950,20,D,AZ,EP,D
09:21:13,MYOR,RG,1950,10,D,AZ,GR,D
09:21:13,MYOR,RG,1950,5,D,AZ,PD,D
09:21:13,MYOR,RG,1950,1,D,AZ,PD,D
09:21:13,MYOR,RG,1950,1,D,AZ,XC,D
09:21:13,MYOR,RG,1950,1,D,AZ,PD,D
09:21:13,MYOR,RG,1950,6,D,AZ,XC,D
09:21:13,MYOR,RG,1950,1,D,AZ,YP,D
09:21:13,MYOR,RG,1950,1,D,AZ,KZ,D
09:21:13,MYOR,RG,1950,11,D,AZ,AZ,D
09:21:13,MYOR,RG,1950,5,D,AZ,LG,D
09:21:13,MYOR,RG,1950,20,D,AZ,YP,D
09:21:13,MYOR,RG,1950,100,D,AZ,PD,D
09:21:13,MYOR,RG,1950,4,D,AZ,CC,D
09:21:13,MYOR,RG,1950,30,D,AZ,NI,D
09:21:13,MYOR,RG,1950,3,D,AZ,PD,D
09:21:13,MYOR,RG,1950,10,D,AZ,YP,D
09:21:13,MYOR,RG,1950,500,D,AZ,YP,D
09:21:13,MYOR,RG,1950,5,D,AZ,PD,D
09:21:13,MYOR,RG,1950,3,D,AZ,KZ,D
09:21:13,MYOR,RG,1950,31,D,AZ,KZ,D
09:21:13,MYOR,RG,1950,150,D,AZ,YP,D
09:21:13,MYOR,RG,1950,45,D,AZ,PD,D
09:21:13,MYOR,RG,1950,20,D,AZ,OD,D
09:21:13,MYOR,RG,1950,3,D,AZ,PD,D
09:21:13,MYOR,RG,1950,3,D,AZ,NI,D
09:21:13,MYOR,RG,1950,100,D,AZ,PD,D
09:21:13,MYOR,RG,1950,49,D,AZ,XC,D
09:21:13,MYOR,RG,1950,1,D,AZ,XC,D
09:21:13,MYOR,RG,1950,15,D,AZ,XC,D
09:21:13,MYOR,RG,1950,50,D,AZ,YP,D
09:21:13,MYOR,RG,1950,150,D,AZ,PD,D
09:21:13,MYOR,RG,1950,22,D,AZ,EP,D
09:21:13,MYOR,RG,1950,20,D,AZ,XL,D
09:21:13,MYOR,RG,1950,10,D,AZ,NI,D
09:21:13,MYOR,RG,1950,11,D,AZ,XL,D
09:21:13,MYOR,RG,1950,1,D,AZ,XL,D
09:21:13,MYOR,RG,1950,17,D,AZ,XL,D
09:21:13,MYOR,RG,1950,2,D,AZ,YP,D
09:21:13,MYOR,RG,1950,5,D,AZ,CC,D
09:21:13,MYOR,RG,1950,75,D,AZ,YP,D
09:21:13,MYOR,RG,1950,2,D,AZ,PD,D
09:21:13,MYOR,RG,1950,2,D,AZ,PD,D
09:21:13,MYOR,RG,1950,14,D,AZ,PD,D
09:21:13,MYOR,RG,1950,1,D,AZ,PD,D
09:21:13,MYOR,RG,1950,6,D,AZ,DH,D
09:21:13,MYOR,RG,1950,2,D,AZ,DR,D
09:21:13,MYOR,RG,1950,1,D,AZ,PD,D
09:21:13,MYOR,RG,1950,1,D,AZ,PD,D
09:21:13,MYOR,RG,1950,2,D,AZ,BQ,D
09:21:13,MYOR,RG,1950,25,D,AZ,GR,D
09:21:13,MYOR,RG,1950,23,D,AZ,GR,D
09:21:13,MYOR,RG,1945,182,D,AZ,CS,F
09:21:13,MYOR,RG,1945,7,D,AZ,XA,D
09:21:13,MYOR,RG,1945,1,D,AZ,YU,F
09:21:13,MYOR,RG,1945,420,D,AZ,YP,D
09:21:01,MYOR,RG,1940,3,D,BB,OD,D
09:21:01,MYOR,RG,1940,8,D,BB,OD,D
09:21:01,MYOR,RG,1940,13,D,CS,OD,D
09:21:01,MYOR,RG,1940,3,D,CS,OD,D
09:21:01,MYOR,RG,1940,3,D,BK,OD,D
09:21:00,MYOR,RG,1945,5,D,AT,YP,D
09:20:57,MYOR,RG,1940,73,D,BK,CC,D
09:20:55,MYOR,RG,1945,2,D,BB,YP,D
09:20:53,MYOR,RG,1945,1,D,PD,YP,D
09:20:51,MYOR,RG,1945,25,D,YP,YP,D
09:20:38,MYOR,RG,1945,30,D,KK,YP,D
09:20:22,MYOR,RG,1945,17,D,BK,YP,D
09:20:20,MYOR,RG,1945,6,D,CS,DR,D
09:20:20,MYOR,RG,1945,3,D,BB,DR,D
09:20:20,MYOR,RG,1945,1,D,BB,DR,D
09:20:18,MYOR,RG,1945,34,F,AK,PD,D
09:20:18,MYOR,RG,1945,2,F,AK,XL,D
09:20:18,MYOR,RG,1945,52,F,AK,XC,D
09:20:17,MYOR,RG,1945,15,D,BK,XC,D
09:20:13,MYOR,RG,1945,74,F,AK,XC,D
09:20:13,MYOR,RG,1945,116,F,AK,CS,F
09:20:13,MYOR,RG,1945,6,F,AK,XC,D
09:20:13,MYOR,RG,1945,4,F,AK,YP,D
09:20:11,MYOR,RG,1945,2,D,BB,YP,D
09:20:11,MYOR,RG,1945,2,D,BB,NI,D
09:20:03,MYOR,RG,1945,2,D,BB,NI,D
09:19:52,MYOR,RG,1945,11,F,AK,NI,D
09:19:52,MYOR,RG,1945,1,F,AK,NI,D
09:19:52,MYOR,RG,1945,3,F,AK,KZ,D
09:19:52,MYOR,RG,1945,3,F,AK,BQ,D
09:19:52,MYOR,RG,1945,16,F,AK,YP,D
09:19:52,MYOR,RG,1945,4,F,AK,KZ,D
09:19:52,MYOR,RG,1945,33,F,AK,KZ,D
09:19:52,MYOR,RG,1945,30,F,AK,OD,D
09:19:52,MYOR,RG,1945,2,F,AK,XL,D
09:19:52,MYOR,RG,1945,58,F,AK,XL,D
09:19:45,MYOR,RG,1940,131,D,CS,BK,F
09:19:45,MYOR,RG,1940,98,D,CP,BK,F
09:19:45,MYOR,RG,1940,18,D,CP,KZ,D
09:19:45,MYOR,RG,1940,141,D,CP,KZ,D
09:19:45,MYOR,RG,1940,109,D,CP,CS,F
09:19:45,MYOR,RG,1940,134,D,CP,GR,D
09:19:40,MYOR,RG,1940,16,D,YP,GR,D
09:19:21,MYOR,RG,1940,100,D,YP,GR,D
09:18:52,MYOR,RG,1940,4,D,CS,CS,F
09:18:52,MYOR,RG,1940,4,D,BB,CS,F
09:18:51,MYOR,RG,1940,21,D,YP,CS,F
09:18:48,MYOR,RG,1945,1,D,XL,XL,D
09:18:19,MYOR,RG,1940,1,D,CS,CC,D
09:18:12,MYOR,RG,1940,2,D,CS,CS,F
09:18:12,MYOR,RG,1940,2,D,BB,CS,F
09:17:59,MYOR,RG,1940,20,D,YP,CS,F
09:17:41,MYOR,RG,1940,1,D,PD,AK,F
09:17:41,MYOR,RG,1940,5,D,XL,AK,F
09:17:41,MYOR,RG,1940,7,D,CS,AK,F
09:17:41,MYOR,RG,1940,10,D,CS,AK,F
09:17:41,MYOR,RG,1940,10,D,CC,AK,F
09:17:41,MYOR,RG,1940,2,D,BB,AK,F
09:17:41,MYOR,RG,1940,1,D,BB,AK,F
09:17:41,MYOR,RG,1940,99,D,BK,AK,F
09:17:41,MYOR,RG,1940,5,D,BB,AK,F
09:17:41,MYOR,RG,1940,14,D,BB,AK,F
09:17:15,MYOR,RG,1945,5,D,PD,XL,D
09:17:07,MYOR,RG,1945,8,D,BB,XL,D
09:17:05,MYOR,RG,1945,1,D,BB,XL,D
09:16:55,MYOR,RG,1945,17,D,BK,XL,D
09:16:50,MYOR,RG,1945,82,D,BK,XL,D
09:16:47,MYOR,RG,1940,79,F,BK,LG,D
09:16:47,MYOR,RG,1940,4,F,BK,YB,D
09:16:47,MYOR,RG,1940,23,F,BK,CS,F
09:16:47,MYOR,RG,1940,91,D,CP,CS,F
09:16:47,MYOR,RG,1940,1,D,CP,XC,D
09:16:47,MYOR,RG,1940,1,D,CP,EP,D
09:16:47,MYOR,RG,1940,26,D,CP,NI,D
09:16:47,MYOR,RG,1940,2,D,CP,XC,D
09:16:47,MYOR,RG,1940,13,D,CP,XL,D
09:16:47,MYOR,RG,1940,1,D,CP,XC,D
09:16:47,MYOR,RG,1940,19,D,CP,KZ,D
09:16:47,MYOR,RG,1940,169,D,CP,KZ,D
09:16:47,MYOR,RG,1940,55,D,CP,KK,D
09:16:47,MYOR,RG,1940,3,D,CP,XC,D
09:16:47,MYOR,RG,1940,76,D,CP,AT,D
09:16:47,MYOR,RG,1940,68,D,CP,CS,F
09:16:47,MYOR,RG,1940,54,D,CP,XC,D
09:16:47,MYOR,RG,1940,43,D,CP,CS,F
09:16:47,MYOR,RG,1940,1,D,CP,XC,D
09:16:47,MYOR,RG,1940,194,D,CP,BK,F
09:16:47,MYOR,RG,1940,183,D,CP,YU,F
09:16:36,MYOR,RG,1940,1,D,XL,YU,F
09:16:33,MYOR,RG,1935,7,D,CP,PD,D
09:16:33,MYOR,RG,1935,20,D,CP,XL,D
09:15:51,MYOR,RG,1940,5,D,OD,YU,F
09:15:50,MYOR,RG,1940,478,D,CS,YU,F
09:15:11,MYOR,RG,1940,1,D,YP,XC,D
09:14:03,MYOR,RG,1940,1,D,AT,CS,F
09:13:59,MYOR,RG,1935,1,D,CP,PD,D
09:13:39,MYOR,RG,1940,1,D,YP,CS,F
09:13:35,MYOR,RG,1940,1,D,AT,CS,F
09:13:32,MYOR,RG,1935,8,D,CP,XC,D
09:13:31,MYOR,RG,1940,8,D,XC,CS,F
09:13:00,MYOR,RG,1940,5,D,XL,CS,F
09:12:57,MYOR,RG,1935,11,D,BK,CS,F
09:12:57,MYOR,RG,1935,16,F,BK,CC,D
09:12:57,MYOR,RG,1935,3,D,BB,CC,D
09:12:57,MYOR,RG,1935,94,D,CC,CC,D
09:12:52,MYOR,RG,1935,4,D,CC,KZ,D
09:12:52,MYOR,RG,1935,2,D,CC,KZ,D
09:12:46,MYOR,RG,1935,2,D,CS,AK,F
09:12:46,MYOR,RG,1935,4,D,CS,AK,F
09:12:46,MYOR,RG,1935,24,D,CS,AK,F
09:12:46,MYOR,RG,1935,1,D,BQ,AK,F
09:12:46,MYOR,RG,1935,1,D,XC,AK,F
09:12:46,MYOR,RG,1935,1,D,BB,AK,F
09:12:46,MYOR,RG,1935,11,D,BB,AK,F
09:12:46,MYOR,RG,1935,3,D,BB,AK,F
09:12:46,MYOR,RG,1935,17,D,BK,AK,F
09:12:46,MYOR,RG,1935,7,F,BK,AK,F
09:12:46,MYOR,RG,1935,22,F,BK,CS,F
09:12:46,MYOR,RG,1935,4,D,CS,CS,F
09:12:29,MYOR,RG,1940,1,D,EP,CS,F
09:12:16,MYOR,RG,1935,1,D,CS,CS,F
09:12:16,MYOR,RG,1935,2,D,CS,CS,F
09:12:16,MYOR,RG,1935,14,D,BB,CS,F
09:12:16,MYOR,RG,1935,1,D,BB,CS,F
09:12:16,MYOR,RG,1935,7,D,BB,CS,F
09:12:15,MYOR,RG,1935,65,D,BK,CS,F
09:12:12,MYOR,RG,1940,38,D,CP,CS,F
09:12:12,MYOR,RG,1940,11,D,CP,KZ,D
09:12:12,MYOR,RG,1940,126,D,CP,KZ,D
09:12:12,MYOR,RG,1940,2,D,CP,XC,D
09:12:12,MYOR,RG,1940,65,D,CP,DH,D
09:12:12,MYOR,RG,1940,3,D,CP,XC,D
09:12:12,MYOR,RG,1940,67,D,CP,CS,F
09:12:12,MYOR,RG,1940,22,D,CP,CS,F
09:12:12,MYOR,RG,1940,71,D,CP,CS,F
09:12:12,MYOR,RG,1940,1,D,CP,CS,F
09:12:12,MYOR,RG,1940,24,D,CP,CC,D
09:12:12,MYOR,RG,1940,10,D,CP,XC,D
09:12:12,MYOR,RG,1940,2,D,CP,PD,D
09:12:12,MYOR,RG,1940,10,D,CP,AZ,D
09:12:12,MYOR,RG,1940,48,D,CP,XC,D
09:11:21,MYOR,RG,1940,16,D,CS,XC,D
09:11:21,MYOR,RG,1940,2,D,CS,XC,D
09:11:21,MYOR,RG,1940,1,D,CS,XL,D
09:11:21,MYOR,RG,1940,1,D,CS,YP,D
09:11:20,MYOR,RG,1935,20,D,CS,XC,D
09:10:59,MYOR,RG,1930,3,D,CP,DR,D
09:10:24,MYOR,RG,1930,69,D,CP,DH,D
09:10:24,MYOR,RG,1930,20,D,CP,NI,D
09:09:50,MYOR,RG,1930,1,D,CP,DH,D
09:09:44,MYOR,RG,1930,2,D,CP,YP,D
09:09:22,MYOR,RG,1930,5,D,CP,AZ,D
09:09:02,MYOR,RG,1930,10,D,CP,CS,F
09:09:02,MYOR,RG,1935,10,D,CC,CS,F
09:08:43,MYOR,RG,1935,8,D,YP,CS,F
09:08:23,MYOR,RG,1935,22,D,CS,PD,D
09:08:21,MYOR,RG,1930,2,D,CP,HP,D
09:08:14,MYOR,RG,1935,3,D,CS,XC,D
09:08:07,MYOR,RG,1935,17,D,CS,NI,D
09:07:52,MYOR,RG,1935,8,D,CS,PD,D
09:07:31,MYOR,RG,1930,8,D,CS,PD,D
09:07:10,MYOR,RG,1935,12,D,CS,AT,D
09:07:03,MYOR,RG,1935,19,D,CS,AK,F
09:07:03,MYOR,RG,1935,15,F,BK,AK,F
09:07:03,MYOR,RG,1935,1,F,BK,CS,F
09:07:03,MYOR,RG,1935,18,D,BK,CS,F
09:07:03,MYOR,RG,1935,30,D,BK,KZ,D
09:06:51,MYOR,RG,1935,2,D,CS,AK,F
09:06:51,MYOR,RG,1935,43,D,CS,CS,F
09:06:50,MYOR,RG,1935,41,F,BK,AK,F
09:06:50,MYOR,RG,1935,48,D,BK,AK,F
09:06:50,MYOR,RG,1935,64,D,CP,AK,F
09:06:50,MYOR,RG,1935,2,D,CP,AK,F
09:06:50,MYOR,RG,1935,53,D,CP,AK,F
09:06:31,MYOR,RG,1935,4,D,CP,AK,F
09:06:31,MYOR,RG,1935,54,D,CP,AK,F
09:06:31,MYOR,RG,1935,1,D,CP,PD,D
09:06:31,MYOR,RG,1935,4,D,CP,KZ,D
09:06:31,MYOR,RG,1935,7,D,CP,KZ,D
09:06:31,MYOR,RG,1935,13,D,CP,KZ,D
09:06:31,MYOR,RG,1935,120,D,CP,KZ,D
09:06:31,MYOR,RG,1935,9,D,CP,KZ,D
09:06:31,MYOR,RG,1935,77,D,CP,KZ,D
09:06:31,MYOR,RG,1935,2,D,CP,XL,D
09:06:31,MYOR,RG,1935,7,D,CP,KZ,D
09:06:31,MYOR,RG,1935,83,D,CP,KZ,D
09:06:21,MYOR,RG,1925,16,D,BK,CS,F
09:06:21,MYOR,RG,1930,45,F,BK,CS,F
09:06:21,MYOR,RG,1930,1,D,CC,CS,F
09:06:21,MYOR,RG,1930,25,D,CS,KZ,D
09:06:21,MYOR,RG,1930,61,F,CC,KZ,D
09:06:21,MYOR,RG,1930,45,D,BK,KZ,D
09:06:21,MYOR,RG,1930,15,D,CS,KZ,D
09:06:21,MYOR,RG,1930,29,D,CS,KZ,D
09:06:21,MYOR,RG,1930,20,D,CS,KZ,D
09:06:21,MYOR,RG,1930,100,D,AT,KZ,D
09:06:21,MYOR,RG,1930,2,D,XC,KZ,D
09:06:21,MYOR,RG,1930,3,F,BK,KZ,D
09:06:14,MYOR,RG,1930,5,F,BK,GR,D
09:06:04,MYOR,RG,1930,1,F,BK,AT,D
09:05:48,MYOR,RG,1930,5,F,BK,GR,D
09:05:40,MYOR,RG,1930,8,F,BK,XC,D
09:05:40,MYOR,RG,1930,10,D,NI,XC,D
09:05:40,MYOR,RG,1930,5,D,YP,XC,D
09:05:40,MYOR,RG,1930,12,D,CS,XC,D
09:05:38,MYOR,RG,1935,1,D,CC,BK,F
09:05:06,MYOR,RG,1930,1,D,CS,AK,F
09:05:06,MYOR,RG,1930,27,D,CS,AK,F
09:05:06,MYOR,RG,1930,14,D,BK,AK,F
09:05:06,MYOR,RG,1930,1,D,BK,CS,F
09:05:06,MYOR,RG,1930,23,D,BK,CS,F
09:05:06,MYOR,RG,1930,9,F,BK,CS,F
09:05:06,MYOR,RG,1930,36,F,BK,CS,F
09:05:06,MYOR,RG,1930,52,F,BK,CS,F
09:05:01,MYOR,RG,1930,22,F,BK,PD,D
09:04:38,MYOR,RG,1930,2,F,BK,XC,D
09:04:26,MYOR,RG,1930,5,F,BK,NI,D
09:04:26,MYOR,RG,1930,3,F,BK,XC,D
09:03:59,MYOR,RG,1930,2,F,BK,XL,D
09:03:57,MYOR,RG,1935,17,D,BK,BK,F
09:03:54,MYOR,RG,1935,100,D,AT,BK,F
09:03:37,MYOR,RG,1930,78,F,BK,CS,F
09:03:37,MYOR,RG,1930,154,F,BK,YP,D
09:03:37,MYOR,RG,1930,11,F,BK,YP,D
09:03:28,MYOR,RG,1935,1,D,AT,BK,F
09:03:21,MYOR,RG,1935,5,D,CC,BK,F
09:03:15,MYOR,RG,1935,34,D,XC,BK,F
09:03:15,MYOR,RG,1935,1,D,XC,YP,D
09:03:15,MYOR,RG,1935,1,D,XC,XL,D
09:03:15,MYOR,RG,1935,4,D,XC,XL,D
09:03:05,MYOR,RG,1930,51,F,BK,AK,F
09:03:05,MYOR,RG,1930,72,F,BK,AK,F
09:03:05,MYOR,RG,1930,1,D,BK,AK,F
09:02:58,MYOR,RG,1935,1,D,XL,XL,D
09:02:57,MYOR,RG,1935,5,D,XL,XL,D
09:02:56,MYOR,RG,1930,36,D,BK,CS,F
09:02:54,MYOR,RG,1930,5,D,CS,XC,D
09:02:54,MYOR,RG,1930,8,D,CS,XC,D
09:02:54,MYOR,RG,1930,1,D,CS,AZ,D
09:02:54,MYOR,RG,1930,7,D,CS,NI,D
09:02:53,MYOR,RG,1930,46,D,CS,NI,D
09:02:53,MYOR,RG,1925,5,F,AK,XC,D
09:02:53,MYOR,RG,1925,3,F,AK,AZ,D
09:02:53,MYOR,RG,1925,5,F,AK,KK,D
09:02:53,MYOR,RG,1925,33,F,AK,CS,F
09:02:52,MYOR,RG,1925,2,D,XL,KZ,D
09:02:52,MYOR,RG,1925,26,D,XC,KZ,D
09:02:47,MYOR,RG,1925,1,D,CC,CS,F
09:02:39,MYOR,RG,1925,24,D,YP,CS,F
09:02:39,MYOR,RG,1925,1,D,YP,KZ,D
09:02:37,MYOR,RG,1925,25,D,YP,KK,D
09:02:34,MYOR,RG,1920,9,D,CS,IF,D
09:02:24,MYOR,RG,1915,1,F,BK,XC,D
09:02:23,MYOR,RG,1925,1,D,XL,KK,D
09:02:11,MYOR,RG,1925,1,D,CC,KK,D
09:02:10,MYOR,RG,1915,62,F,BK,CS,F
09:02:03,MYOR,RG,1925,1,D,XL,KK,D
09:01:54,MYOR,RG,1925,24,D,XL,KK,D
09:01:48,MYOR,RG,1925,4,D,XL,KK,D
09:01:42,MYOR,RG,1915,9,F,BK,CS,F
09:01:42,MYOR,RG,1915,16,D,BK,CS,F
09:01:41,MYOR,RG,1915,2,D,BK,YP,D
09:01:31,MYOR,RG,1920,2,D,CS,AK,F
09:01:31,MYOR,RG,1920,2,D,MK,AK,F
09:01:30,MYOR,RG,1920,3,D,MK,CS,F
09:01:30,MYOR,RG,1920,1,D,BK,CS,F
09:01:29,MYOR,RG,1920,3,D,BK,CS,F
09:01:29,MYOR,RG,1925,5,D,CC,KK,D
09:01:27,MYOR,RG,1920,12,D,BK,CS,F
09:01:27,MYOR,RG,1925,16,D,BK,KK,D
09:01:24,MYOR,RG,1920,7,D,BK,CS,F
09:01:24,MYOR,RG,1920,1,D,BK,AZ,D
09:01:24,MYOR,RG,1920,3,D,BK,AT,D
09:01:24,MYOR,RG,1920,8,D,BK,PD,D
09:01:23,MYOR,RG,1915,2,D,PD,XC,D
09:01:23,MYOR,RG,1915,1,D,YP,XC,D
09:01:23,MYOR,RG,1915,3,D,CC,XC,D
09:01:23,MYOR,RG,1915,2,D,PD,XC,D
09:01:19,MYOR,RG,1920,2,D,PD,PD,D
09:01:19,MYOR,RG,1915,98,D,PD,CS,F
09:01:19,MYOR,RG,1920,10,D,YP,CS,F
09:01:19,MYOR,RG,1920,10,D,PD,CS,F
09:01:19,MYOR,RG,1920,1,D,YP,CS,F
09:01:19,MYOR,RG,1920,1,D,PD,CS,F
09:01:19,MYOR,RG,1920,2,D,PD,CS,F
09:01:19,MYOR,RG,1920,2,D,YB,CS,F
09:01:19,MYOR,RG,1925,3,D,BK,KK,D
09:01:19,MYOR,RG,1925,14,D,BK,KK,D
09:01:19,MYOR,RG,1925,6,D,BK,KK,D
09:01:19,MYOR,RG,1925,8,D,BK,CS,F
09:01:19,MYOR,RG,1925,5,D,BK,CS,F
09:01:19,MYOR,RG,1925,1,D,BK,CS,F
09:01:19,MYOR,RG,1925,4,D,BK,XL,D
09:01:19,MYOR,RG,1925,5,D,BK,XL,D
09:01:19,MYOR,RG,1925,5,D,BK,EP,D
09:01:18,MYOR,RG,1925,1,D,CC,AK,F
09:01:18,MYOR,RG,1925,2,D,CC,AK,F
09:01:17,MYOR,RG,1925,1,D,CC,CS,F
09:01:17,MYOR,RG,1925,7,D,PD,CS,F
09:01:17,MYOR,RG,1930,10,D,NI,NI,D
09:01:17,MYOR,RG,1925,3,D,PD,CS,F
09:01:17,MYOR,RG,1925,3,D,PD,CS,F
09:01:17,MYOR,RG,1925,2,D,PD,CS,F
09:01:17,MYOR,RG,1925,3,D,PD,CS,F
09:01:17,MYOR,RG,1930,1,D,XC,CS,F
09:01:17,MYOR,RG,1930,10,D,PD,CS,F
09:01:17,MYOR,RG,1930,5,D,PD,CS,F
09:01:17,MYOR,RG,1930,1,D,PD,CS,F
09:01:17,MYOR,RG,1930,2,D,XC,CS,F
09:01:17,MYOR,RG,1935,1,D,PD,AK,F
09:01:17,MYOR,RG,1935,6,D,CC,AK,F
09:01:17,MYOR,RG,1935,19,D,CC,AK,F
09:01:17,MYOR,RG,1935,1,D,XC,AK,F
09:01:17,MYOR,RG,1935,250,D,AT,AK,F
09:01:17,MYOR,RG,1935,3,D,CC,AK,F
09:01:17,MYOR,RG,1935,5,D,PD,AK,F
09:01:17,MYOR,RG,1935,5,D,PD,AK,F
09:01:17,MYOR,RG,1935,5,D,PD,AK,F
09:01:17,MYOR,RG,1935,1,D,YP,AK,F
09:01:17,MYOR,RG,1935,1,D,PD,AK,F
09:01:17,MYOR,RG,1935,7,D,AT,AK,F
09:01:17,MYOR,RG,1935,10,D,AT,AK,F
09:01:17,MYOR,RG,1935,10,D,AT,AK,F
09:01:17,MYOR,RG,1935,9,D,AT,AK,F
09:01:16,MYOR,RG,1935,1,D,AT,AK,F
09:01:16,MYOR,RG,1940,2,D,XL,AK,F
09:01:16,MYOR,RG,1940,1,D,BK,AK,F
09:01:16,MYOR,RG,1945,1,D,CS,KZ,D
09:01:16,MYOR,RG,1945,5,D,CS,KZ,D
09:01:16,MYOR,RG,1940,17,D,BK,AK,F
09:01:16,MYOR,RG,1940,1,D,YP,AK,F
09:01:16,MYOR,RG,1940,300,D,CC,AK,F
09:01:16,MYOR,RG,1940,1,D,XL,AK,F
09:01:16,MYOR,RG,1940,1,D,PD,AK,F
09:01:16,MYOR,RG,1940,11,D,YP,AK,F
09:01:16,MYOR,RG,1940,100,D,AT,AK,F
09:01:16,MYOR,RG,1940,5,D,PD,AK,F
09:01:16,MYOR,RG,1940,10,D,CC,AK,F
09:01:16,MYOR,RG,1940,3,D,XC,AK,F
09:01:16,MYOR,RG,1940,2,D,XC,AK,F
09:01:16,MYOR,RG,1940,40,D,XC,AK,F
09:01:16,MYOR,RG,1940,1,D,EP,AK,F
09:01:16,MYOR,RG,1940,2,D,AT,AK,F
09:01:16,MYOR,RG,1940,6,D,CS,AK,F
09:01:16,MYOR,RG,1940,1,D,CS,CS,F
09:01:16,MYOR,RG,1945,1,D,YP,KZ,D
09:01:16,MYOR,RG,1945,5,D,GR,CS,F
09:01:16,MYOR,RG,1945,20,D,GR,PD,D
09:01:13,MYOR,RG,1945,1,D,BK,CS,F
09:01:13,MYOR,RG,1945,1,D,BK,AK,F
09:01:13,MYOR,RG,1945,3,D,BK,CS,F
09:01:13,MYOR,RG,1945,7,D,BK,AK,F
09:01:13,MYOR,RG,1945,3,D,BK,NI,D
09:01:12,MYOR,RG,1950,2,D,YP,GR,D
09:00:42,MYOR,RG,1945,1,D,CS,KZ,D
09:00:42,MYOR,RG,1945,11,D,CS,KZ,D
09:00:34,MYOR,RG,1940,1,D,CS,YP,D
09:00:34,MYOR,RG,1940,1,D,CC,YP,D
09:00:34,MYOR,RG,1940,3,D,CC,YP,D
09:00:32,MYOR,RG,1945,20,D,CC,CS,F
09:00:32,MYOR,RG,1945,1,D,CC,XC,D
09:00:32,MYOR,RG,1945,3,D,CC,KZ,D
09:00:32,MYOR,RG,1945,28,D,CC,KZ,D
09:00:28,MYOR,RG,1940,1,D,CC,CS,F
09:00:22,MYOR,RG,1940,3,D,CC,CS,F
09:00:22,MYOR,RG,1945,4,D,XC,KZ,D
09:00:22,MYOR,RG,1945,1,D,XC,YP,D
09:00:22,MYOR,RG,1945,3,D,XC,CC,D
09:00:21,MYOR,RG,1940,1,D,CC,YP,D
09:00:20,MYOR,RG,1940,1,D,CC,CS,F
09:00:19,MYOR,RG,1940,3,D,CC,CS,F
09:00:16,MYOR,RG,1940,1,D,CC,CS,F
09:00:16,MYOR,RG,1940,4,D,CC,CS,F
09:00:15,MYOR,RG,1940,1,D,CC,XC,D
09:00:15,MYOR,RG,1940,1,D,CC,XC,D
09:00:14,MYOR,RG,1940,1,D,CC,CS,F
09:00:13,MYOR,RG,1940,1,D,YP,CS,F
09:00:13,MYOR,RG,1940,2,D,YP,CS,F
09:00:13,MYOR,RG,1940,3,D,PD,CS,F
09:00:13,MYOR,RG,1940,1,D,PD,CS,F
09:00:13,MYOR,RG,1940,1,D,PD,CS,F
09:00:13,MYOR,RG,1940,1,D,PD,AK,F
09:00:13,MYOR,RG,1940,1,D,PD,AK,F
09:00:12,MYOR,RG,1940,1,D,PD,AK,F
09:00:12,MYOR,RG,1940,1,D,PD,AK,F
09:00:12,MYOR,RG,1940,1,D,XC,AK,F
09:00:12,MYOR,RG,1940,3,D,DH,AK,F
09:00:12,MYOR,RG,1940,3,D,DH,AK,F
09:00:12,MYOR,RG,1940,1,D,PD,AK,F
09:00:12,MYOR,RG,1940,1,D,PD,AK,F
09:00:12,MYOR,RG,1940,1,D,IF,AK,F
09:00:12,MYOR,RG,1940,9,D,IF,CS,F
09:00:12,MYOR,RG,1940,6,D,DR,CS,F
09:00:12,MYOR,RG,1940,5,D,DR,CS,F
09:00:11,MYOR,RG,1940,3,D,DR,CS,F
09:00:10,MYOR,RG,1940,3,D,DR,CC,D
09:00:10,MYOR,RG,1940,1,D,DR,CS,F
09:00:09,MYOR,RG,1940,2,D,DR,XL,D
09:00:08,MYOR,RG,1940,2,D,DR,XC,D
09:00:08,MYOR,RG,1940,53,D,DR,KK,D
09:00:07,MYOR,RG,1940,1,D,DR,AK,F
09:00:07,MYOR,RG,1945,1,D,CC,AK,F
09:00:07,MYOR,RG,1945,2,D,CC,PD,D
09:00:07,MYOR,RG,1945,2,D,CC,PD,D
09:00:07,MYOR,RG,1945,1,D,CC,PD,D
09:00:06,MYOR,RG,1940,11,D,DR,PD,D
09:00:05,MYOR,RG,1945,2,D,XC,EP,D
09:00:05,MYOR,RG,1945,1,D,XC,PD,D
09:00:05,MYOR,RG,1940,8,D,DR,PD,D
09:00:05,MYOR,RG,1940,1,D,DR,XC,D
09:00:04,MYOR,RG,1940,1,D,DR,AZ,D
09:00:03,MYOR,RG,1940,2,D,DR,EP,D
09:00:03,MYOR,RG,1940,1,D,DR,PD,D
09:00:03,MYOR,RG,1945,1,D,XC,PD,D
