Time,Stock,Brd,Price,Qty,BT,BC,SC,ST
15:13:43,MYOR,RG,1660,1,D,PD,CS,F
15:13:01,MYOR,RG,1660,10,D,XC,CS,F
15:12:39,MYOR,RG,1660,10,D,DR,CS,F
15:12:27,MYOR,RG,1660,4,D,CC,CS,F
15:12:22,MYOR,RG,1660,27,D,DR,CS,F
15:12:22,MYOR,RG,1660,37,D,AZ,CS,F
15:12:22,MYOR,RG,1660,13,D,AZ,YP,D
15:12:16,MYOR,RG,1660,5,D,DR,YP,D
15:11:18,MYOR,RG,1660,9,D,XC,YP,D
15:10:35,MYOR,RG,1660,1,D,NI,YP,D
15:10:00,MYOR,RG,1660,16,D,PD,YP,D
15:08:45,MYOR,RG,1660,5,D,PC,YP,D
15:08:40,MYOR,RG,1660,1,D,XL,YP,D
15:08:05,MYOR,RG,1660,5,D,PC,YP,D
15:07:26,MYOR,RG,1660,45,D,DR,YP,D
15:07:26,MYOR,RG,1660,2,D,DR,KZ,F
15:07:26,MYOR,RG,1660,3,D,DR,CS,F
15:07:26,MYOR,RG,1660,1,D,DR,BQ,D
15:07:26,MYOR,RG,1660,8,D,DR,BQ,D
15:07:26,MYOR,RG,1660,1,D,DR,CC,D
15:06:34,MYOR,RG,1660,30,D,IF,CC,D
15:05:53,MYOR,RG,1660,40,D,LG,CC,D
15:05:49,MYOR,RG,1660,4,D,YP,CC,D
15:05:42,MYOR,RG,1660,12,D,CC,CC,D
15:05:20,MYOR,RG,1660,1,D,OD,CC,D
15:05:07,MYOR,RG,1660,4,D,XC,CC,D
15:04:53,MYOR,RG,1660,3,D,XC,CC,D
15:04:29,MYOR,RG,1660,4,D,DH,CC,D
15:04:29,MYOR,RG,1660,2,D,DH,CC,D
15:02:04,MYOR,RG,1660,8,D,CC,CC,D
15:02:04,MYOR,RG,1660,2,D,CC,DR,D
15:01:52,MYOR,RG,1660,20,D,PD,DR,D
15:01:46,MYOR,RG,1660,28,D,PD,DR,D
15:01:46,MYOR,RG,1660,1,D,PD,KK,D
15:01:46,MYOR,RG,1660,1,D,PD,XC,D
15:01:43,MYOR,RG,1660,7,D,PD,XC,D
15:01:43,MYOR,RG,1660,13,D,PD,YP,D
15:01:00,MYOR,RG,1660,10,D,XC,YP,D
15:01:00,MYOR,RG,1660,2,D,XC,YP,D
15:00:00,MYOR,RG,1660,126,D,DR,YP,D
15:00:00,MYOR,RG,1660,6,D,DR,CC,D
15:00:00,MYOR,RG,1660,9,D,XC,CC,D
15:00:00,MYOR,RG,1660,1,D,CC,CC,D
15:00:00,MYOR,RG,1660,1,D,EP,CC,D
15:00:00,MYOR,RG,1660,1,D,EP,CC,D
15:00:00,MYOR,RG,1660,1,D,EP,CC,D
15:00:00,MYOR,RG,1660,1,D,EP,CC,D
15:00:00,MYOR,RG,1660,1,D,EP,CC,D
15:00:00,MYOR,RG,1660,79,D,PD,CC,D
15:00:00,MYOR,RG,1660,241,D,PD,YP,D
15:00:00,MYOR,RG,1660,10,D,XL,YP,D
15:00:00,MYOR,RG,1660,10,D,CC,YP,D
15:00:00,MYOR,RG,1660,3,D,PD,YP,D
15:00:00,MYOR,RG,1660,3,D,NI,YP,D
15:00:00,MYOR,RG,1660,30,D,XA,YP,D
15:00:00,MYOR,RG,1660,1,D,XL,YP,D
15:00:00,MYOR,RG,1660,30,D,IF,YP,D
15:00:00,MYOR,RG,1660,1,D,XL,YP,D
15:00:00,MYOR,RG,1660,20,D,XC,YP,D
15:00:00,MYOR,RG,1660,100,D,ZP,YP,D
15:00:00,MYOR,RG,1660,2,D,DR,YP,D
15:00:00,MYOR,RG,1660,1,D,XC,YP,D
15:00:00,MYOR,RG,1660,48,D,DR,YP,D
15:00:00,MYOR,RG,1660,15,D,DR,ZP,D
15:00:00,MYOR,RG,1660,3,D,DR,KK,D
15:00:00,MYOR,RG,1660,30,D,DR,CC,D
15:00:00,MYOR,RG,1660,4,D,DR,TP,D
15:00:00,MYOR,RG,1660,1,D,NI,TP,D
15:00:00,MYOR,RG,1660,2,D,YP,TP,D
15:00:00,MYOR,RG,1660,2,D,YP,XA,D
15:00:00,MYOR,RG,1660,37,D,YP,CS,F
15:00:00,MYOR,RG,1660,4,D,YP,CS,F
15:00:00,MYOR,RG,1660,3,D,YP,CS,F
15:00:00,MYOR,RG,1660,1,D,XC,CS,F
15:00:00,MYOR,RG,1660,1,D,PD,CS,F
15:00:00,MYOR,RG,1660,5,D,NI,CS,F
15:00:00,MYOR,RG,1660,100,D,CC,CS,F
15:00:00,MYOR,RG,1660,7,D,PD,CS,F
15:00:00,MYOR,RG,1660,19,D,YP,CS,F
15:00:00,MYOR,RG,1660,6,D,YP,CS,F
15:00:00,MYOR,RG,1660,3,D,YP,CS,F
15:00:00,MYOR,RG,1660,12,D,YP,CS,F
15:00:00,MYOR,RG,1660,1,D,XL,CS,F
15:00:00,MYOR,RG,1660,2,D,XC,CS,F
15:00:00,MYOR,RG,1660,30,D,DR,CS,F
15:00:00,MYOR,RG,1660,5,D,LG,CS,F
15:00:00,MYOR,RG,1660,11,D,AG,CS,F
15:00:00,MYOR,RG,1660,33,D,AG,CS,F
15:00:00,MYOR,RG,1660,10,D,AG,CS,F
15:00:00,MYOR,RG,1660,17,D,AG,KZ,F
15:00:00,MYOR,RG,1660,5,D,AG,KZ,F
15:00:00,MYOR,RG,1660,5,D,AG,KZ,F
15:00:00,MYOR,RG,1660,10,D,AG,KZ,F
15:00:00,MYOR,RG,1660,9,D,AG,KZ,F
15:00:00,MYOR,RG,1660,5,D,KK,KZ,F
15:00:00,MYOR,RG,1660,5,D,NI,KZ,F
15:00:00,MYOR,RG,1660,1,D,PD,KZ,F
15:00:00,MYOR,RG,1660,10,D,CC,KZ,F
15:00:00,MYOR,RG,1660,1,D,DH,KZ,F
15:00:00,MYOR,RG,1660,3,D,NI,KZ,F
15:00:00,MYOR,RG,1660,1,D,EP,KZ,F
15:00:00,MYOR,RG,1660,1,D,EP,KZ,F
15:00:00,MYOR,RG,1660,10,D,DR,KZ,F
15:00:00,MYOR,RG,1660,1,D,EP,KZ,F
15:00:00,MYOR,RG,1660,6,D,CC,KZ,F
15:00:00,MYOR,RG,1660,1,D,IF,KZ,F
15:00:00,MYOR,RG,1660,8,D,IF,KZ,F
15:00:00,MYOR,RG,1660,16,D,IF,KZ,F
15:00:00,MYOR,RG,1660,5,D,IF,KZ,F
14:49:42,MYOR,RG,1665,1,D,EP,YU,D
14:49:42,MYOR,RG,1665,1,D,EP,YU,D
14:49:42,MYOR,RG,1665,1,D,EP,YU,D
14:49:42,MYOR,RG,1665,1,D,EP,YU,D
14:49:42,MYOR,RG,1665,1,D,EP,YU,D
14:49:42,MYOR,RG,1665,2,D,XC,YU,D
14:49:30,MYOR,RG,1660,1,D,CC,KZ,F
14:49:30,MYOR,RG,1660,1,D,XC,KZ,F
14:49:30,MYOR,RG,1660,4,D,PD,KZ,F
14:49:30,MYOR,RG,1660,2,D,CC,KZ,F
14:49:30,MYOR,RG,1660,1,D,XC,KZ,F
14:49:30,MYOR,RG,1660,1,D,YU,KZ,F
14:49:28,MYOR,RG,1665,45,D,YP,YU,D
14:49:28,MYOR,RG,1665,33,D,CC,YU,D
14:49:27,MYOR,RG,1665,47,D,CC,CS,F
14:49:25,MYOR,RG,1670,1,D,EP,AT,D
14:49:25,MYOR,RG,1670,1,D,EP,AT,D
14:49:25,MYOR,RG,1670,1,D,EP,AT,D
14:49:25,MYOR,RG,1670,1,D,EP,KZ,F
14:49:25,MYOR,RG,1670,1,D,EP,KZ,F
14:49:13,MYOR,RG,1665,20,D,CC,YP,D
14:49:13,MYOR,RG,1665,11,D,GR,YP,D
14:49:12,MYOR,RG,1670,10,D,PD,KZ,F
14:49:10,MYOR,RG,1665,8,D,GR,KZ,F
14:49:09,MYOR,RG,1665,22,D,GR,AK,F
14:49:09,MYOR,RG,1665,7,D,GR,KZ,F
14:49:09,MYOR,RG,1665,2,D,GR,CS,F
14:49:09,MYOR,RG,1665,6,D,PD,CS,F
14:49:09,MYOR,RG,1665,80,D,CS,CS,F
14:49:08,MYOR,RG,1665,165,D,CS,DR,D
14:48:51,MYOR,RG,1665,25,D,CS,YP,D
14:48:37,MYOR,RG,1665,87,D,CS,SQ,D
14:48:37,MYOR,RG,1665,13,D,CS,SQ,D
14:48:37,MYOR,RG,1665,106,D,CS,CS,F
14:48:26,MYOR,RG,1665,4,D,CS,AK,F
14:48:24,MYOR,RG,1665,1,D,CS,PD,D
14:48:08,MYOR,RG,1665,9,D,CS,YP,D
14:48:08,MYOR,RG,1665,10,D,CS,YP,D
14:48:08,MYOR,RG,1665,40,D,SQ,YP,D
14:48:08,MYOR,RG,1665,1,D,CS,YP,D
14:48:05,MYOR,RG,1665,26,D,CS,KZ,F
14:48:05,MYOR,RG,1665,8,D,CS,KZ,F
14:47:47,MYOR,RG,1665,1,D,CS,ZP,F
14:47:46,MYOR,RG,1670,5,D,CS,KZ,F
14:47:46,MYOR,RG,1670,10,D,CS,CS,F
14:47:41,MYOR,RG,1670,1,D,CS,CS,F
14:47:37,MYOR,RG,1665,2,D,CS,AK,F
14:47:36,MYOR,RG,1670,52,D,CS,CS,F
14:47:30,MYOR,RG,1665,1,D,CS,ZP,F
14:47:26,MYOR,RG,1670,2,D,CS,CS,F
14:47:26,MYOR,RG,1665,2,D,CS,AK,F
14:47:26,MYOR,RG,1670,49,D,CS,CS,F
14:47:16,MYOR,RG,1665,2,D,CS,AK,F
14:47:15,MYOR,RG,1670,51,D,CS,CS,F
14:47:13,MYOR,RG,1670,6,D,SQ,CS,F
14:47:05,MYOR,RG,1665,10,D,CS,SQ,D
14:47:05,MYOR,RG,1670,32,D,CS,CS,F
14:47:04,MYOR,RG,1670,26,D,CS,CS,F
14:47:04,MYOR,RG,1670,9,D,CS,PD,D
14:46:42,MYOR,RG,1670,1,D,CS,PD,D
14:46:42,MYOR,RG,1670,1,D,CS,KZ,F
14:46:42,MYOR,RG,1670,10,D,CS,GR,D
14:46:42,MYOR,RG,1670,1,D,CS,XC,D
14:46:42,MYOR,RG,1670,1,D,CS,KZ,F
14:46:42,MYOR,RG,1670,42,D,CS,KZ,F
14:46:42,MYOR,RG,1670,11,D,CS,KZ,F
14:46:42,MYOR,RG,1670,15,D,CS,KZ,F
14:46:42,MYOR,RG,1670,13,D,CS,CS,F
14:46:39,MYOR,RG,1665,1,D,CS,ZP,F
14:46:11,MYOR,RG,1670,116,D,CS,CS,F
14:46:11,MYOR,RG,1670,5,D,CS,KZ,F
14:46:11,MYOR,RG,1670,1,D,CS,KZ,F
14:46:11,MYOR,RG,1670,5,D,CS,SQ,D
14:46:10,MYOR,RG,1665,343,D,CS,LS,D
14:46:10,MYOR,RG,1665,10,D,OD,LS,D
14:46:10,MYOR,RG,1665,1,D,XL,LS,D
14:46:10,MYOR,RG,1665,10,F,AK,LS,D
14:46:10,MYOR,RG,1665,19,D,CS,LS,D
14:46:07,MYOR,RG,1665,1,D,CS,ZP,F
14:45:51,MYOR,RG,1665,17,D,CS,YP,D
14:45:51,MYOR,RG,1665,8,D,CC,YP,D
14:45:48,MYOR,RG,1665,2,D,CC,CS,F
14:45:48,MYOR,RG,1665,113,D,CS,CS,F
14:45:48,MYOR,RG,1665,9,D,LG,CS,F
14:45:48,MYOR,RG,1665,2,D,YP,CS,F
14:45:48,MYOR,RG,1665,5,D,XC,CS,F
14:45:48,MYOR,RG,1665,5,D,DH,CS,F
14:45:48,MYOR,RG,1665,50,D,YP,CS,F
14:45:48,MYOR,RG,1665,1,D,PD,CS,F
14:45:47,MYOR,RG,1670,7,D,CS,SQ,D
14:45:47,MYOR,RG,1670,10,D,CS,PD,D
14:45:47,MYOR,RG,1670,33,D,CS,YP,D
14:45:47,MYOR,RG,1665,2,D,XL,YP,D
14:45:44,MYOR,RG,1665,1,D,XL,KZ,F
14:45:41,MYOR,RG,1665,3,D,XL,SQ,D
14:45:41,MYOR,RG,1665,1,D,PD,SQ,D
14:45:41,MYOR,RG,1665,1,D,XL,SQ,D
14:45:41,MYOR,RG,1665,36,D,KK,SQ,D
14:45:41,MYOR,RG,1665,1,D,XC,SQ,D
14:45:41,MYOR,RG,1665,1,D,XC,SQ,D
14:45:41,MYOR,RG,1665,12,D,KK,SQ,D
14:45:30,MYOR,RG,1665,1,D,KK,YP,D
14:45:29,MYOR,RG,1670,17,D,CS,YP,D
14:45:29,MYOR,RG,1670,20,D,CS,KK,D
14:45:29,MYOR,RG,1670,61,D,CS,KZ,F
14:45:29,MYOR,RG,1670,47,D,CS,PD,D
14:45:22,MYOR,RG,1665,1,D,KK,ZP,F
14:44:49,MYOR,RG,1665,3,D,KK,KZ,F
14:44:44,MYOR,RG,1665,1,D,KK,KZ,F
14:44:44,MYOR,RG,1665,40,D,KK,KZ,F
14:44:41,MYOR,RG,1665,7,D,KK,KZ,F
14:44:41,MYOR,RG,1665,3,D,CS,KZ,F
14:44:41,MYOR,RG,1665,3,D,CC,KZ,F
14:44:41,MYOR,RG,1665,9,D,DR,KZ,F
14:44:41,MYOR,RG,1665,52,D,CS,KZ,F
14:44:41,MYOR,RG,1665,3,D,CS,KZ,F
14:44:39,MYOR,RG,1665,107,D,CS,CS,F
14:44:39,MYOR,RG,1665,1,D,CS,KZ,F
14:44:39,MYOR,RG,1665,58,D,CS,KZ,F
14:44:39,MYOR,RG,1665,1,D,CS,KZ,F
14:44:39,MYOR,RG,1665,3,D,CS,KZ,F
14:44:38,MYOR,RG,1665,1,D,CS,ZP,F
14:44:28,MYOR,RG,1665,92,D,CS,PD,D
14:44:21,MYOR,RG,1665,6,D,CS,XC,D
14:44:21,MYOR,RG,1665,9,D,CS,XC,D
14:44:21,MYOR,RG,1665,1,D,CC,XC,D
14:44:21,MYOR,RG,1665,9,D,EP,XC,D
14:44:17,MYOR,RG,1665,160,D,EP,TP,D
14:44:06,MYOR,RG,1670,33,D,CS,PD,D
14:44:06,MYOR,RG,1670,16,D,CS,PD,D
14:44:06,MYOR,RG,1670,3,D,CS,AT,D
14:44:06,MYOR,RG,1670,51,D,CS,EP,D
14:43:59,MYOR,RG,1665,187,D,EP,CS,F
14:43:59,MYOR,RG,1670,8,D,CS,EP,D
14:43:43,MYOR,RG,1665,1,D,EP,ZP,F
14:43:24,MYOR,RG,1665,3,D,EP,YP,D
14:43:09,MYOR,RG,1665,30,D,EP,YP,D
14:42:57,MYOR,RG,1665,1,D,EP,ZP,F
14:42:51,MYOR,RG,1665,10,D,EP,KK,D
14:42:47,MYOR,RG,1665,196,D,EP,CS,F
14:42:46,MYOR,RG,1670,322,D,CS,EP,D
14:42:34,MYOR,RG,1665,11,D,EP,KZ,F
14:42:34,MYOR,RG,1665,8,D,EP,KZ,F
14:42:31,MYOR,RG,1665,3,D,EP,XL,D
14:42:29,MYOR,RG,1665,1,D,EP,KZ,F
14:42:14,MYOR,RG,1665,32,D,EP,KZ,F
14:42:12,MYOR,RG,1665,1,D,EP,ZP,F
14:41:59,MYOR,RG,1670,10,D,CS,EP,D
14:41:49,MYOR,RG,1665,1,D,EP,KZ,F
14:41:29,MYOR,RG,1665,1,D,EP,ZP,F
14:41:26,MYOR,RG,1665,191,D,EP,CS,F
14:41:22,MYOR,RG,1665,10,D,EP,YP,D
14:41:14,MYOR,RG,1665,20,D,EP,YP,D
14:41:11,MYOR,RG,1665,10,D,EP,YP,D
14:41:01,MYOR,RG,1665,20,D,EP,YP,D
14:40:59,MYOR,RG,1665,4,D,EP,CC,D
14:40:58,MYOR,RG,1665,17,D,EP,YP,D
14:40:55,MYOR,RG,1665,1,D,EP,YP,D
14:40:50,MYOR,RG,1665,13,D,EP,KK,D
14:40:18,MYOR,RG,1665,3,D,EP,PD,D
14:40:09,MYOR,RG,1665,12,D,EP,KZ,F
14:40:05,MYOR,RG,1665,44,D,EP,CS,F
14:40:05,MYOR,RG,1665,36,D,CS,CS,F
14:40:05,MYOR,RG,1665,29,D,CS,CS,F
14:40:05,MYOR,RG,1665,79,D,CS,CS,F
14:39:29,MYOR,RG,1665,14,D,CS,HP,D
14:39:29,MYOR,RG,1665,81,D,CS,HP,D
14:39:29,MYOR,RG,1665,5,D,CS,HP,D
14:39:25,MYOR,RG,1665,137,D,CS,AT,D
14:39:25,MYOR,RG,1665,39,D,CS,AT,D
14:39:25,MYOR,RG,1665,74,D,CS,AT,D
14:39:23,MYOR,RG,1670,9,D,CS,EP,D
14:39:13,MYOR,RG,1670,109,D,CS,EP,D
14:39:09,MYOR,RG,1665,1,D,CS,KZ,F
14:39:08,MYOR,RG,1670,1,D,XL,EP,D
14:38:46,MYOR,RG,1665,7,D,CS,YP,D
14:38:31,MYOR,RG,1670,78,D,CS,EP,D
14:38:31,MYOR,RG,1670,2,D,CS,KZ,F
14:38:31,MYOR,RG,1670,15,D,CS,XC,D
14:38:31,MYOR,RG,1670,16,D,CS,KZ,F
14:38:31,MYOR,RG,1670,5,D,CS,PD,D
14:38:31,MYOR,RG,1670,9,D,CS,YB,D
14:38:31,MYOR,RG,1670,14,D,CS,XC,D
14:38:31,MYOR,RG,1670,134,D,CS,CC,D
14:38:31,MYOR,RG,1670,5,D,CS,CS,F
14:38:25,MYOR,RG,1670,1,D,XC,CS,F
14:38:19,MYOR,RG,1665,9,D,CS,KZ,F
14:38:19,MYOR,RG,1665,1,D,CS,KZ,F
14:37:58,MYOR,RG,1670,1,D,XC,CS,F
14:37:48,MYOR,RG,1665,1,D,CS,XC,D
14:37:31,MYOR,RG,1665,9,D,CS,XC,D
14:37:20,MYOR,RG,1670,1,D,XC,CS,F
14:37:10,MYOR,RG,1665,100,D,CS,YP,D
14:36:51,MYOR,RG,1670,6,D,CS,CS,F
14:36:48,MYOR,RG,1670,76,D,CS,CS,F
14:36:37,MYOR,RG,1670,47,D,GR,CS,F
14:36:37,MYOR,RG,1670,2,D,GR,YP,D
14:36:37,MYOR,RG,1670,10,D,GR,PD,D
14:36:37,MYOR,RG,1670,4,D,GR,YP,D
14:36:37,MYOR,RG,1670,6,D,GR,XC,D
14:36:37,MYOR,RG,1670,17,D,GR,CS,F
14:36:37,MYOR,RG,1670,1,D,GR,KZ,F
14:36:37,MYOR,RG,1670,26,D,GR,KZ,F
14:36:37,MYOR,RG,1670,162,D,GR,CS,F
14:36:19,MYOR,RG,1665,50,D,CS,PD,D
14:36:12,MYOR,RG,1670,37,D,CS,CS,F
14:36:12,MYOR,RG,1670,30,D,CS,SQ,D
14:36:12,MYOR,RG,1670,2,D,CS,PD,D
14:36:12,MYOR,RG,1670,65,D,CS,CC,D
14:36:12,MYOR,RG,1670,25,D,CS,NI,D
14:36:12,MYOR,RG,1670,7,D,CS,KZ,F
14:36:12,MYOR,RG,1670,31,D,CS,CS,F
14:36:12,MYOR,RG,1670,28,D,CS,KZ,F
14:36:12,MYOR,RG,1670,27,D,CS,KZ,F
14:36:12,MYOR,RG,1670,22,D,CS,CS,F
14:36:09,MYOR,RG,1665,1,D,CS,KZ,F
14:35:54,MYOR,RG,1665,14,D,CS,KZ,F
14:35:49,MYOR,RG,1665,5,D,CS,KZ,F
14:35:09,MYOR,RG,1670,1,D,XL,CS,F
14:35:07,MYOR,RG,1670,1,D,XL,CS,F
14:35:06,MYOR,RG,1670,120,D,CS,CS,F
14:35:00,MYOR,RG,1670,1,D,EP,CS,F
14:34:50,MYOR,RG,1670,1,D,XC,CS,F
14:34:45,MYOR,RG,1670,5,D,YP,CS,F
14:34:36,MYOR,RG,1670,1,D,EP,CS,F
14:34:35,MYOR,RG,1665,1,D,CS,XC,D
14:34:05,MYOR,RG,1665,80,D,CS,CC,D
14:33:40,MYOR,RG,1665,2,D,CS,XC,D
14:33:39,MYOR,RG,1670,101,D,CS,CS,F
14:33:39,MYOR,RG,1670,2,D,CS,PD,D
14:33:39,MYOR,RG,1670,34,D,CS,KZ,F
14:33:39,MYOR,RG,1670,2,D,CS,XC,D
14:33:39,MYOR,RG,1670,1,D,CS,KZ,F
14:33:39,MYOR,RG,1670,174,D,CS,CS,F
14:33:14,MYOR,RG,1665,3,D,CS,OD,D
14:33:14,MYOR,RG,1665,17,D,CS,OD,D
14:31:03,MYOR,RG,1665,79,D,CS,AZ,D
14:30:52,MYOR,RG,1665,25,D,CS,PD,D
14:30:47,MYOR,RG,1665,8,D,CS,XC,D
14:30:46,MYOR,RG,1665,3,D,CS,XC,D
14:30:39,MYOR,RG,1665,1,D,CS,KZ,F
14:30:34,MYOR,RG,1665,9,D,CS,KZ,F
14:30:18,MYOR,RG,1665,1,D,CS,CS,F
14:30:17,MYOR,RG,1665,1,D,LG,CS,F
14:30:16,MYOR,RG,1665,24,D,CS,CS,F
14:30:15,MYOR,RG,1660,2,D,CS,CS,F
14:30:15,MYOR,RG,1665,22,F,CC,CS,F
14:30:15,MYOR,RG,1665,2,F,CC,KZ,F
14:30:15,MYOR,RG,1665,26,F,CC,KK,D
14:30:14,MYOR,RG,1665,24,D,CS,KK,D
14:30:09,MYOR,RG,1665,1,D,CS,KZ,F
14:30:09,MYOR,RG,1665,23,F,CC,KZ,F
14:30:09,MYOR,RG,1665,3,F,CC,KZ,F
14:30:09,MYOR,RG,1665,5,F,CC,KZ,F
14:30:09,MYOR,RG,1665,22,F,CC,KZ,F
14:30:09,MYOR,RG,1665,2,F,CC,HD,D
14:30:02,MYOR,RG,1665,50,F,CC,HD,D
14:29:59,MYOR,RG,1665,198,D,CS,HD,D
14:29:35,MYOR,RG,1665,44,D,CS,CS,F
14:29:35,MYOR,RG,1665,32,D,CS,CS,F
14:29:35,MYOR,RG,1665,3,D,CS,AK,F
14:29:35,MYOR,RG,1665,3,D,CS,AK,F
14:29:35,MYOR,RG,1665,38,D,CS,AK,F
14:29:35,MYOR,RG,1670,38,D,CS,CS,F
14:29:35,MYOR,RG,1670,7,D,CS,CS,F
14:29:34,MYOR,RG,1660,38,D,CS,CS,F
14:29:34,MYOR,RG,1665,19,D,CS,CS,F
14:29:34,MYOR,RG,1665,19,D,CS,CS,F
14:29:33,MYOR,RG,1665,19,D,XL,CS,F
14:29:30,MYOR,RG,1665,5,D,CS,CS,F
14:29:30,MYOR,RG,1670,15,D,CS,CS,F
14:29:30,MYOR,RG,1670,15,D,CS,CS,F
14:29:29,MYOR,RG,1670,10,D,CS,CS,F
14:29:29,MYOR,RG,1660,5,D,CS,CS,F
14:29:29,MYOR,RG,1665,5,D,CS,CS,F
14:29:29,MYOR,RG,1670,10,D,CS,CS,F
14:29:29,MYOR,RG,1665,5,D,CS,KZ,F
14:29:29,MYOR,RG,1665,10,D,CS,KZ,F
14:29:28,MYOR,RG,1665,10,D,CS,CS,F
14:29:28,MYOR,RG,1670,10,D,CS,CS,F
14:29:28,MYOR,RG,1670,10,D,CS,CS,F
14:29:27,MYOR,RG,1665,5,D,CS,CS,F
14:29:27,MYOR,RG,1665,5,D,CS,CS,F
14:29:26,MYOR,RG,1665,5,F,CC,CS,F
14:29:25,MYOR,RG,1670,5,D,CS,CS,F
14:29:25,MYOR,RG,1670,5,D,CS,CS,F
14:29:24,MYOR,RG,1670,3,D,CS,CS,F
14:29:24,MYOR,RG,1670,2,D,CS,KZ,F
14:29:24,MYOR,RG,1665,5,D,CS,KZ,F
14:29:02,MYOR,RG,1660,25,D,CS,CS,F
14:29:01,MYOR,RG,1665,25,D,CS,CS,F
14:29:00,MYOR,RG,1665,25,F,CC,CS,F
14:28:55,MYOR,RG,1670,4,D,CS,KZ,F
14:28:55,MYOR,RG,1670,4,D,CS,KZ,F
14:28:55,MYOR,RG,1660,4,D,CS,CS,F
14:28:53,MYOR,RG,1660,30,D,CS,CS,F
14:28:53,MYOR,RG,1665,1,D,CS,CS,F
14:28:53,MYOR,RG,1665,30,D,CS,CS,F
14:28:53,MYOR,RG,1665,9,D,CS,CS,F
14:28:52,MYOR,RG,1665,30,F,CC,CS,F
14:28:50,MYOR,RG,1670,5,D,CS,KZ,F
14:28:50,MYOR,RG,1670,25,D,CS,KZ,F
14:28:50,MYOR,RG,1670,25,D,CS,KZ,F
14:28:50,MYOR,RG,1670,2,D,CS,KZ,F
14:28:50,MYOR,RG,1670,3,D,CS,YP,D
14:28:49,MYOR,RG,1670,30,D,CS,YP,D
14:28:49,MYOR,RG,1670,5,D,CS,YP,D
14:28:49,MYOR,RG,1665,25,D,CS,KZ,F
14:28:49,MYOR,RG,1665,5,D,CS,KZ,F
14:28:43,MYOR,RG,1670,6,D,XC,YP,D
14:27:49,MYOR,RG,1670,6,D,NI,YP,D
14:27:20,MYOR,RG,1670,150,D,DR,YP,D
14:27:04,MYOR,RG,1670,2,D,XL,YP,D
14:26:58,MYOR,RG,1660,2,D,CS,XC,D
14:26:55,MYOR,RG,1670,100,D,YU,YP,D
14:26:54,MYOR,RG,1670,2,D,XC,YP,D
14:26:49,MYOR,RG,1670,1,D,XC,YP,D
14:26:45,MYOR,RG,1670,295,F,YP,YP,D
14:26:45,MYOR,RG,1670,25,F,YP,KZ,F
14:26:45,MYOR,RG,1670,3,F,YP,XL,D
14:26:45,MYOR,RG,1670,225,F,YP,CS,F
14:26:45,MYOR,RG,1670,22,F,YP,KZ,F
14:26:45,MYOR,RG,1670,30,F,YP,YP,D
14:26:08,MYOR,RG,1670,6,D,XL,YP,D
14:25:22,MYOR,RG,1670,20,D,XC,YP,D
14:24:32,MYOR,RG,1670,2,D,CS,YP,D
14:24:32,MYOR,RG,1665,2,D,CS,CS,F
14:24:31,MYOR,RG,1670,2,D,CS,YP,D
14:24:31,MYOR,RG,1665,2,D,CS,DR,D
14:24:21,MYOR,RG,1665,50,D,DR,CS,F
14:24:17,MYOR,RG,1660,1,D,CS,CS,F
14:24:17,MYOR,RG,1660,1,D,CS,CS,F
14:24:16,MYOR,RG,1660,1,D,CS,CS,F
14:24:15,MYOR,RG,1665,39,D,YP,CS,F
14:24:15,MYOR,RG,1670,1,D,CS,YP,D
14:24:14,MYOR,RG,1665,1,D,YP,AK,F
14:24:14,MYOR,RG,1665,1,D,CS,CS,F
14:24:14,MYOR,RG,1670,1,D,CS,YP,D
14:24:13,MYOR,RG,1665,1,D,CS,AK,F
14:24:13,MYOR,RG,1660,1,D,CS,CS,F
14:24:13,MYOR,RG,1670,1,D,CS,YP,D
14:24:13,MYOR,RG,1670,1,D,CS,YP,D
14:24:12,MYOR,RG,1665,1,D,YP,CS,F
14:24:11,MYOR,RG,1670,2,D,PD,YP,D
14:24:11,MYOR,RG,1670,1,D,CS,YP,D
14:24:10,MYOR,RG,1670,1,D,CS,YP,D
14:24:10,MYOR,RG,1665,1,D,CS,KZ,F
14:24:10,MYOR,RG,1665,1,D,CS,KZ,F
14:24:08,MYOR,RG,1665,7,D,CS,KZ,F
14:24:06,MYOR,RG,1665,60,D,CS,CS,F
14:24:06,MYOR,RG,1665,90,D,CS,PD,D
14:24:06,MYOR,RG,1665,60,D,CS,PD,D
14:23:45,MYOR,RG,1660,3,D,CS,CS,F
14:23:45,MYOR,RG,1660,1,D,CS,CS,F
14:23:45,MYOR,RG,1665,2,D,CS,CS,F
14:23:44,MYOR,RG,1660,2,D,CS,CS,F
14:23:44,MYOR,RG,1665,1,D,CS,CS,F
14:23:43,MYOR,RG,1665,1,D,YP,CS,F
14:23:21,MYOR,RG,1660,5,D,CS,YP,D
14:22:31,MYOR,RG,1660,1,D,CS,XC,D
14:21:58,MYOR,RG,1660,5,D,CS,CS,F
14:21:57,MYOR,RG,1660,15,D,CS,CS,F
14:21:57,MYOR,RG,1665,1,D,CS,CS,F
14:21:57,MYOR,RG,1665,4,D,CS,CS,F
14:21:57,MYOR,RG,1665,11,D,CS,AK,F
14:21:57,MYOR,RG,1665,4,D,CS,AK,F
14:21:56,MYOR,RG,1665,15,D,XC,CS,F
14:21:44,MYOR,RG,1665,5,D,CS,KZ,F
14:21:44,MYOR,RG,1665,5,D,CS,OD,D
14:21:34,MYOR,RG,1665,1,D,CS,KZ,F
14:21:34,MYOR,RG,1665,1,D,CS,KZ,F
14:21:34,MYOR,RG,1665,16,D,CS,KZ,F
14:21:34,MYOR,RG,1665,7,D,CS,KZ,F
14:21:18,MYOR,RG,1665,10,D,XC,KZ,F
14:21:14,MYOR,RG,1665,23,D,CS,KZ,F
14:20:55,MYOR,RG,1665,4,D,CS,KZ,F
14:20:55,MYOR,RG,1665,5,D,CS,KZ,F
14:20:55,MYOR,RG,1665,16,D,CS,KZ,F
14:20:36,MYOR,RG,1665,1,D,PD,KZ,F
14:20:34,MYOR,RG,1665,72,D,CS,CS,F
14:20:34,MYOR,RG,1665,50,D,CS,CS,F
14:20:33,MYOR,RG,1665,250,D,CS,CP,D
14:20:32,MYOR,RG,1660,8,D,CS,DR,D
14:20:32,MYOR,RG,1660,12,D,CS,DR,D
14:20:32,MYOR,RG,1660,10,D,XC,DR,D
14:19:39,MYOR,RG,1665,3,D,CS,KZ,F
14:19:39,MYOR,RG,1665,38,D,CS,KZ,F
14:19:39,MYOR,RG,1665,1,D,CS,KZ,F
14:19:39,MYOR,RG,1665,8,D,CS,KZ,F
14:19:38,MYOR,RG,1665,45,D,CS,PD,D
14:19:35,MYOR,RG,1670,100,D,CC,YP,D
14:19:34,MYOR,RG,1665,5,D,CS,KZ,F
14:19:15,MYOR,RG,1670,30,D,CS,YP,D
14:19:14,MYOR,RG,1665,30,D,CS,EP,D
14:18:48,MYOR,RG,1660,5,D,XC,CP,D
14:18:48,MYOR,RG,1660,2,D,KK,CP,D
14:18:48,MYOR,RG,1660,1,D,PD,CP,D
14:18:48,MYOR,RG,1660,3,D,XL,CP,D
14:18:48,MYOR,RG,1660,4,D,PD,CP,D
14:18:48,MYOR,RG,1660,40,D,KK,CP,D
14:18:48,MYOR,RG,1660,5,D,YP,CP,D
14:18:45,MYOR,RG,1660,7,D,HP,XL,D
14:18:33,MYOR,RG,1660,1,D,HP,PD,D
14:18:25,MYOR,RG,1665,1,D,CS,CS,F
14:18:24,MYOR,RG,1665,1,D,CS,KZ,F
14:17:50,MYOR,RG,1660,4,D,HP,YP,D
14:16:56,MYOR,RG,1660,8,D,HP,CS,F
14:16:56,MYOR,RG,1660,7,D,NI,CS,F
14:16:56,MYOR,RG,1660,3,D,DH,CS,F
14:16:56,MYOR,RG,1660,1,D,YP,CS,F
14:16:56,MYOR,RG,1660,1,D,XC,CS,F
14:16:56,MYOR,RG,1660,28,D,PD,CS,F
14:16:56,MYOR,RG,1665,5,D,XC,CS,F
14:16:56,MYOR,RG,1665,1,D,PD,CS,F
14:16:56,MYOR,RG,1665,1,D,PD,CS,F
14:16:56,MYOR,RG,1665,2,D,YP,CS,F
14:16:56,MYOR,RG,1665,2,D,XC,CS,F
14:16:56,MYOR,RG,1665,6,D,CS,CS,F
14:16:56,MYOR,RG,1665,1,D,CS,CS,F
14:16:56,MYOR,RG,1665,10,D,XC,CS,F
14:16:56,MYOR,RG,1665,10,D,PD,CS,F
14:16:56,MYOR,RG,1665,5,D,NI,CS,F
14:16:56,MYOR,RG,1665,1,D,XC,CS,F
14:16:56,MYOR,RG,1665,50,D,CC,CS,F
14:16:56,MYOR,RG,1665,28,D,CS,CS,F
14:16:56,MYOR,RG,1665,41,D,CS,CS,F
14:16:56,MYOR,RG,1665,23,D,CS,CS,F
14:16:56,MYOR,RG,1665,24,D,CS,CS,F
14:16:56,MYOR,RG,1665,4,D,CS,CS,F
14:16:56,MYOR,RG,1665,5,D,PD,CS,F
14:16:56,MYOR,RG,1665,5,D,XC,CS,F
14:16:56,MYOR,RG,1665,75,D,CS,CS,F
14:16:56,MYOR,RG,1665,27,D,CS,CS,F
14:16:54,MYOR,RG,1665,3,D,CS,KZ,F
14:16:54,MYOR,RG,1665,19,D,CS,KZ,F
14:16:54,MYOR,RG,1665,4,D,CS,KZ,F
14:16:54,MYOR,RG,1665,19,D,CS,KZ,F
14:16:54,MYOR,RG,1665,11,D,CS,KZ,F
14:16:53,MYOR,RG,1665,500,D,CS,CC,D
14:16:34,MYOR,RG,1665,42,D,CS,CC,D
14:16:34,MYOR,RG,1665,1,D,CS,KZ,F
14:16:34,MYOR,RG,1665,11,D,CS,KZ,F
14:16:32,MYOR,RG,1665,150,D,CS,AI,D
14:16:32,MYOR,RG,1665,92,D,CS,AI,D
14:16:04,MYOR,RG,1665,3,D,CS,XC,D
14:15:32,MYOR,RG,1670,2,D,PD,YP,D
14:15:31,MYOR,RG,1670,1,D,XC,YP,D
14:15:31,MYOR,RG,1670,1,D,XC,CC,D
14:15:20,MYOR,RG,1665,10,D,CS,PD,D
14:12:48,MYOR,RG,1665,2,D,CS,AZ,D
14:12:48,MYOR,RG,1665,18,D,CS,AZ,D
14:12:05,MYOR,RG,1665,1,D,CS,XL,D
14:11:58,MYOR,RG,1670,9,D,CS,KZ,F
14:11:58,MYOR,RG,1670,10,D,CS,GR,D
14:11:58,MYOR,RG,1670,33,D,CS,PD,D
14:11:58,MYOR,RG,1670,20,D,CS,PD,D
14:11:56,MYOR,RG,1670,3,D,PD,PD,D
14:11:52,MYOR,RG,1670,2,D,PD,PD,D
14:11:13,MYOR,RG,1670,2,D,YP,PD,D
14:11:07,MYOR,RG,1670,5,D,CS,PD,D
14:11:07,MYOR,RG,1670,6,D,CS,XC,D
14:11:07,MYOR,RG,1670,1,D,CS,XC,D
14:11:07,MYOR,RG,1670,1,D,CS,KZ,F
14:11:07,MYOR,RG,1670,2,D,CS,YP,D
14:11:07,MYOR,RG,1670,1,D,CS,YU,D
14:11:07,MYOR,RG,1670,1,D,CS,AT,D
14:11:07,MYOR,RG,1670,1,D,CS,XC,D
14:11:07,MYOR,RG,1670,3,D,CS,YP,D
14:11:07,MYOR,RG,1670,5,D,CS,KK,D
14:11:07,MYOR,RG,1670,1,D,CS,XC,D
14:11:07,MYOR,RG,1670,2,D,CS,DR,D
14:11:07,MYOR,RG,1670,2,D,CS,DR,D
14:11:07,MYOR,RG,1670,10,D,CS,PD,D
14:11:07,MYOR,RG,1670,4,D,CS,YP,D
14:11:07,MYOR,RG,1670,3,D,CS,KZ,F
14:11:07,MYOR,RG,1670,9,D,CS,KZ,F
14:11:07,MYOR,RG,1670,3,D,CS,BQ,D
14:11:07,MYOR,RG,1670,20,D,CS,KZ,F
14:11:06,MYOR,RG,1670,25,D,CS,KZ,F
14:11:06,MYOR,RG,1670,3,D,CS,CS,F
14:10:16,MYOR,RG,1670,1,D,XL,CS,F
14:10:14,MYOR,RG,1670,1,D,EP,CS,F
14:09:51,MYOR,RG,1670,21,D,CS,CS,F
14:09:51,MYOR,RG,1670,2,D,CS,YP,D
14:09:48,MYOR,RG,1670,294,D,CS,YP,D
14:09:25,MYOR,RG,1670,13,D,CS,YP,D
14:09:25,MYOR,RG,1670,13,D,CS,YP,D
14:09:24,MYOR,RG,1670,13,D,CS,YP,D
14:09:24,MYOR,RG,1665,13,D,CS,KZ,F
14:09:23,MYOR,RG,1660,1,D,PD,CS,F
14:09:22,MYOR,RG,1660,1,D,PD,CS,F
14:09:21,MYOR,RG,1660,31,D,PD,CS,F
14:09:21,MYOR,RG,1660,10,D,GR,CS,F
14:09:21,MYOR,RG,1660,5,D,XC,CS,F
14:09:21,MYOR,RG,1660,1,D,YP,CS,F
14:09:21,MYOR,RG,1665,1,D,CS,CS,F
14:09:20,MYOR,RG,1665,42,D,CS,CS,F
14:09:20,MYOR,RG,1665,25,D,CS,CS,F
14:09:20,MYOR,RG,1665,7,D,XC,CS,F
14:09:14,MYOR,RG,1665,8,F,CC,KZ,F
14:09:14,MYOR,RG,1665,3,F,CC,KZ,F
14:09:14,MYOR,RG,1665,11,F,CC,KZ,F
14:09:09,MYOR,RG,1665,4,F,CC,KZ,F
14:09:09,MYOR,RG,1665,1,F,CC,KZ,F
14:09:09,MYOR,RG,1665,2,F,CC,KZ,F
14:09:09,MYOR,RG,1665,7,F,CC,KZ,F
14:09:04,MYOR,RG,1665,101,F,CC,YP,D
14:08:59,MYOR,RG,1665,2,F,CC,YP,D
14:08:59,MYOR,RG,1665,1,F,CC,KZ,F
14:08:58,MYOR,RG,1665,61,F,CC,DR,D
14:08:47,MYOR,RG,1665,10,F,CC,YP,D
14:08:19,MYOR,RG,1660,12,D,YP,CS,F
14:08:19,MYOR,RG,1660,1,D,PD,CS,F
14:08:19,MYOR,RG,1660,3,D,CC,CS,F
14:08:19,MYOR,RG,1665,1,D,CS,CS,F
14:08:19,MYOR,RG,1665,2,D,CS,CS,F
14:08:19,MYOR,RG,1665,3,D,CS,CS,F
14:08:18,MYOR,RG,1665,2,D,CS,CS,F
14:08:18,MYOR,RG,1665,2,D,CS,CS,F
14:08:18,MYOR,RG,1665,2,D,CS,CS,F
14:08:17,MYOR,RG,1665,2,D,XC,CS,F
14:07:32,MYOR,RG,1670,165,F,YP,YP,D
14:07:32,MYOR,RG,1670,2,F,YP,XC,D
14:07:32,MYOR,RG,1670,2,F,YP,DR,D
14:07:32,MYOR,RG,1670,2,F,YP,AT,D
14:07:32,MYOR,RG,1670,8,F,YP,XA,D
14:07:32,MYOR,RG,1670,32,F,YP,KZ,F
14:07:32,MYOR,RG,1670,108,F,YP,CS,F
14:07:32,MYOR,RG,1670,20,F,YP,CS,F
14:07:32,MYOR,RG,1670,42,F,YP,CS,F
14:07:32,MYOR,RG,1670,100,F,YP,YP,D
14:07:32,MYOR,RG,1670,6,F,YP,XC,D
14:07:32,MYOR,RG,1670,2,F,YP,KZ,F
14:07:32,MYOR,RG,1670,20,F,YP,PD,D
14:07:32,MYOR,RG,1670,1,F,YP,KZ,F
14:07:32,MYOR,RG,1670,2,F,YP,PD,D
14:07:32,MYOR,RG,1670,1,F,YP,KK,D
14:07:32,MYOR,RG,1670,7,F,YP,KZ,F
14:07:32,MYOR,RG,1670,65,F,YP,PD,D
14:07:32,MYOR,RG,1670,15,F,YP,KZ,F
14:06:30,MYOR,RG,1660,7,D,CC,PD,D
14:06:30,MYOR,RG,1660,3,D,PD,PD,D
14:06:16,MYOR,RG,1670,5,D,XC,CS,F
14:05:38,MYOR,RG,1670,1,D,XC,CS,F
14:05:26,MYOR,RG,1670,3,D,CS,CS,F
14:05:25,MYOR,RG,1665,1,D,CS,CS,F
14:05:25,MYOR,RG,1665,1,D,CS,KZ,F
14:05:25,MYOR,RG,1665,1,D,CS,KZ,F
14:05:24,MYOR,RG,1665,2,D,CS,KZ,F
14:05:24,MYOR,RG,1665,1,D,CS,KZ,F
14:05:23,MYOR,RG,1660,2,D,PD,CS,F
14:05:23,MYOR,RG,1665,7,D,CS,CS,F
14:05:22,MYOR,RG,1660,3,D,PD,CS,F
14:05:22,MYOR,RG,1665,3,D,CS,CS,F
14:05:22,MYOR,RG,1665,1,D,CS,CS,F
14:05:22,MYOR,RG,1665,2,D,CS,CS,F
14:05:21,MYOR,RG,1665,1,D,CS,CS,F
14:05:21,MYOR,RG,1665,1,D,CS,CS,F
14:05:21,MYOR,RG,1665,1,D,CS,CS,F
14:05:20,MYOR,RG,1665,1,D,PD,CS,F
14:04:57,MYOR,RG,1660,15,D,PD,SQ,D
14:04:28,MYOR,RG,1660,4,D,PD,XC,D
14:03:56,MYOR,RG,1660,5,D,PD,KK,D
14:03:53,MYOR,RG,1670,4,D,XL,CS,F
14:03:22,MYOR,RG,1665,3,D,CS,KZ,F
14:03:21,MYOR,RG,1670,4,D,CS,CS,F
14:03:20,MYOR,RG,1665,4,D,CS,KZ,F
14:03:20,MYOR,RG,1665,11,D,CS,KZ,F
14:03:20,MYOR,RG,1665,2,D,CS,KZ,F
14:03:20,MYOR,RG,1665,2,D,CS,KZ,F
14:03:19,MYOR,RG,1660,1,D,PD,CS,F
14:03:19,MYOR,RG,1660,5,D,YP,CS,F
14:03:19,MYOR,RG,1660,5,D,YP,CS,F
14:03:19,MYOR,RG,1660,2,D,XL,CS,F
14:03:19,MYOR,RG,1660,8,D,PD,CS,F
14:03:19,MYOR,RG,1660,6,D,PD,CS,F
14:03:18,MYOR,RG,1660,4,D,PD,CS,F
14:03:18,MYOR,RG,1665,65,F,CC,CS,F
14:03:18,MYOR,RG,1665,2,D,CS,CS,F
14:03:18,MYOR,RG,1665,2,D,CS,CS,F
14:03:17,MYOR,RG,1660,2,D,PD,CS,F
14:03:17,MYOR,RG,1665,1,D,CS,CS,F
14:03:16,MYOR,RG,1665,1,D,XC,CS,F
14:03:07,MYOR,RG,1665,15,D,CS,CS,F
14:03:06,MYOR,RG,1665,15,D,CS,PD,D
14:01:39,MYOR,RG,1665,76,F,CC,CS,F
14:01:38,MYOR,RG,1660,44,D,PD,CS,F
14:01:37,MYOR,RG,1660,20,D,PD,CS,F
14:01:37,MYOR,RG,1665,20,D,CS,CS,F
14:01:37,MYOR,RG,1665,4,D,CS,CS,F
14:01:36,MYOR,RG,1665,20,D,XC,CS,F
14:00:54,MYOR,RG,1670,1,D,XC,CS,F
13:59:33,MYOR,RG,1670,60,D,CC,CS,F
13:59:06,MYOR,RG,1665,1,F,CC,KZ,F
13:59:06,MYOR,RG,1665,1,F,CC,XC,D
13:59:03,MYOR,RG,1665,1,D,PD,XC,D
13:58:36,MYOR,RG,1665,5,F,AK,YP,D
13:58:36,MYOR,RG,1665,2,F,AK,LS,D
13:58:36,MYOR,RG,1665,1,F,AK,KZ,F
13:58:36,MYOR,RG,1665,5,F,AK,KZ,F
13:58:36,MYOR,RG,1665,53,F,AK,KZ,F
13:58:27,MYOR,RG,1665,9,D,XL,KZ,F
13:58:20,MYOR,RG,1665,59,D,CS,KK,D
13:58:20,MYOR,RG,1665,9,D,CS,KK,D
13:58:20,MYOR,RG,1665,42,D,CS,KK,D
13:58:20,MYOR,RG,1665,3,D,XL,KK,D
13:58:20,MYOR,RG,1665,1,D,XC,KK,D
13:58:20,MYOR,RG,1665,94,D,CS,KK,D
13:58:20,MYOR,RG,1665,24,D,CS,KK,D
13:58:20,MYOR,RG,1665,15,D,CS,KK,D
13:58:20,MYOR,RG,1665,7,D,CS,KK,D
13:58:20,MYOR,RG,1665,35,D,CS,KK,D
13:58:20,MYOR,RG,1665,211,D,CS,KK,D
13:58:19,MYOR,RG,1665,52,D,CS,YP,D
13:58:19,MYOR,RG,1665,10,D,CC,YP,D
13:58:19,MYOR,RG,1665,38,D,TP,YP,D
13:58:14,MYOR,RG,1665,2,D,TP,KZ,F
13:58:09,MYOR,RG,1665,1,D,TP,KZ,F
13:58:09,MYOR,RG,1665,9,D,TP,KZ,F
13:58:09,MYOR,RG,1665,1,D,YU,KZ,F
13:58:09,MYOR,RG,1665,5,D,XC,KZ,F
13:58:09,MYOR,RG,1665,2,D,CC,KZ,F
13:58:05,MYOR,RG,1665,44,D,CC,KZ,F
13:58:03,MYOR,RG,1665,9,D,CC,BQ,D
13:58:03,MYOR,RG,1665,12,D,XC,BQ,D
13:58:03,MYOR,RG,1665,4,D,PD,BQ,D
13:58:03,MYOR,RG,1665,20,D,XL,BQ,D
13:58:03,MYOR,RG,1665,357,D,CS,BQ,D
13:58:03,MYOR,RG,1665,98,D,CS,BQ,D
13:57:27,MYOR,RG,1670,59,D,DR,CS,F
13:57:27,MYOR,RG,1670,1,D,DR,XC,D
13:57:27,MYOR,RG,1670,1,D,DR,CC,D
13:57:27,MYOR,RG,1670,1,D,DR,KZ,F
13:57:27,MYOR,RG,1670,7,D,DR,XC,D
13:57:27,MYOR,RG,1670,31,D,DR,KZ,F
13:57:21,MYOR,RG,1670,23,F,AK,KZ,F
13:57:21,MYOR,RG,1670,13,F,AK,YP,D
13:57:20,MYOR,RG,1670,82,D,CS,YP,D
13:57:20,MYOR,RG,1670,100,D,DR,YP,D
13:57:11,MYOR,RG,1670,285,D,CS,YP,D
13:55:45,MYOR,RG,1665,10,D,CS,AT,D
13:55:40,MYOR,RG,1665,18,D,CS,XC,D
13:55:14,MYOR,RG,1665,2,D,CS,AT,D
13:55:13,MYOR,RG,1670,10,D,XC,YP,D
13:54:58,MYOR,RG,1670,4,D,PD,YP,D
13:54:51,MYOR,RG,1670,1,D,YU,YP,D
13:54:39,MYOR,RG,1670,3,D,XC,YP,D
13:54:35,MYOR,RG,1670,1,D,XC,YP,D
13:53:28,MYOR,RG,1670,1,D,XC,YP,D
13:53:11,MYOR,RG,1675,1,D,CS,XC,D
13:53:10,MYOR,RG,1670,1,F,AK,CS,F
13:53:10,MYOR,RG,1670,1,F,AK,CS,F
13:53:10,MYOR,RG,1670,24,D,CS,KZ,F
13:53:09,MYOR,RG,1670,1,D,CS,PD,D
13:52:55,MYOR,RG,1675,1,D,PD,XC,D
13:52:41,MYOR,RG,1675,1,D,EP,XC,D
13:52:36,MYOR,RG,1670,2,D,CS,KZ,F
13:52:34,MYOR,RG,1670,43,D,CS,KZ,F
13:52:34,MYOR,RG,1670,3,D,CS,KZ,F
13:52:34,MYOR,RG,1670,20,D,CS,KZ,F
13:52:30,MYOR,RG,1670,50,D,CC,PD,D
13:52:30,MYOR,RG,1670,1,D,CC,PD,D
13:52:30,MYOR,RG,1670,2,D,CC,PD,D
13:52:30,MYOR,RG,1670,13,D,CS,PD,D
13:52:30,MYOR,RG,1670,51,D,CS,PD,D
13:52:30,MYOR,RG,1670,30,D,CC,PD,D
13:52:30,MYOR,RG,1670,1,D,CC,PD,D
13:52:30,MYOR,RG,1670,20,D,YP,PD,D
13:52:30,MYOR,RG,1670,6,D,CS,PD,D
13:52:30,MYOR,RG,1670,1,D,CS,PD,D
13:52:30,MYOR,RG,1670,25,D,CS,PD,D
13:52:10,MYOR,RG,1670,6,D,CS,HP,D
13:51:54,MYOR,RG,1675,6,D,XC,XC,D
13:51:51,MYOR,RG,1675,1,D,XC,XC,D
13:51:46,MYOR,RG,1675,10,D,XC,XC,D
13:51:31,MYOR,RG,1675,33,D,CS,XC,D
13:51:31,MYOR,RG,1675,25,D,CS,XC,D
13:51:31,MYOR,RG,1675,25,D,CS,YP,D
13:51:31,MYOR,RG,1675,10,D,CS,PD,D
13:51:31,MYOR,RG,1675,60,D,CS,KK,D
13:51:31,MYOR,RG,1670,215,D,CS,CS,F
13:51:31,MYOR,RG,1670,223,D,CS,CS,F
13:51:31,MYOR,RG,1670,1,D,CS,XC,D
13:51:31,MYOR,RG,1670,1,D,CS,KZ,F
13:51:31,MYOR,RG,1670,1,D,CS,PD,D
13:51:31,MYOR,RG,1670,4,D,CS,XC,D
13:51:31,MYOR,RG,1670,2,D,CS,YP,D
13:51:31,MYOR,RG,1670,8,D,CS,CC,D
13:51:31,MYOR,RG,1670,20,D,CS,BQ,D
13:51:31,MYOR,RG,1670,1,D,CS,KZ,F
13:51:31,MYOR,RG,1670,21,D,CS,SQ,D
13:51:31,MYOR,RG,1670,2,D,CS,KZ,F
13:51:31,MYOR,RG,1670,1,D,CS,KZ,F
13:51:31,MYOR,RG,1670,21,D,CS,CS,F
13:51:31,MYOR,RG,1670,14,D,CS,XC,D
13:51:31,MYOR,RG,1670,9,D,CS,KZ,F
13:51:31,MYOR,RG,1670,1,D,CS,KZ,F
13:51:31,MYOR,RG,1670,14,D,CS,KZ,F
13:51:31,MYOR,RG,1670,50,D,CS,DR,D
13:51:31,MYOR,RG,1670,48,D,CS,KZ,F
13:51:31,MYOR,RG,1670,27,D,CS,CS,F
13:51:31,MYOR,RG,1670,200,D,CS,CS,F
13:51:31,MYOR,RG,1670,66,D,CS,YP,D
13:51:31,MYOR,RG,1670,19,D,CS,YP,D
13:50:52,MYOR,RG,1670,80,D,IF,YP,D
13:50:52,MYOR,RG,1670,1,D,BQ,YP,D
13:50:38,MYOR,RG,1670,34,D,CC,YP,D
13:50:38,MYOR,RG,1670,1,D,CC,KZ,F
13:50:38,MYOR,RG,1670,3,D,CC,KZ,F
13:50:38,MYOR,RG,1670,12,D,CC,DH,D
13:50:37,MYOR,RG,1665,2,D,CS,YP,D
13:49:49,MYOR,RG,1665,1,D,CS,KZ,F
13:49:49,MYOR,RG,1665,1,D,CS,KZ,F
13:49:25,MYOR,RG,1670,1,D,XC,DH,D
13:49:19,MYOR,RG,1665,1,D,CS,KZ,F
13:48:59,MYOR,RG,1670,5,F,AK,DH,D
13:48:59,MYOR,RG,1670,1,F,AK,DH,D
13:48:59,MYOR,RG,1670,1,F,AK,DH,D
13:48:45,MYOR,RG,1670,2,F,AK,DH,D
13:48:45,MYOR,RG,1670,3,D,XC,DH,D
13:48:31,MYOR,RG,1670,1,F,AK,DH,D
13:48:30,MYOR,RG,1670,1,F,AK,DH,D
13:48:19,MYOR,RG,1665,10,D,CS,CS,F
13:48:17,MYOR,RG,1670,1,D,AZ,DH,D
13:48:09,MYOR,RG,1660,1,D,PD,CS,F
13:48:08,MYOR,RG,1665,1,D,AZ,CS,F
13:48:02,MYOR,RG,1660,3,D,PD,CS,F
13:48:01,MYOR,RG,1660,3,D,PD,CS,F
13:48:01,MYOR,RG,1665,3,D,CS,CS,F
13:48:00,MYOR,RG,1665,3,F,AK,CS,F
13:47:55,MYOR,RG,1660,1,D,PD,XL,D
13:47:46,MYOR,RG,1660,4,D,PD,CS,F
13:47:46,MYOR,RG,1660,4,D,PD,CS,F
13:47:46,MYOR,RG,1665,1,D,CS,CS,F
13:47:45,MYOR,RG,1660,3,D,PD,CS,F
13:47:45,MYOR,RG,1660,1,D,PD,CS,F
13:47:45,MYOR,RG,1660,13,D,PD,XC,D
13:47:45,MYOR,RG,1665,3,F,AK,XC,D
13:47:45,MYOR,RG,1665,1,F,AK,XC,D
13:46:45,MYOR,RG,1665,7,D,CS,CS,F
13:46:45,MYOR,RG,1670,2,F,AK,DH,D
13:46:44,MYOR,RG,1660,66,D,PD,CS,F
13:46:44,MYOR,RG,1665,5,D,CS,CS,F
13:46:44,MYOR,RG,1665,2,D,XC,CS,F
13:46:16,MYOR,RG,1665,2,D,CS,CS,F
13:46:15,MYOR,RG,1660,3,D,PD,CS,F
13:46:15,MYOR,RG,1660,1,D,PD,CS,F
13:46:15,MYOR,RG,1665,3,D,CS,CS,F
13:46:15,MYOR,RG,1670,2,F,AK,CS,F
13:46:14,MYOR,RG,1665,1,D,CS,CS,F
13:46:14,MYOR,RG,1665,1,D,CS,CS,F
13:46:14,MYOR,RG,1665,1,D,CS,CS,F
13:46:13,MYOR,RG,1665,1,D,EP,CS,F
13:46:01,MYOR,RG,1670,1,D,EP,OD,D
13:45:56,MYOR,RG,1670,1,D,EP,NI,D
13:45:50,MYOR,RG,1670,2,D,PD,KZ,F
13:45:46,MYOR,RG,1670,2,D,XL,KZ,F
13:45:32,MYOR,RG,1670,22,F,YP,KZ,F
13:45:32,MYOR,RG,1670,228,F,YP,CS,F
13:45:32,MYOR,RG,1670,1,F,YP,KZ,F
13:45:32,MYOR,RG,1670,7,F,YP,KZ,F
13:45:32,MYOR,RG,1670,49,F,YP,AK,F
13:45:32,MYOR,RG,1670,2,F,YP,DR,D
13:45:32,MYOR,RG,1670,3,F,YP,YP,D
13:45:32,MYOR,RG,1670,1,F,YP,YP,D
13:45:32,MYOR,RG,1670,90,F,YP,CC,D
13:45:32,MYOR,RG,1670,5,F,YP,CC,D
13:45:32,MYOR,RG,1670,24,F,YP,XC,D
13:45:32,MYOR,RG,1670,134,F,YP,DR,D
13:45:32,MYOR,RG,1670,1,F,YP,XC,D
13:45:32,MYOR,RG,1670,3,F,YP,KZ,F
13:45:32,MYOR,RG,1670,60,F,YP,PD,D
13:45:32,MYOR,RG,1670,3,F,YP,KZ,F
13:45:32,MYOR,RG,1670,2,F,YP,CC,D
13:45:32,MYOR,RG,1670,1,F,YP,KZ,F
13:45:32,MYOR,RG,1670,20,F,YP,PD,D
13:45:32,MYOR,RG,1670,10,F,YP,DH,D
13:45:32,MYOR,RG,1670,3,F,YP,YP,D
13:45:32,MYOR,RG,1670,3,F,YP,KZ,F
13:45:32,MYOR,RG,1670,2,F,YP,AT,D
13:45:32,MYOR,RG,1670,20,F,YP,YP,D
13:45:32,MYOR,RG,1670,6,F,YP,KZ,F
13:45:26,MYOR,RG,1670,1,D,PD,KZ,F
13:45:22,MYOR,RG,1665,1,D,XC,OD,D
13:44:52,MYOR,RG,1660,2,D,PD,CS,F
13:44:52,MYOR,RG,1665,2,D,CS,CS,F
13:44:51,MYOR,RG,1660,1,D,PD,CS,F
13:44:51,MYOR,RG,1665,1,D,CS,CS,F
13:44:50,MYOR,RG,1665,1,D,YP,CS,F
13:44:38,MYOR,RG,1665,23,F,CC,KZ,F
13:44:38,MYOR,RG,1665,3,F,CC,HP,D
13:44:38,MYOR,RG,1665,9,F,CC,KZ,F
13:44:34,MYOR,RG,1665,9,D,PD,KZ,F
13:44:34,MYOR,RG,1665,22,D,PD,KZ,F
13:44:34,MYOR,RG,1665,4,D,PD,KZ,F
13:44:34,MYOR,RG,1665,45,D,PD,KZ,F
13:44:25,MYOR,RG,1665,15,D,CC,KZ,F
13:44:05,MYOR,RG,1665,1,D,XC,KZ,F
13:44:05,MYOR,RG,1665,1,D,XC,KZ,F
13:43:37,MYOR,RG,1665,1,D,PD,KZ,F
13:42:55,MYOR,RG,1665,63,D,CS,CS,F
13:42:54,MYOR,RG,1665,35,D,CS,CC,D
13:42:54,MYOR,RG,1665,130,D,CS,CC,D
13:42:54,MYOR,RG,1665,73,D,CS,CC,D
13:42:54,MYOR,RG,1665,2,F,AK,CC,D
13:42:54,MYOR,RG,1665,130,D,CS,CC,D
13:42:54,MYOR,RG,1665,5,D,CS,CC,D
13:42:54,MYOR,RG,1665,2,F,AK,CC,D
13:42:54,MYOR,RG,1665,41,D,CS,CC,D
13:42:54,MYOR,RG,1665,41,D,CS,CC,D
13:42:54,MYOR,RG,1665,5,D,SQ,CC,D
13:42:54,MYOR,RG,1665,1,D,XC,CC,D
13:42:54,MYOR,RG,1665,10,D,XC,CC,D
13:42:54,MYOR,RG,1665,5,D,XC,CC,D
13:42:54,MYOR,RG,1665,5,D,PD,CC,D
13:42:54,MYOR,RG,1665,2,D,PD,CC,D
13:42:54,MYOR,RG,1665,12,D,XC,CC,D
13:42:54,MYOR,RG,1665,1,D,XC,CC,D
13:42:20,MYOR,RG,1670,1,D,XC,KZ,F
13:42:07,MYOR,RG,1670,3,D,PD,KZ,F
13:41:53,MYOR,RG,1670,8,F,AK,KZ,F
13:41:53,MYOR,RG,1670,4,D,CS,AK,F
13:41:53,MYOR,RG,1670,10,D,CS,AK,F
13:41:53,MYOR,RG,1670,3,F,AK,AK,F
13:41:53,MYOR,RG,1670,16,D,CS,AK,F
13:41:52,MYOR,RG,1665,13,D,CS,CS,F
13:41:52,MYOR,RG,1665,41,D,CS,CS,F
13:41:52,MYOR,RG,1665,19,D,CS,CS,F
13:41:52,MYOR,RG,1670,3,D,CS,CS,F
13:41:52,MYOR,RG,1670,4,F,AK,CS,F
13:41:52,MYOR,RG,1670,3,F,AK,CS,F
13:41:52,MYOR,RG,1670,24,D,CS,CS,F
13:41:52,MYOR,RG,1670,74,D,CS,CS,F
13:41:52,MYOR,RG,1670,18,D,CS,CS,F
13:41:52,MYOR,RG,1670,3,D,CS,CS,F
13:41:52,MYOR,RG,1670,14,D,CS,CS,F
13:41:52,MYOR,RG,1670,1,D,NI,CS,F
13:41:52,MYOR,RG,1670,56,D,DR,CS,F
13:41:51,MYOR,RG,1670,23,D,DR,KZ,F
13:41:51,MYOR,RG,1670,5,D,DR,PD,D
13:41:51,MYOR,RG,1670,200,D,DR,AK,F
13:41:50,MYOR,RG,1670,200,D,DR,AK,F
13:41:49,MYOR,RG,1670,1,D,DR,KZ,F
13:41:45,MYOR,RG,1675,4,F,AK,KK,D
13:41:27,MYOR,RG,1670,2,D,DR,XC,D
13:41:20,MYOR,RG,1670,5,D,DR,KZ,F
13:41:20,MYOR,RG,1670,1,D,DR,KZ,F
13:41:20,MYOR,RG,1670,2,D,DR,KZ,F
13:41:20,MYOR,RG,1670,5,D,DR,GR,D
13:41:17,MYOR,RG,1670,15,D,CS,GR,D
13:41:15,MYOR,RG,1670,3,F,AK,CS,F
13:41:09,MYOR,RG,1665,5,F,CC,XC,D
13:41:07,MYOR,RG,1665,2,F,CC,CS,F
13:41:07,MYOR,RG,1670,1,D,CS,CS,F
13:41:07,MYOR,RG,1670,2,D,CS,CS,F
13:41:06,MYOR,RG,1665,5,F,CC,CS,F
13:41:06,MYOR,RG,1665,9,F,CC,CS,F
13:41:06,MYOR,RG,1670,5,D,CS,CS,F
13:41:06,MYOR,RG,1670,9,D,CS,CS,F
13:41:06,MYOR,RG,1670,5,D,CS,CS,F
13:41:05,MYOR,RG,1670,14,D,PD,CS,F
13:41:04,MYOR,RG,1675,1,D,CS,KK,D
13:41:04,MYOR,RG,1670,2,D,PD,AZ,D
13:41:03,MYOR,RG,1670,3,D,CS,AZ,D
13:41:03,MYOR,RG,1670,1,D,CS,XL,D
13:41:03,MYOR,RG,1670,7,D,CS,PD,D
13:41:03,MYOR,RG,1670,3,D,CS,PD,D
13:41:03,MYOR,RG,1670,1,D,CS,KZ,F
13:41:01,MYOR,RG,1670,1,D,CC,KZ,F
13:41:01,MYOR,RG,1670,8,D,CC,KZ,F
13:41:01,MYOR,RG,1670,50,D,CC,FZ,D
13:41:01,MYOR,RG,1670,1,D,CC,KZ,F
13:40:58,MYOR,RG,1670,7,D,YP,KZ,F
13:40:58,MYOR,RG,1670,1,D,YP,KZ,F
13:40:58,MYOR,RG,1670,2,D,YP,KZ,F
13:40:54,MYOR,RG,1670,26,D,CS,CS,F
13:40:54,MYOR,RG,1670,1,D,CS,YP,D
13:40:54,MYOR,RG,1670,1,D,CS,KZ,F
13:40:54,MYOR,RG,1670,1,D,CS,IF,D
13:40:54,MYOR,RG,1670,2,D,CS,XC,D
13:40:54,MYOR,RG,1670,15,D,CS,XC,D
13:40:54,MYOR,RG,1670,20,D,CS,XL,D
13:40:53,MYOR,RG,1670,13,D,CS,XL,D
13:40:53,MYOR,RG,1670,3,D,CS,XC,D
13:40:53,MYOR,RG,1670,1,D,CS,SQ,D
13:40:53,MYOR,RG,1670,10,D,CS,XC,D
13:40:53,MYOR,RG,1670,10,D,CS,NI,D
13:40:53,MYOR,RG,1670,1,D,CS,YP,D
13:40:53,MYOR,RG,1670,1,D,CS,NI,D
13:40:53,MYOR,RG,1670,1,D,CS,NI,D
13:40:53,MYOR,RG,1670,2,D,CS,LS,D
13:40:53,MYOR,RG,1670,2,D,CS,DR,D
13:40:53,MYOR,RG,1670,1,D,CS,PD,D
13:40:53,MYOR,RG,1670,32,D,CS,KZ,F
13:40:53,MYOR,RG,1670,1,D,CS,NI,D
13:40:53,MYOR,RG,1670,4,D,CS,CC,D
13:40:53,MYOR,RG,1670,1,D,CS,PD,D
13:40:53,MYOR,RG,1670,2,D,CS,DH,D
13:40:53,MYOR,RG,1670,2,D,CS,PD,D
13:40:53,MYOR,RG,1670,3,D,CS,PD,D
13:40:53,MYOR,RG,1670,3,D,CS,PD,D
13:40:53,MYOR,RG,1670,127,D,CS,DH,D
13:40:50,MYOR,RG,1670,7,D,NI,DH,D
13:40:39,MYOR,RG,1670,8,D,DR,DH,D
13:40:35,MYOR,RG,1670,2,D,PD,DH,D
13:40:27,MYOR,RG,1670,20,D,PD,DH,D
13:40:15,MYOR,RG,1670,4,F,AK,DH,D
13:39:44,MYOR,RG,1665,10,F,CC,XL,D
13:39:32,MYOR,RG,1665,79,F,AK,CS,F
13:39:31,MYOR,RG,1665,4,F,AK,CS,F
13:39:31,MYOR,RG,1665,4,F,AK,CS,F
13:39:30,MYOR,RG,1665,4,F,AK,CS,F
13:39:20,MYOR,RG,1670,10,D,PD,DH,D
13:39:08,MYOR,RG,1660,18,D,PD,CS,F
13:39:08,MYOR,RG,1660,3,D,DR,CS,F
13:39:08,MYOR,RG,1665,8,F,AK,CS,F
13:39:07,MYOR,RG,1660,5,D,DR,CS,F
13:39:07,MYOR,RG,1660,5,D,KK,CS,F
13:39:07,MYOR,RG,1660,10,D,KK,CS,F
13:39:07,MYOR,RG,1660,7,D,KK,CS,F
13:39:07,MYOR,RG,1665,1,F,AK,CS,F
13:39:06,MYOR,RG,1665,10,D,CC,CS,F
13:38:36,MYOR,RG,1670,10,D,OD,DH,D
13:38:23,MYOR,RG,1665,5,F,AK,CS,F
13:38:22,MYOR,RG,1670,1,D,XC,DH,D
13:38:22,MYOR,RG,1660,23,D,KK,CS,F
13:38:22,MYOR,RG,1665,1,F,AK,CS,F
13:38:22,MYOR,RG,1665,3,F,AK,CS,F
13:38:21,MYOR,RG,1660,10,D,KK,CS,F
13:38:21,MYOR,RG,1660,1,D,KK,CS,F
13:38:21,MYOR,RG,1665,6,F,AK,CS,F
13:38:21,MYOR,RG,1665,4,D,CS,CS,F
13:38:20,MYOR,RG,1665,7,F,BK,CS,F
13:38:18,MYOR,RG,1670,11,D,CS,DH,D
13:38:18,MYOR,RG,1670,14,D,CS,BQ,D
13:38:18,MYOR,RG,1665,10,D,YP,CS,F
13:38:17,MYOR,RG,1670,7,D,CS,BQ,D
13:38:17,MYOR,RG,1665,15,D,CS,CS,F
13:38:17,MYOR,RG,1665,10,D,CS,XC,D
13:38:17,MYOR,RG,1665,22,D,CS,XC,D
13:38:17,MYOR,RG,1660,1,D,KK,XL,D
13:38:07,MYOR,RG,1660,1,D,KK,YP,D
13:38:03,MYOR,RG,1670,5,D,XL,BQ,D
13:37:22,MYOR,RG,1670,18,D,CS,BQ,D
13:37:22,MYOR,RG,1665,3,D,CS,KZ,F
13:37:22,MYOR,RG,1665,12,D,CS,KZ,F
13:37:22,MYOR,RG,1665,61,D,CS,KZ,F
13:37:20,MYOR,RG,1665,22,F,CC,CS,F
13:37:20,MYOR,RG,1665,397,F,CC,EP,D
13:37:17,MYOR,RG,1660,1,D,KK,PD,D
13:37:16,MYOR,RG,1665,15,D,PD,EP,D
13:37:16,MYOR,RG,1665,1,D,PD,KZ,F
13:37:16,MYOR,RG,1665,4,D,PD,KZ,F
13:37:16,MYOR,RG,1665,5,D,PD,PD,D
13:37:16,MYOR,RG,1665,17,D,PD,KZ,F
13:37:16,MYOR,RG,1665,10,D,PD,KZ,F
13:37:16,MYOR,RG,1665,23,D,PD,KZ,F
13:37:16,MYOR,RG,1665,1,D,PD,KZ,F
13:37:16,MYOR,RG,1665,194,D,PD,CC,D
13:37:11,MYOR,RG,1665,20,D,XL,CC,D
13:36:27,MYOR,RG,1660,1,D,KK,PD,D
13:36:27,MYOR,RG,1660,3,F,AK,PD,D
13:35:59,MYOR,RG,1665,1,D,XC,CC,D
13:35:53,MYOR,RG,1670,8,D,CS,BQ,D
13:35:52,MYOR,RG,1665,4,D,CS,YP,D
13:35:52,MYOR,RG,1665,4,D,CS,YP,D
13:35:52,MYOR,RG,1660,4,F,AK,CS,F
13:35:52,MYOR,RG,1660,3,D,XL,CS,F
13:35:51,MYOR,RG,1665,4,D,CS,YP,D
13:35:51,MYOR,RG,1665,4,D,CS,XC,D
13:35:51,MYOR,RG,1665,3,F,AK,XC,D
13:35:51,MYOR,RG,1665,3,D,CS,XC,D
13:35:51,MYOR,RG,1665,1,D,CS,CS,F
13:35:51,MYOR,RG,1665,1,F,AK,CS,F
13:35:51,MYOR,RG,1665,2,F,AK,CS,F
13:35:50,MYOR,RG,1665,1,D,XC,CS,F
13:35:44,MYOR,RG,1665,1,D,CS,KZ,F
13:35:44,MYOR,RG,1665,20,D,CS,KZ,F
13:35:42,MYOR,RG,1670,48,D,CS,BQ,D
13:35:42,MYOR,RG,1670,7,D,CS,XC,D
13:35:42,MYOR,RG,1670,1,D,CS,XC,D
13:35:42,MYOR,RG,1670,20,D,CS,SQ,D
13:35:42,MYOR,RG,1670,1,D,CS,YU,D
13:35:42,MYOR,RG,1670,3,D,CS,XC,D
13:35:42,MYOR,RG,1670,1,D,CS,XC,D
13:35:42,MYOR,RG,1670,8,D,CS,YP,D
13:35:42,MYOR,RG,1665,11,D,CS,KZ,F
13:35:41,MYOR,RG,1665,100,D,CS,ZP,D
13:35:34,MYOR,RG,1665,1,F,AK,CS,F
13:35:34,MYOR,RG,1665,1,F,AK,CS,F
13:35:34,MYOR,RG,1665,1,D,CC,CS,F
13:35:32,MYOR,RG,1665,13,D,CS,CS,F
13:35:32,MYOR,RG,1665,71,D,CS,CS,F
13:35:32,MYOR,RG,1665,1,D,CS,CS,F
13:35:32,MYOR,RG,1665,10,D,YP,CS,F
13:35:32,MYOR,RG,1665,1,D,XC,CS,F
13:35:32,MYOR,RG,1665,6,F,AK,CS,F
13:35:31,MYOR,RG,1665,2,F,AK,BQ,D
13:35:31,MYOR,RG,1665,5,D,YP,BQ,D
13:35:31,MYOR,RG,1665,2,D,YP,BQ,D
13:35:31,MYOR,RG,1665,66,D,XC,BQ,D
13:35:31,MYOR,RG,1665,4,D,CS,BQ,D
13:35:31,MYOR,RG,1665,3,D,CS,BQ,D
13:35:31,MYOR,RG,1665,2,D,XC,BQ,D
13:35:31,MYOR,RG,1665,1,D,XC,BQ,D
13:35:31,MYOR,RG,1665,2,D,XA,BQ,D
13:35:29,MYOR,RG,1665,1,D,XA,XC,D
13:35:29,MYOR,RG,1665,3,D,XA,KZ,F
13:35:24,MYOR,RG,1665,1,D,XA,KZ,F
13:35:24,MYOR,RG,1665,1,D,XA,KZ,F
13:35:05,MYOR,RG,1670,29,F,AK,YP,D
13:35:05,MYOR,RG,1665,2,D,XA,XC,D
13:35:05,MYOR,RG,1665,1,D,CS,XC,D
13:35:04,MYOR,RG,1665,15,D,CS,KZ,F
13:35:00,MYOR,RG,1665,103,D,CS,XC,D
13:35:00,MYOR,RG,1665,31,D,CS,XC,D
13:35:00,MYOR,RG,1665,16,D,CS,XC,D
13:34:54,MYOR,RG,1665,3,D,CS,KZ,F
13:34:49,MYOR,RG,1665,1,D,CS,KZ,F
13:34:38,MYOR,RG,1665,2,D,CS,LS,D
13:34:34,MYOR,RG,1665,4,D,CS,KZ,F
13:34:34,MYOR,RG,1665,2,D,CS,KZ,F
13:34:29,MYOR,RG,1665,1,D,CS,KZ,F
13:34:26,MYOR,RG,1665,6,D,CS,YP,D
13:34:26,MYOR,RG,1665,17,D,CS,YP,D
13:34:26,MYOR,RG,1665,7,D,CS,YP,D
13:34:16,MYOR,RG,1670,2,D,PD,YP,D
13:34:14,MYOR,RG,1665,2,D,CS,KZ,F
13:34:14,MYOR,RG,1665,1,D,CS,KZ,F
13:34:14,MYOR,RG,1665,3,D,CS,KZ,F
13:34:10,MYOR,RG,1665,25,D,CS,YP,D
13:34:10,MYOR,RG,1665,5,D,CS,YP,D
13:34:08,MYOR,RG,1665,2,D,CS,YP,D
13:34:08,MYOR,RG,1665,1,F,AK,YP,D
13:33:35,MYOR,RG,1665,5,F,AK,YP,D
13:33:13,MYOR,RG,1670,10,D,AG,YP,D
13:33:07,MYOR,RG,1665,1,F,AK,YP,D
13:33:07,MYOR,RG,1665,2,D,CS,YP,D
13:33:07,MYOR,RG,1665,1,D,CS,YP,D
13:33:07,MYOR,RG,1665,1,D,CS,YP,D
13:33:07,MYOR,RG,1665,1,D,XL,YP,D
13:32:36,MYOR,RG,1665,25,F,AK,DX,D
13:32:19,MYOR,RG,1670,1,D,CS,YP,D
13:32:19,MYOR,RG,1670,10,D,CS,CC,D
13:31:59,MYOR,RG,1665,1,F,AK,NI,D
13:31:35,MYOR,RG,1665,26,F,AK,XL,D
13:31:32,MYOR,RG,1665,1,F,AK,PD,D
13:31:26,MYOR,RG,1670,10,D,NI,CC,D
13:31:05,MYOR,RG,1670,80,D,CS,CC,D
13:31:05,MYOR,RG,1670,18,D,CS,CC,D
13:31:05,MYOR,RG,1670,1,D,CS,AT,D
13:31:05,MYOR,RG,1670,26,D,CS,AZ,D
13:31:05,MYOR,RG,1670,14,D,CS,YB,D
13:30:33,MYOR,RG,1665,5,D,YP,KZ,F
13:30:31,MYOR,RG,1665,26,F,AK,KZ,F
13:30:31,MYOR,RG,1665,15,F,AK,KZ,F
13:30:31,MYOR,RG,1665,1,F,AK,YP,D
13:30:31,MYOR,RG,1665,51,F,AK,XL,D
13:30:30,MYOR,RG,1665,87,F,BK,XL,D
13:30:30,MYOR,RG,1665,1,F,BK,XL,D
13:30:30,MYOR,RG,1665,1,F,BK,XC,D
13:30:30,MYOR,RG,1665,1,F,BK,YP,D
13:30:30,MYOR,RG,1665,4,F,BK,XC,D
13:30:30,MYOR,RG,1665,15,F,BK,XC,D
13:30:30,MYOR,RG,1665,7,F,BK,XL,D
13:30:30,MYOR,RG,1665,192,F,BK,KZ,F
13:30:30,MYOR,RG,1665,1,F,BK,PD,D
13:30:30,MYOR,RG,1665,1,F,BK,PD,D
13:30:30,MYOR,RG,1665,1,F,BK,PD,D
13:30:30,MYOR,RG,1665,3,F,BK,PD,D
13:30:30,MYOR,RG,1665,27,F,BK,CP,D
13:30:30,MYOR,RG,1665,2,F,BK,XC,D
13:30:30,MYOR,RG,1665,10,F,BK,PD,D
13:30:30,MYOR,RG,1665,5,F,BK,PD,D
13:30:30,MYOR,RG,1665,3,F,BK,YP,D
13:30:30,MYOR,RG,1665,50,F,BK,BQ,D
13:30:30,MYOR,RG,1665,2,F,BK,DR,D
13:30:30,MYOR,RG,1665,50,F,BK,BQ,D
13:30:30,MYOR,RG,1665,25,F,BK,YP,D
13:30:30,MYOR,RG,1665,12,F,BK,DH,D
13:30:29,MYOR,RG,1665,288,F,BK,DH,D
13:30:29,MYOR,RG,1665,5,F,BK,PD,D
13:30:29,MYOR,RG,1665,207,F,BK,DH,D
13:30:28,MYOR,RG,1665,500,F,BK,DH,D
13:30:28,MYOR,RG,1665,3,D,PD,DH,D
13:30:28,MYOR,RG,1665,290,F,BK,DH,D
13:30:28,MYOR,RG,1665,200,F,BK,YP,D
13:30:28,MYOR,RG,1665,10,F,BK,YP,D
13:30:23,MYOR,RG,1660,18,F,BK,KZ,F
13:30:23,MYOR,RG,1660,1,F,BK,CC,D
13:30:22,MYOR,RG,1660,264,D,CS,CS,F
13:30:22,MYOR,RG,1660,2,D,CS,PD,D
13:30:22,MYOR,RG,1660,5,D,CS,XC,D
13:30:22,MYOR,RG,1660,1,D,CS,XC,D
13:30:22,MYOR,RG,1660,15,D,CS,XC,D
13:30:22,MYOR,RG,1660,1,D,CS,XC,D
13:30:22,MYOR,RG,1660,1,D,CS,XC,D
13:30:22,MYOR,RG,1660,2,D,CS,PD,D
13:30:22,MYOR,RG,1660,10,D,CS,SQ,D
13:30:22,MYOR,RG,1660,11,D,CS,XC,D
13:30:22,MYOR,RG,1660,3,D,CS,XC,D
13:30:22,MYOR,RG,1660,10,D,CS,XC,D
13:30:22,MYOR,RG,1660,6,D,CS,BQ,D
13:30:22,MYOR,RG,1660,1,D,CS,XC,D
13:30:22,MYOR,RG,1660,17,D,CS,XC,D
13:30:22,MYOR,RG,1660,6,D,CS,TF,D
13:30:22,MYOR,RG,1660,3,D,CS,XL,D
13:30:22,MYOR,RG,1660,12,D,CS,SQ,D
13:30:22,MYOR,RG,1660,15,D,CS,XC,D
13:30:22,MYOR,RG,1660,1,D,CS,XC,D
13:30:22,MYOR,RG,1660,1,D,CS,YP,D
13:30:22,MYOR,RG,1660,18,D,CS,YU,D
13:30:22,MYOR,RG,1660,3,D,CS,SQ,D
13:30:22,MYOR,RG,1660,70,D,CS,PD,D
13:30:22,MYOR,RG,1660,5,D,CS,EP,D
13:30:22,MYOR,RG,1660,18,D,CS,PD,D
13:30:22,MYOR,RG,1660,31,D,CS,NI,D
13:30:22,MYOR,RG,1660,1,D,CS,XC,D
13:30:22,MYOR,RG,1660,20,D,CS,XC,D
13:30:22,MYOR,RG,1660,20,D,CS,DR,D
13:30:22,MYOR,RG,1660,50,D,CS,AT,D
13:30:22,MYOR,RG,1660,6,D,CS,YP,D
13:30:22,MYOR,RG,1660,2,D,CS,CC,D
13:30:22,MYOR,RG,1660,1,D,CS,PD,D
13:30:22,MYOR,RG,1660,29,D,CS,KZ,F
13:30:22,MYOR,RG,1660,79,D,CS,CS,F
13:30:22,MYOR,RG,1660,1,D,CS,XL,D
13:30:22,MYOR,RG,1660,50,D,CS,KZ,F
13:30:22,MYOR,RG,1660,276,D,CS,CS,F
13:30:22,MYOR,RG,1660,174,D,CS,YP,D
13:30:22,MYOR,RG,1660,1,D,CS,KZ,F
13:30:22,MYOR,RG,1660,21,D,CS,KZ,F
13:30:22,MYOR,RG,1660,189,D,CS,CS,F
13:30:22,MYOR,RG,1660,4,D,CS,KZ,F
13:30:22,MYOR,RG,1660,208,D,CS,CS,F
13:30:22,MYOR,RG,1660,67,D,CS,CS,F
13:30:22,MYOR,RG,1660,85,D,CS,NI,D
13:30:22,MYOR,RG,1660,9,D,CS,NI,D
13:30:22,MYOR,RG,1660,6,D,CS,DH,D
13:30:22,MYOR,RG,1660,36,D,CS,SQ,D
13:30:22,MYOR,RG,1660,164,D,CS,SQ,D
13:30:22,MYOR,RG,1660,1,D,CS,PD,D
13:30:22,MYOR,RG,1660,27,D,CS,XC,D
13:30:22,MYOR,RG,1660,27,D,CS,YP,D
13:30:22,MYOR,RG,1660,3,D,CS,KK,D
13:30:22,MYOR,RG,1660,5,D,CS,CC,D
13:30:22,MYOR,RG,1660,3,D,CS,YP,D
13:30:22,MYOR,RG,1660,3,D,CS,KZ,F
13:30:22,MYOR,RG,1660,15,D,CS,KZ,F
13:30:22,MYOR,RG,1660,2,D,CS,KZ,F
13:30:22,MYOR,RG,1660,19,D,CS,XL,D
13:30:22,MYOR,RG,1660,122,D,CS,KZ,F
13:30:22,MYOR,RG,1660,5,D,CS,PD,D
13:30:22,MYOR,RG,1660,44,D,CS,XC,D
13:30:22,MYOR,RG,1660,20,D,CS,KK,D
13:30:22,MYOR,RG,1660,20,D,CS,LG,D
13:30:22,MYOR,RG,1660,1,D,CS,YP,D
13:30:22,MYOR,RG,1660,9,D,CS,XC,D
13:30:22,MYOR,RG,1660,1,D,CS,PD,D
13:30:22,MYOR,RG,1660,1,D,CS,PD,D
13:30:22,MYOR,RG,1660,2,D,CS,PD,D
13:30:22,MYOR,RG,1660,2,D,CS,KK,D
13:30:22,MYOR,RG,1660,50,D,CS,GR,D
13:30:22,MYOR,RG,1660,60,D,CS,KK,D
13:30:22,MYOR,RG,1660,6,D,CS,NI,D
13:30:22,MYOR,RG,1660,50,D,CS,BQ,D
13:30:22,MYOR,RG,1660,13,D,CS,XC,D
13:30:22,MYOR,RG,1660,2,D,CS,DR,D
13:30:22,MYOR,RG,1660,3,D,CS,BQ,D
13:30:14,MYOR,RG,1660,3,D,YP,BQ,D
13:30:13,MYOR,RG,1660,6,D,YP,BQ,D
13:30:11,MYOR,RG,1660,4,D,YP,BQ,D
13:30:11,MYOR,RG,1660,2,D,YP,BQ,D
13:30:10,MYOR,RG,1660,5,D,YP,BQ,D
13:30:10,MYOR,RG,1660,1,D,CC,BQ,D
13:30:08,MYOR,RG,1660,2,D,XL,BQ,D
13:30:08,MYOR,RG,1655,1,D,YP,XL,D
13:30:08,MYOR,RG,1660,4,D,XL,BQ,D
13:30:06,MYOR,RG,1655,2,D,YP,XL,D
13:30:06,MYOR,RG,1660,16,F,AK,BQ,D
13:30:06,MYOR,RG,1660,4,D,XL,BQ,D
13:30:06,MYOR,RG,1660,2,D,XL,XC,D
13:30:06,MYOR,RG,1660,1,D,XL,YP,D
13:30:06,MYOR,RG,1660,3,D,XL,LG,D
13:30:06,MYOR,RG,1660,1,D,XL,LG,D
13:30:06,MYOR,RG,1660,5,D,XL,YP,D
13:30:06,MYOR,RG,1660,4,D,XL,NI,D
13:30:05,MYOR,RG,1660,1,D,XC,NI,D
13:30:05,MYOR,RG,1655,30,D,YP,PD,D
13:30:05,MYOR,RG,1660,3,D,XL,NI,D
13:30:04,MYOR,RG,1655,2,D,YP,XL,D
13:30:04,MYOR,RG,1660,1,D,XL,NI,D
13:30:04,MYOR,RG,1660,1,D,PD,NI,D
13:30:04,MYOR,RG,1660,5,D,PD,SQ,D
13:30:04,MYOR,RG,1655,1,D,YP,PD,D
13:30:03,MYOR,RG,1660,1,D,XC,SQ,D
13:30:03,MYOR,RG,1660,3,D,XC,SQ,D
13:30:03,MYOR,RG,1660,5,D,XC,FZ,D
13:30:03,MYOR,RG,1660,1,D,XC,FZ,D
13:30:03,MYOR,RG,1655,1,D,YP,PD,D
13:30:03,MYOR,RG,1660,1,D,SQ,FZ,D
13:30:03,MYOR,RG,1660,1,D,PD,FZ,D
13:30:03,MYOR,RG,1655,51,D,YP,PD,D
13:30:03,MYOR,RG,1655,1,D,XC,PD,D
13:30:03,MYOR,RG,1655,10,D,XC,PD,D
13:30:03,MYOR,RG,1655,5,D,YP,PD,D
13:30:03,MYOR,RG,1660,1,D,XC,FZ,D
13:30:03,MYOR,RG,1655,5,D,YP,XC,D
13:30:03,MYOR,RG,1655,10,D,HD,XC,D
13:30:03,MYOR,RG,1660,20,D,XC,FZ,D
13:30:03,MYOR,RG,1660,2,D,KK,FZ,D
13:30:03,MYOR,RG,1660,2,D,XC,FZ,D
13:30:02,MYOR,RG,1660,1,D,KK,FZ,D
13:30:02,MYOR,RG,1660,2,D,PD,FZ,D
13:30:02,MYOR,RG,1660,1,D,PD,FZ,D
13:30:02,MYOR,RG,1660,3,D,PD,FZ,D
13:30:02,MYOR,RG,1660,10,D,PD,FZ,D
13:30:02,MYOR,RG,1660,15,D,PD,YP,D
13:30:02,MYOR,RG,1655,1,D,HD,PD,D
13:30:02,MYOR,RG,1660,2,D,XC,YP,D
13:30:02,MYOR,RG,1660,7,D,PD,YP,D
13:30:02,MYOR,RG,1655,5,D,HD,PD,D
13:30:02,MYOR,RG,1660,10,D,PD,YP,D
13:30:02,MYOR,RG,1660,3,D,XC,YP,D
13:30:01,MYOR,RG,1655,5,D,HD,PD,D
13:30:01,MYOR,RG,1660,1,D,PD,YP,D
13:30:01,MYOR,RG,1655,15,D,HD,XC,D
13:30:01,MYOR,RG,1660,2,D,XC,YP,D
13:30:01,MYOR,RG,1660,10,D,PD,YP,D
13:30:01,MYOR,RG,1660,3,D,AZ,YP,D
13:30:01,MYOR,RG,1660,1,D,CP,YP,D
13:30:01,MYOR,RG,1655,5,D,HD,EP,D
11:29:43,MYOR,RG,1660,1,D,XC,YP,D
11:29:21,MYOR,RG,1660,4,F,AK,YP,D
11:29:21,MYOR,RG,1660,1,F,AK,YP,D
11:29:20,MYOR,RG,1660,10,D,SQ,YP,D
11:29:04,MYOR,RG,1660,1,F,AK,YP,D
11:29:03,MYOR,RG,1660,10,D,CC,YP,D
11:28:51,MYOR,RG,1660,1,F,AK,YP,D
11:28:36,MYOR,RG,1660,2,F,AK,YP,D
11:27:41,MYOR,RG,1655,10,D,HD,KZ,F
11:27:16,MYOR,RG,1655,11,D,HD,KZ,F
11:26:55,MYOR,RG,1660,6,F,AK,YP,D
11:26:55,MYOR,RG,1655,38,D,HD,XC,D
11:26:55,MYOR,RG,1655,21,D,XL,XC,D
11:26:55,MYOR,RG,1655,1,D,CC,XC,D
11:26:55,MYOR,RG,1655,1,F,AK,XC,D
11:26:55,MYOR,RG,1655,3,F,AK,XC,D
11:26:55,MYOR,RG,1655,19,D,CS,XC,D
11:26:55,MYOR,RG,1655,84,D,CS,XC,D
11:26:51,MYOR,RG,1660,7,F,AK,YP,D
11:25:46,MYOR,RG,1660,3,D,CC,YP,D
11:24:57,MYOR,RG,1660,5,F,AK,YP,D
11:24:56,MYOR,RG,1655,2,D,CS,KZ,F
11:24:51,MYOR,RG,1655,23,D,CS,KZ,F
11:24:32,MYOR,RG,1660,6,F,AK,YP,D
11:24:30,MYOR,RG,1655,200,D,CS,RG,D
11:24:28,MYOR,RG,1655,6,D,CS,YP,D
11:24:24,MYOR,RG,1660,5,D,CC,YP,D
11:23:21,MYOR,RG,1660,4,F,AK,YP,D
11:22:51,MYOR,RG,1660,3,D,DH,YP,D
11:22:06,MYOR,RG,1660,4,F,AK,YP,D
11:21:46,MYOR,RG,1655,1,D,CS,KZ,F
11:21:20,MYOR,RG,1655,4,D,CS,PD,D
11:21:19,MYOR,RG,1660,3,D,XC,YP,D
11:21:06,MYOR,RG,1660,2,F,AK,YP,D
11:20:36,MYOR,RG,1660,2,F,AK,YP,D
11:20:11,MYOR,RG,1655,5,D,CS,KZ,F
11:20:07,MYOR,RG,1660,1,F,AK,YP,D
11:20:01,MYOR,RG,1655,1,D,CS,KZ,F
11:19:46,MYOR,RG,1655,11,D,CS,KZ,F
11:19:38,MYOR,RG,1660,3,F,AK,YP,D
11:19:36,MYOR,RG,1655,100,D,CS,RS,D
11:19:27,MYOR,RG,1660,2,F,AK,YP,D
11:19:26,MYOR,RG,1655,1,D,CS,KZ,F
11:19:21,MYOR,RG,1655,1,D,CS,KZ,F
11:19:17,MYOR,RG,1660,1,F,AK,YP,D
11:19:16,MYOR,RG,1655,29,D,CS,KZ,F
11:19:16,MYOR,RG,1655,29,D,CS,KZ,F
11:19:15,MYOR,RG,1660,2,D,YJ,YP,D
11:19:15,MYOR,RG,1660,7,D,YP,YP,D
11:18:51,MYOR,RG,1660,2,F,AK,YP,D
11:18:31,MYOR,RG,1655,1,D,CS,YP,D
11:18:29,MYOR,RG,1660,44,F,AK,YP,D
11:18:29,MYOR,RG,1655,216,D,CS,CS,F
11:18:29,MYOR,RG,1655,256,D,CS,CS,F
11:18:19,MYOR,RG,1655,1,D,CS,XC,D
11:18:01,MYOR,RG,1660,2,F,AK,YP,D
11:18:01,MYOR,RG,1660,10,D,YP,YP,D
11:18:00,MYOR,RG,1655,1,D,CS,XL,D
11:17:51,MYOR,RG,1660,90,D,YP,YP,D
11:17:20,MYOR,RG,1660,10,D,YP,YP,D
11:17:06,MYOR,RG,1660,3,F,AK,YP,D
11:15:51,MYOR,RG,1660,5,F,AK,YP,D
11:15:50,MYOR,RG,1655,5,D,CS,YP,D
11:15:18,MYOR,RG,1660,2,D,PD,YP,D
11:14:58,MYOR,RG,1660,32,D,YP,YP,D
11:14:28,MYOR,RG,1660,1,F,AK,YP,D
11:14:28,MYOR,RG,1655,4,D,CS,EP,D
11:14:28,MYOR,RG,1655,16,D,SQ,EP,D
11:13:51,MYOR,RG,1660,6,F,AK,YP,D
11:12:13,MYOR,RG,1660,2,D,NI,YP,D
11:11:51,MYOR,RG,1660,5,F,AK,YP,D
11:10:47,MYOR,RG,1660,2,D,XL,YP,D
11:10:22,MYOR,RG,1655,10,D,SQ,YP,D
11:10:21,MYOR,RG,1660,3,F,AK,YP,D
11:09:23,MYOR,RG,1655,3,D,SQ,YP,D
11:09:23,MYOR,RG,1655,2,D,XC,YP,D
11:09:22,MYOR,RG,1660,2,F,AK,YP,D
11:08:53,MYOR,RG,1655,2,D,XC,CS,F
11:08:53,MYOR,RG,1655,1,D,CC,CS,F
11:08:53,MYOR,RG,1655,22,D,PD,CS,F
11:08:12,MYOR,RG,1660,6,D,XC,YP,D
11:07:58,MYOR,RG,1660,3,D,XC,YP,D
11:07:33,MYOR,RG,1660,1,D,XL,YP,D
11:07:09,MYOR,RG,1655,28,D,PD,RG,D
11:07:09,MYOR,RG,1655,50,D,YP,RG,D
11:07:09,MYOR,RG,1655,1,D,YP,RG,D
11:07:09,MYOR,RG,1655,1,D,YP,RG,D
11:07:09,MYOR,RG,1655,3,D,XC,RG,D
11:07:09,MYOR,RG,1655,3,F,AK,RG,D
11:07:09,MYOR,RG,1655,14,D,PD,RG,D
11:06:57,MYOR,RG,1660,1,D,AT,YP,D
11:06:36,MYOR,RG,1655,6,D,PD,XC,D
11:06:30,MYOR,RG,1655,6,D,PD,XC,D
11:05:47,MYOR,RG,1660,10,D,SQ,YP,D
11:05:11,MYOR,RG,1660,4,F,AK,YP,D
11:05:10,MYOR,RG,1655,1,D,PD,XC,D
11:04:18,MYOR,RG,1655,5,D,PD,YP,D
11:03:48,MYOR,RG,1655,18,D,PD,PD,D
11:03:34,MYOR,RG,1660,7,D,EP,YP,D
11:02:03,MYOR,RG,1660,1,D,PD,YP,D
11:01:51,MYOR,RG,1660,1,F,AK,YP,D
11:01:36,MYOR,RG,1660,1,F,AK,YP,D
11:01:32,MYOR,RG,1655,2,F,BK,XC,D
11:01:32,MYOR,RG,1655,48,F,CC,XC,D
11:01:32,MYOR,RG,1660,5,F,BK,YP,D
11:01:26,MYOR,RG,1655,17,F,AK,KZ,F
11:01:26,MYOR,RG,1655,32,F,AK,KZ,F
11:01:26,MYOR,RG,1655,1,F,AK,KZ,F
11:01:11,MYOR,RG,1655,20,D,PD,YP,D
11:01:11,MYOR,RG,1655,1,F,AK,YP,D
11:01:03,MYOR,RG,1655,1,D,YP,YP,D
11:00:56,MYOR,RG,1655,1,F,AK,YP,D
11:00:51,MYOR,RG,1655,1,D,YP,YP,D
11:00:51,MYOR,RG,1655,1,D,YP,YP,D
11:00:51,MYOR,RG,1655,1,F,AK,YP,D
11:00:41,MYOR,RG,1660,6,F,BK,YP,D
11:00:41,MYOR,RG,1660,2,F,BK,AT,D
11:00:41,MYOR,RG,1660,1,F,BK,AT,D
11:00:41,MYOR,RG,1660,5,F,BK,SQ,D
11:00:38,MYOR,RG,1655,123,F,AK,KZ,F
11:00:36,MYOR,RG,1655,1,F,BK,CS,F
11:00:36,MYOR,RG,1655,1,F,CC,CS,F
11:00:36,MYOR,RG,1655,1,F,BK,CS,F
11:00:36,MYOR,RG,1655,1,F,BK,KZ,F
11:00:34,MYOR,RG,1655,71,F,AK,CS,F
11:00:33,MYOR,RG,1655,70,D,CS,ZP,F
11:00:33,MYOR,RG,1655,1,D,CS,XC,D
11:00:33,MYOR,RG,1655,2,D,CS,XC,D
11:00:33,MYOR,RG,1655,1,D,CS,PD,D
11:00:33,MYOR,RG,1655,99,D,CS,ZP,F
11:00:33,MYOR,RG,1655,4,D,CS,KZ,F
11:00:33,MYOR,RG,1655,207,D,CS,CS,F
11:00:33,MYOR,RG,1655,1,D,CS,YP,D
11:00:33,MYOR,RG,1655,199,D,CS,CS,F
11:00:33,MYOR,RG,1655,50,D,CS,PS,D
11:00:33,MYOR,RG,1655,1,D,CS,XL,D
11:00:33,MYOR,RG,1655,2,D,CS,YP,D
11:00:33,MYOR,RG,1655,1,D,CS,XC,D
11:00:33,MYOR,RG,1655,1,D,CS,DR,D
11:00:33,MYOR,RG,1655,82,D,CS,ZP,F
11:00:33,MYOR,RG,1655,59,D,CS,CS,F
11:00:33,MYOR,RG,1655,138,D,CS,CS,F
11:00:33,MYOR,RG,1655,1,D,CS,PD,D
11:00:33,MYOR,RG,1655,5,D,CS,XC,D
11:00:33,MYOR,RG,1655,10,D,CS,DH,D
11:00:33,MYOR,RG,1655,30,D,CS,XC,D
11:00:33,MYOR,RG,1655,4,D,CS,YP,D
11:00:33,MYOR,RG,1655,10,D,CS,AZ,D
11:00:33,MYOR,RG,1655,13,D,CS,ZP,F
11:00:33,MYOR,RG,1655,1,D,CS,XC,D
11:00:33,MYOR,RG,1655,15,D,CS,KZ,F
11:00:33,MYOR,RG,1655,1,D,CS,KZ,F
11:00:33,MYOR,RG,1655,16,D,CS,PD,D
11:00:33,MYOR,RG,1655,1,D,CS,PD,D
11:00:33,MYOR,RG,1655,1,D,CS,PD,D
11:00:33,MYOR,RG,1655,1,D,CS,PD,D
11:00:33,MYOR,RG,1655,1,D,CS,YP,D
11:00:33,MYOR,RG,1655,59,D,CS,ZP,F
11:00:33,MYOR,RG,1655,6,D,CS,KZ,F
11:00:33,MYOR,RG,1655,1,D,CS,KZ,F
11:00:33,MYOR,RG,1655,1,D,CS,KZ,F
11:00:33,MYOR,RG,1655,4,D,CS,PD,D
11:00:33,MYOR,RG,1655,7,D,CS,KZ,F
11:00:33,MYOR,RG,1655,2,D,CS,XC,D
11:00:33,MYOR,RG,1655,3,D,CS,OD,D
11:00:33,MYOR,RG,1655,1,D,CS,XC,D
11:00:33,MYOR,RG,1655,10,D,CS,XC,D
11:00:33,MYOR,RG,1655,3,D,CS,XC,D
11:00:33,MYOR,RG,1655,1,D,CS,CC,D
11:00:33,MYOR,RG,1655,6,D,CS,EP,D
11:00:33,MYOR,RG,1655,1,D,CS,AT,D
11:00:33,MYOR,RG,1655,10,D,CS,KK,D
11:00:33,MYOR,RG,1655,1,D,CS,XC,D
11:00:33,MYOR,RG,1655,135,D,CS,KZ,F
11:00:33,MYOR,RG,1655,63,D,CS,ZP,F
11:00:33,MYOR,RG,1655,1319,D,CS,OD,D
11:00:33,MYOR,RG,1655,781,D,CS,OD,D
11:00:33,MYOR,RG,1655,2,D,CS,XC,D
11:00:33,MYOR,RG,1655,1,D,CS,KZ,F
11:00:33,MYOR,RG,1655,2,D,CS,LS,D
11:00:33,MYOR,RG,1655,3,D,CS,KK,D
11:00:33,MYOR,RG,1655,14,D,CS,XC,D
11:00:33,MYOR,RG,1655,3,D,CS,KZ,F
11:00:33,MYOR,RG,1655,92,D,CS,KZ,F
11:00:33,MYOR,RG,1655,69,D,CS,CC,D
11:00:26,MYOR,RG,1655,1,F,AK,CC,D
11:00:26,MYOR,RG,1655,1,F,AK,CC,D
11:00:22,MYOR,RG,1655,1,D,PD,CC,D
11:00:11,MYOR,RG,1655,1,F,AK,CC,D
11:00:04,MYOR,RG,1655,1,D,CC,CC,D
10:59:56,MYOR,RG,1655,1,F,AK,CC,D
10:59:56,MYOR,RG,1655,1,F,AK,CC,D
10:59:41,MYOR,RG,1655,1,F,AK,CC,D
10:59:26,MYOR,RG,1655,1,F,AK,CC,D
10:59:11,MYOR,RG,1655,2,F,AK,CC,D
10:58:41,MYOR,RG,1655,2,F,AK,CC,D
10:58:26,MYOR,RG,1655,2,F,AK,CC,D
10:57:56,MYOR,RG,1655,3,F,AK,CC,D
10:57:26,MYOR,RG,1655,2,F,AK,CC,D
10:56:56,MYOR,RG,1655,2,F,AK,CC,D
10:56:55,MYOR,RG,1655,10,D,CC,CC,D
10:56:55,MYOR,RG,1655,1,D,PD,CC,D
10:56:46,MYOR,RG,1650,1,D,CS,KZ,F
10:56:43,MYOR,RG,1650,2,D,CS,KZ,F
10:56:37,MYOR,RG,1655,2,F,AK,CC,D
10:56:36,MYOR,RG,1655,2,D,XC,CC,D
10:56:32,MYOR,RG,1655,5,D,XC,CC,D
10:56:11,MYOR,RG,1655,3,F,AK,CC,D
10:56:10,MYOR,RG,1650,17,D,CS,PD,D
10:55:53,MYOR,RG,1650,1,D,CS,XL,D
10:55:50,MYOR,RG,1650,40,D,CS,DX,D
10:55:39,MYOR,RG,1650,89,D,CS,KZ,F
10:55:39,MYOR,RG,1650,9,D,CS,KZ,F
10:55:38,MYOR,RG,1650,5,D,PD,KZ,F
10:55:09,MYOR,RG,1650,112,D,CS,CS,F
10:55:08,MYOR,RG,1655,122,D,CS,CC,D
10:55:08,MYOR,RG,1655,17,D,CS,CC,D
10:55:08,MYOR,RG,1650,120,D,CS,YP,D
10:55:08,MYOR,RG,1650,2,D,CS,YP,D
10:55:08,MYOR,RG,1650,3,D,CS,YP,D
10:55:08,MYOR,RG,1650,10,D,PD,YP,D
10:55:08,MYOR,RG,1650,59,F,BK,YP,D
10:55:08,MYOR,RG,1650,5,D,PD,YP,D
10:55:08,MYOR,RG,1650,4,D,CC,YP,D
10:55:08,MYOR,RG,1650,100,D,HD,YP,D
10:55:08,MYOR,RG,1650,10,D,LG,YP,D
10:55:08,MYOR,RG,1650,2,D,CC,YP,D
10:55:08,MYOR,RG,1650,1,D,PD,YP,D
10:55:08,MYOR,RG,1650,5,D,YP,YP,D
10:55:08,MYOR,RG,1650,41,D,CS,YP,D
10:55:08,MYOR,RG,1650,4,D,CS,YP,D
10:55:08,MYOR,RG,1650,1,F,AK,YP,D
10:55:08,MYOR,RG,1650,1,F,AK,YP,D
10:55:08,MYOR,RG,1650,137,D,CS,YP,D
10:55:08,MYOR,RG,1650,42,D,CS,YP,D
10:55:08,MYOR,RG,1650,123,D,CS,YP,D
10:54:56,MYOR,RG,1655,3,F,AK,CC,D
10:54:56,MYOR,RG,1650,5,D,CS,KZ,F
10:54:51,MYOR,RG,1650,2,D,CS,KZ,F
10:54:50,MYOR,RG,1650,37,D,CS,KZ,F
10:54:48,MYOR,RG,1650,25,D,CS,KZ,F
10:54:47,MYOR,RG,1650,333,D,CS,OD,D
10:54:47,MYOR,RG,1650,167,D,CS,OD,D
10:54:30,MYOR,RG,1655,17,D,XC,CC,D
10:54:26,MYOR,RG,1655,3,F,AK,CC,D
10:53:50,MYOR,RG,1655,2,F,AK,CC,D
10:53:48,MYOR,RG,1655,1,D,AG,CC,D
10:53:48,MYOR,RG,1650,31,D,CS,XC,D
10:53:48,MYOR,RG,1650,7,D,CS,XC,D
10:53:32,MYOR,RG,1655,10,D,PD,CC,D
10:52:56,MYOR,RG,1650,8,D,CS,PD,D
10:52:56,MYOR,RG,1650,3,F,AK,PD,D
10:52:56,MYOR,RG,1650,1,D,CS,PD,D
10:52:56,MYOR,RG,1655,1,F,AK,CC,D
10:52:51,MYOR,RG,1655,1,F,AK,CC,D
10:52:50,MYOR,RG,1655,3,D,PD,CC,D
10:52:41,MYOR,RG,1655,1,F,AK,CC,D
10:52:27,MYOR,RG,1655,18,D,XC,CC,D
10:52:26,MYOR,RG,1655,1,F,AK,CC,D
10:52:11,MYOR,RG,1655,1,F,AK,CC,D
10:51:56,MYOR,RG,1655,1,F,AK,CC,D
10:51:41,MYOR,RG,1655,1,F,AK,CC,D
10:51:31,MYOR,RG,1655,2,D,XC,CC,D
10:51:26,MYOR,RG,1655,1,F,AK,CC,D
10:51:11,MYOR,RG,1655,1,F,AK,CC,D
10:51:11,MYOR,RG,1655,1,F,AK,CC,D
10:50:56,MYOR,RG,1655,1,F,AK,CC,D
10:50:45,MYOR,RG,1650,1,D,CS,PD,D
10:50:43,MYOR,RG,1655,1,D,PD,CC,D
10:50:41,MYOR,RG,1655,1,F,AK,CC,D
10:50:26,MYOR,RG,1655,1,F,AK,CC,D
10:50:11,MYOR,RG,1655,1,F,AK,CC,D
10:49:56,MYOR,RG,1655,1,F,AK,CC,D
10:49:51,MYOR,RG,1650,1,D,CS,KZ,F
10:49:41,MYOR,RG,1655,1,F,AK,CC,D
10:49:26,MYOR,RG,1650,1,D,CS,AZ,D
10:49:26,MYOR,RG,1655,1,F,AK,CC,D
10:49:16,MYOR,RG,1650,7,D,CS,KZ,F
10:49:11,MYOR,RG,1655,1,F,AK,CC,D
10:49:11,MYOR,RG,1655,1,F,AK,CC,D
10:48:40,MYOR,RG,1655,2,F,AK,CC,D
10:48:39,MYOR,RG,1650,6,D,CS,AT,D
10:48:26,MYOR,RG,1655,1,F,AK,CC,D
10:48:11,MYOR,RG,1655,1,F,AK,CC,D
10:47:59,MYOR,RG,1655,50,D,NI,CC,D
10:47:56,MYOR,RG,1655,1,F,AK,CC,D
10:47:41,MYOR,RG,1655,1,F,AK,CC,D
10:47:06,MYOR,RG,1650,1,D,CS,KZ,F
10:47:00,MYOR,RG,1650,5,D,CS,YP,D
10:46:43,MYOR,RG,1650,1,D,CS,AK,F
10:46:43,MYOR,RG,1650,23,D,CS,KZ,F
10:46:43,MYOR,RG,1650,1,D,CS,AK,F
10:46:42,MYOR,RG,1650,3,D,CS,AK,F
10:46:41,MYOR,RG,1650,14,D,CS,KZ,F
10:46:40,MYOR,RG,1655,1,F,AK,CC,D
10:46:40,MYOR,RG,1650,6,D,CS,AK,F
10:46:39,MYOR,RG,1650,205,D,CS,CS,F
10:46:39,MYOR,RG,1650,125,D,CS,CS,F
10:46:39,MYOR,RG,1650,5,D,CS,DR,D
10:46:39,MYOR,RG,1650,160,D,CS,CS,F
10:46:39,MYOR,RG,1650,135,D,CS,ZP,F
10:46:39,MYOR,RG,1650,16,D,CS,KZ,F
10:46:39,MYOR,RG,1650,78,D,CS,KZ,F
10:46:39,MYOR,RG,1650,1,D,CS,PD,D
10:46:39,MYOR,RG,1650,79,D,CS,CS,F
10:46:39,MYOR,RG,1650,3,D,CS,XC,D
10:46:39,MYOR,RG,1650,46,D,CS,CS,F
10:46:39,MYOR,RG,1650,26,D,CS,CC,D
10:46:39,MYOR,RG,1650,33,D,CS,KZ,F
10:46:39,MYOR,RG,1650,18,D,CS,KZ,F
10:46:39,MYOR,RG,1650,2,D,CS,KZ,F
10:46:21,MYOR,RG,1645,33,D,CS,KZ,F
10:46:21,MYOR,RG,1645,1,D,OD,KZ,F
10:46:21,MYOR,RG,1645,2,D,NI,KZ,F
10:46:21,MYOR,RG,1645,17,D,XC,KZ,F
10:46:14,MYOR,RG,1645,93,D,XC,OD,D
10:46:14,MYOR,RG,1645,1,D,YP,OD,D
10:46:14,MYOR,RG,1645,30,D,PD,OD,D
10:46:14,MYOR,RG,1645,1,D,XL,OD,D
10:46:14,MYOR,RG,1645,1,D,YP,OD,D
10:46:14,MYOR,RG,1645,22,D,XC,OD,D
10:46:14,MYOR,RG,1645,5,D,YP,OD,D
10:46:14,MYOR,RG,1645,23,D,CS,OD,D
10:46:14,MYOR,RG,1645,1,D,XC,OD,D
10:46:14,MYOR,RG,1645,1,D,PD,OD,D
10:46:14,MYOR,RG,1645,1,D,XC,OD,D
10:46:14,MYOR,RG,1645,120,D,NI,OD,D
10:46:14,MYOR,RG,1645,112,D,CS,OD,D
10:46:14,MYOR,RG,1645,15,D,DR,OD,D
10:46:14,MYOR,RG,1645,4,D,SQ,OD,D
10:46:14,MYOR,RG,1645,50,D,DX,OD,D
10:46:14,MYOR,RG,1645,20,D,CS,OD,D
10:45:38,MYOR,RG,1650,28,D,DR,KZ,F
10:45:38,MYOR,RG,1650,36,D,DR,CS,F
10:45:38,MYOR,RG,1650,70,D,DR,AT,D
10:45:32,MYOR,RG,1650,1,D,XL,AT,D
10:45:25,MYOR,RG,1650,12,D,CS,AT,D
10:45:25,MYOR,RG,1650,1,D,CS,XC,D
10:45:25,MYOR,RG,1650,66,D,CS,CS,F
10:45:25,MYOR,RG,1650,24,D,CS,SQ,D
10:45:24,MYOR,RG,1650,35,D,CS,SQ,D
10:45:24,MYOR,RG,1650,31,D,CS,SQ,D
10:45:24,MYOR,RG,1650,11,D,CS,SQ,D
10:45:24,MYOR,RG,1650,68,D,CS,SQ,D
10:45:24,MYOR,RG,1650,11,D,CS,SQ,D
10:45:24,MYOR,RG,1650,59,D,CS,CS,F
10:45:24,MYOR,RG,1650,2,D,CS,LS,D
10:45:24,MYOR,RG,1650,3,D,CS,KZ,F
10:45:24,MYOR,RG,1650,2,D,CS,SF,D
10:45:24,MYOR,RG,1650,20,D,CS,KK,D
10:45:24,MYOR,RG,1650,1,D,CS,KZ,F
10:45:24,MYOR,RG,1650,1,D,CS,KZ,F
10:45:24,MYOR,RG,1650,28,D,CS,YB,D
10:45:24,MYOR,RG,1650,27,D,CS,ZP,F
10:45:24,MYOR,RG,1650,3,D,CS,YP,D
10:45:24,MYOR,RG,1650,7,D,CS,YP,D
10:45:24,MYOR,RG,1650,15,D,CS,XC,D
10:45:24,MYOR,RG,1650,2,D,CS,XC,D
10:45:24,MYOR,RG,1650,10,D,CS,YP,D
10:45:24,MYOR,RG,1650,1,D,CS,XC,D
10:45:24,MYOR,RG,1650,20,D,CS,PD,D
10:45:24,MYOR,RG,1650,1,D,CS,PD,D
10:45:24,MYOR,RG,1650,53,D,CS,DR,D
10:45:24,MYOR,RG,1650,48,D,CS,DR,D
10:45:24,MYOR,RG,1650,93,D,CS,DR,D
10:45:24,MYOR,RG,1650,42,D,CS,CS,F
10:45:00,MYOR,RG,1650,6,D,XL,CS,F
10:44:26,MYOR,RG,1650,15,D,YP,CS,F
10:44:01,MYOR,RG,1650,1,D,CS,CS,F
10:44:01,MYOR,RG,1650,5,D,CS,CS,F
10:44:01,MYOR,RG,1650,3,D,CS,CS,F
10:44:01,MYOR,RG,1650,8,D,CS,CS,F
10:44:00,MYOR,RG,1650,62,D,NI,CS,F
10:44:00,MYOR,RG,1650,168,D,NI,CC,D
10:44:00,MYOR,RG,1650,2,D,NI,KZ,F
10:44:00,MYOR,RG,1650,25,D,NI,FZ,D
10:44:00,MYOR,RG,1650,18,D,NI,KZ,F
10:44:00,MYOR,RG,1650,5,D,NI,KZ,F
10:44:00,MYOR,RG,1650,50,D,NI,YP,D
10:44:00,MYOR,RG,1650,1,D,NI,XC,D
10:44:00,MYOR,RG,1650,4,D,NI,KZ,F
10:44:00,MYOR,RG,1650,36,D,NI,CC,D
10:44:00,MYOR,RG,1650,2,D,NI,KZ,F
10:44:00,MYOR,RG,1650,15,D,NI,KK,D
10:44:00,MYOR,RG,1650,6,D,NI,KZ,F
10:44:00,MYOR,RG,1650,55,D,NI,YP,D
10:44:00,MYOR,RG,1650,21,D,NI,KZ,F
10:44:00,MYOR,RG,1650,200,D,NI,XA,D
10:44:00,MYOR,RG,1650,6,D,NI,KZ,F
10:44:00,MYOR,RG,1650,16,D,NI,CS,F
10:44:00,MYOR,RG,1650,46,D,NI,CS,F
10:44:00,MYOR,RG,1650,2,D,NI,NI,D
10:44:00,MYOR,RG,1650,71,D,NI,CS,F
10:44:00,MYOR,RG,1650,1,D,NI,NI,D
10:44:00,MYOR,RG,1650,5,D,NI,XC,D
10:44:00,MYOR,RG,1650,10,D,NI,AZ,D
10:44:00,MYOR,RG,1650,5,D,NI,KZ,F
10:44:00,MYOR,RG,1650,123,D,NI,CS,F
10:44:00,MYOR,RG,1650,6,D,NI,CC,D
10:44:00,MYOR,RG,1650,2,D,NI,PD,D
10:44:00,MYOR,RG,1650,13,D,NI,KZ,F
10:44:00,MYOR,RG,1650,79,D,NI,ZP,F
10:42:55,MYOR,RG,1650,20,D,PD,ZP,F
10:42:21,MYOR,RG,1645,3,D,CS,KZ,F
10:42:21,MYOR,RG,1645,30,D,CS,KZ,F
10:42:20,MYOR,RG,1645,7,D,CS,YP,D
10:42:20,MYOR,RG,1645,20,D,PD,YP,D
10:42:20,MYOR,RG,1645,273,D,YP,YP,D
10:42:09,MYOR,RG,1645,6,D,YP,XC,D
10:41:43,MYOR,RG,1650,4,D,YP,ZP,F
10:40:00,MYOR,RG,1650,1,D,XC,ZP,F
10:39:11,MYOR,RG,1650,10,D,PD,ZP,F
10:38:51,MYOR,RG,1650,3,D,XC,ZP,F
10:38:23,MYOR,RG,1650,1,D,NI,ZP,F
10:38:00,MYOR,RG,1645,10,D,YP,CC,D
10:37:19,MYOR,RG,1645,5,D,YP,XC,D
10:37:16,MYOR,RG,1645,1,D,YP,XL,D
10:37:06,MYOR,RG,1645,1,D,YP,KZ,F
10:37:04,MYOR,RG,1650,1,D,XL,ZP,F
10:36:46,MYOR,RG,1645,1,D,YP,KZ,F
10:34:22,MYOR,RG,1650,1,D,CC,ZP,F
10:34:02,MYOR,RG,1645,14,D,YP,PD,D
10:33:43,MYOR,RG,1645,5,D,YP,DH,D
10:32:29,MYOR,RG,1645,2,D,YP,CC,D
10:32:16,MYOR,RG,1645,2,D,YP,KZ,F
10:31:39,MYOR,RG,1645,2,D,YP,XC,D
10:31:26,MYOR,RG,1645,1,D,YP,KZ,F
10:29:12,MYOR,RG,1645,1,D,YP,XC,D
10:29:03,MYOR,RG,1645,5,D,YP,XL,D
10:28:20,MYOR,RG,1645,60,D,YP,YP,D
10:27:37,MYOR,RG,1645,10,D,YP,YP,D
10:26:53,MYOR,RG,1645,8,D,YP,XC,D
10:26:25,MYOR,RG,1650,1,D,DR,ZP,F
10:25:53,MYOR,RG,1650,1,D,YP,ZP,F
10:25:43,MYOR,RG,1650,1,D,YP,ZP,F
10:25:22,MYOR,RG,1650,2,D,YP,ZP,F
10:24:26,MYOR,RG,1650,1,D,PD,ZP,F
10:23:18,MYOR,RG,1645,43,D,YP,NI,D
10:21:55,MYOR,RG,1645,7,D,YP,XC,D
10:21:52,MYOR,RG,1645,15,D,YP,YP,D
10:21:52,MYOR,RG,1645,5,D,YP,YP,D
10:21:50,MYOR,RG,1645,5,D,YP,PD,D
10:21:15,MYOR,RG,1645,18,D,YP,PD,D
10:20:50,MYOR,RG,1650,1,D,YP,ZP,F
10:20:17,MYOR,RG,1650,1,D,XL,ZP,F
10:19:48,MYOR,RG,1645,1,D,CC,CC,D
10:19:33,MYOR,RG,1645,9,D,CC,SF,D
10:19:33,MYOR,RG,1645,43,D,YP,SF,D
10:19:06,MYOR,RG,1650,5,D,CC,ZP,F
10:18:19,MYOR,RG,1650,14,D,DR,ZP,F
10:18:13,MYOR,RG,1650,53,F,YP,ZP,F
10:18:13,MYOR,RG,1650,5,F,YP,EP,D
10:18:13,MYOR,RG,1650,2,F,YP,KZ,F
10:18:13,MYOR,RG,1650,20,F,YP,NI,D
10:18:13,MYOR,RG,1650,1,F,YP,KZ,F
10:18:13,MYOR,RG,1650,4,F,YP,XL,D
10:18:13,MYOR,RG,1650,41,F,YP,KZ,F
10:18:13,MYOR,RG,1650,54,F,YP,CS,F
10:18:13,MYOR,RG,1650,2,F,YP,CS,F
10:17:46,MYOR,RG,1650,4,D,NI,CS,F
10:17:32,MYOR,RG,1650,3,D,XC,CS,F
10:17:21,MYOR,RG,1650,17,D,XC,CS,F
10:16:51,MYOR,RG,1650,1,D,XC,CS,F
10:16:01,MYOR,RG,1645,1,D,YP,KZ,F
10:16:00,MYOR,RG,1650,1,D,XL,CS,F
10:14:51,MYOR,RG,1645,25,D,YP,KZ,F
10:14:46,MYOR,RG,1645,17,D,YP,KZ,F
10:14:46,MYOR,RG,1645,5,D,YP,KZ,F
10:14:43,MYOR,RG,1650,1,D,PD,CS,F
10:12:56,MYOR,RG,1645,30,D,YP,SQ,D
10:12:48,MYOR,RG,1650,11,D,YP,CS,F
10:12:26,MYOR,RG,1645,1,D,YP,KZ,F
10:12:23,MYOR,RG,1650,1,D,YU,CS,F
10:11:46,MYOR,RG,1645,1,D,YP,KZ,F
10:11:41,MYOR,RG,1645,3,D,YP,KZ,F
10:11:37,MYOR,RG,1650,11,D,PD,CS,F
10:11:36,MYOR,RG,1645,8,D,YP,KZ,F
10:11:11,MYOR,RG,1645,1,D,YP,NI,D
10:11:11,MYOR,RG,1645,5,D,YP,KZ,F
10:11:04,MYOR,RG,1645,42,D,YP,XL,D
10:11:04,MYOR,RG,1645,3,D,CS,XL,D
10:10:51,MYOR,RG,1645,5,D,CS,KZ,F
10:10:25,MYOR,RG,1650,9,D,YP,CS,F
10:10:15,MYOR,RG,1650,21,D,XC,CS,F
10:10:15,MYOR,RG,1650,3,D,XC,KZ,F
10:10:15,MYOR,RG,1650,36,D,XC,BQ,D
10:09:47,MYOR,RG,1645,1,D,YP,XC,D
10:09:16,MYOR,RG,1645,4,D,YP,XC,D
10:09:06,MYOR,RG,1645,1,D,PD,KZ,F
10:09:06,MYOR,RG,1645,2,D,CC,KZ,F
10:09:03,MYOR,RG,1650,42,F,BK,BQ,D
10:09:01,MYOR,RG,1645,12,D,CC,KZ,F
10:08:51,MYOR,RG,1645,11,D,CC,KZ,F
10:08:29,MYOR,RG,1650,50,D,DH,BQ,D
10:08:10,MYOR,RG,1645,35,D,CC,YP,D
10:08:10,MYOR,RG,1645,1,D,PD,YP,D
10:08:10,MYOR,RG,1645,1,D,NI,YP,D
10:08:10,MYOR,RG,1645,18,D,YP,YP,D
10:06:40,MYOR,RG,1645,33,D,YP,XL,D
10:06:39,MYOR,RG,1645,49,D,YP,EP,D
10:06:39,MYOR,RG,1645,20,D,DR,EP,D
10:06:39,MYOR,RG,1645,31,D,KK,EP,D
10:06:35,MYOR,RG,1645,25,D,KK,NI,D
10:06:08,MYOR,RG,1645,4,D,KK,EP,D
10:05:49,MYOR,RG,1645,40,D,KK,EP,D
10:05:45,MYOR,RG,1650,100,D,KK,BQ,D
10:05:10,MYOR,RG,1650,1,D,PD,BQ,D
10:04:56,MYOR,RG,1650,7,D,KK,BQ,D
10:04:36,MYOR,RG,1650,3,D,XL,BQ,D
10:04:27,MYOR,RG,1650,1,D,YP,BQ,D
10:04:12,MYOR,RG,1650,1,D,PD,BQ,D
10:03:59,MYOR,RG,1650,95,D,CS,BQ,D
10:03:59,MYOR,RG,1650,82,D,CS,BQ,D
10:03:59,MYOR,RG,1650,1,D,XL,BQ,D
10:03:59,MYOR,RG,1650,53,F,BK,BQ,D
10:03:59,MYOR,RG,1650,22,D,CS,BQ,D
10:03:59,MYOR,RG,1650,3,D,XC,BQ,D
10:03:59,MYOR,RG,1650,3,D,DR,BQ,D
10:03:46,MYOR,RG,1650,10,D,DR,YP,D
10:03:46,MYOR,RG,1650,2,D,DR,KZ,F
10:03:26,MYOR,RG,1650,2,D,DR,KZ,F
10:03:26,MYOR,RG,1650,2,D,DR,KZ,F
10:03:22,MYOR,RG,1650,12,D,DR,CS,F
10:03:20,MYOR,RG,1650,2,D,DR,PD,D
10:03:03,MYOR,RG,1650,12,D,CS,AK,F
10:03:02,MYOR,RG,1650,2,D,CS,CS,F
10:03:02,MYOR,RG,1650,23,D,CS,CS,F
10:02:46,MYOR,RG,1650,1,D,CS,KZ,F
10:02:46,MYOR,RG,1650,2,D,XC,KZ,F
10:02:33,MYOR,RG,1650,2,D,XC,YP,D
10:02:31,MYOR,RG,1650,2,D,XC,KZ,F
10:02:21,MYOR,RG,1650,14,D,XC,CS,F
10:02:21,MYOR,RG,1650,1,D,DH,CS,F
10:02:21,MYOR,RG,1650,1,D,DH,KZ,F
10:02:07,MYOR,RG,1650,5,F,BK,AT,D
10:02:06,MYOR,RG,1650,2,F,BK,KZ,F
10:02:06,MYOR,RG,1650,1,F,BK,KZ,F
10:02:01,MYOR,RG,1650,1,F,BK,YP,D
10:01:55,MYOR,RG,1650,8,F,BK,CS,F
10:01:41,MYOR,RG,1650,21,F,BK,AK,F
10:01:41,MYOR,RG,1650,3,D,CS,AK,F
10:01:41,MYOR,RG,1650,22,D,CS,KZ,F
10:01:41,MYOR,RG,1650,3,D,CS,KZ,F
10:01:40,MYOR,RG,1650,22,D,CS,CS,F
10:01:39,MYOR,RG,1650,25,D,DX,CS,F
10:01:16,MYOR,RG,1655,4,D,CS,CC,D
10:01:16,MYOR,RG,1655,1,D,CS,CC,D
10:01:16,MYOR,RG,1650,4,D,CS,KZ,F
10:01:15,MYOR,RG,1655,3,D,CS,CC,D
10:01:15,MYOR,RG,1655,3,D,CS,CC,D
10:01:15,MYOR,RG,1655,3,D,CS,CC,D
10:01:15,MYOR,RG,1655,1,D,CS,CC,D
10:01:15,MYOR,RG,1650,3,D,CS,CS,F
10:01:15,MYOR,RG,1650,105,D,PD,CS,F
10:01:15,MYOR,RG,1650,80,D,PD,CS,F
10:01:15,MYOR,RG,1650,115,D,PD,CS,F
10:01:14,MYOR,RG,1650,21,D,CS,CS,F
10:01:14,MYOR,RG,1650,2,D,CS,YB,D
10:01:14,MYOR,RG,1650,4,D,CS,XC,D
10:01:14,MYOR,RG,1650,3,D,CS,XC,D
10:01:14,MYOR,RG,1650,1,D,CS,XC,D
10:01:14,MYOR,RG,1650,1,D,CS,PD,D
10:01:14,MYOR,RG,1650,3,D,CS,XC,D
10:01:14,MYOR,RG,1650,10,D,CS,PD,D
10:01:14,MYOR,RG,1650,5,D,CS,PD,D
10:01:14,MYOR,RG,1650,2,D,CS,LS,D
10:01:14,MYOR,RG,1650,3,D,CS,OD,D
10:01:14,MYOR,RG,1650,2,D,CS,PD,D
10:01:14,MYOR,RG,1650,1,D,CS,XC,D
10:01:14,MYOR,RG,1650,21,D,CS,CS,F
10:01:14,MYOR,RG,1650,56,D,CS,CS,F
10:01:14,MYOR,RG,1650,1,D,CS,XL,D
10:01:14,MYOR,RG,1650,1,D,CS,PD,D
10:01:14,MYOR,RG,1650,40,D,CS,YP,D
10:01:14,MYOR,RG,1650,1,D,CS,EP,D
10:01:14,MYOR,RG,1650,1,D,CS,YP,D
10:01:14,MYOR,RG,1650,3,D,CS,EP,D
10:01:14,MYOR,RG,1650,5,D,CS,PD,D
10:01:14,MYOR,RG,1650,34,D,CS,YP,D
10:01:14,MYOR,RG,1650,5,D,CS,ZP,F
10:00:57,MYOR,RG,1645,2,F,BK,DX,D
10:00:32,MYOR,RG,1645,121,F,BK,YP,D
10:00:20,MYOR,RG,1650,55,D,AT,ZP,F
9:59:34,MYOR,RG,1650,5,D,PD,ZP,F
9:59:28,MYOR,RG,1650,1,D,XL,ZP,F
9:59:25,MYOR,RG,1650,2,D,XC,ZP,F
9:59:04,MYOR,RG,1650,1,D,EP,ZP,F
9:59:03,MYOR,RG,1650,25,D,XL,ZP,F
9:57:21,MYOR,RG,1650,2,D,IF,ZP,F
9:56:55,MYOR,RG,1650,10,D,YP,ZP,F
9:56:51,MYOR,RG,1650,2,D,PD,ZP,F
9:56:45,MYOR,RG,1650,4,D,KK,ZP,F
9:56:34,MYOR,RG,1650,5,D,XC,ZP,F
9:56:07,MYOR,RG,1650,5,D,XC,ZP,F
9:55:20,MYOR,RG,1650,1,D,XC,ZP,F
9:54:38,MYOR,RG,1650,3,D,CC,ZP,F
9:54:38,MYOR,RG,1650,7,D,CC,YP,D
9:54:24,MYOR,RG,1650,9,D,XC,YP,D
9:54:17,MYOR,RG,1645,15,F,BK,PD,D
9:54:12,MYOR,RG,1650,1,D,NI,YP,D
9:53:56,MYOR,RG,1645,1,F,BK,XC,D
9:53:36,MYOR,RG,1645,1,F,BK,YP,D
9:53:07,MYOR,RG,1645,50,F,BK,IF,D
9:52:42,MYOR,RG,1645,2,F,BK,XC,D
9:52:19,MYOR,RG,1645,1,F,BK,XC,D
9:52:08,MYOR,RG,1645,1,F,BK,XC,D
9:51:10,MYOR,RG,1645,5,F,BK,XA,D
9:51:04,MYOR,RG,1645,31,D,CS,CS,F
9:51:04,MYOR,RG,1645,31,D,CS,CS,F
9:51:03,MYOR,RG,1645,31,F,BK,CS,F
9:51:02,MYOR,RG,1650,31,D,CS,YP,D
9:51:02,MYOR,RG,1645,31,D,CS,CS,F
9:51:01,MYOR,RG,1650,1,D,CS,YP,D
9:51:01,MYOR,RG,1650,31,D,CS,YP,D
9:51:01,MYOR,RG,1645,1,D,CS,KZ,F
9:51:01,MYOR,RG,1645,10,D,CS,XA,D
9:51:01,MYOR,RG,1645,18,D,CS,KZ,F
9:51:01,MYOR,RG,1645,2,D,CS,CS,F
9:50:56,MYOR,RG,1640,2,D,YP,PD,D
9:50:51,MYOR,RG,1645,102,D,XL,ZP,F
9:49:55,MYOR,RG,1650,2,D,CS,YP,D
9:49:55,MYOR,RG,1650,2,D,CS,YP,D
9:49:55,MYOR,RG,1645,2,D,CS,XC,D
9:49:24,MYOR,RG,1650,1,D,AT,YP,D
9:49:04,MYOR,RG,1640,1,D,YP,PD,D
9:48:33,MYOR,RG,1650,8,D,CS,YP,D
9:48:32,MYOR,RG,1650,9,D,CS,YP,D
9:48:32,MYOR,RG,1650,1,D,CS,YP,D
9:48:32,MYOR,RG,1645,8,D,CS,SQ,D
9:48:32,MYOR,RG,1640,1,D,YP,CS,F
9:48:32,MYOR,RG,1645,1,D,CS,SQ,D
9:48:31,MYOR,RG,1645,1,D,YP,SQ,D
9:48:31,MYOR,RG,1640,51,D,YP,CS,F
9:48:31,MYOR,RG,1645,1,D,PD,CS,F
9:48:31,MYOR,RG,1645,3,D,YP,CS,F
9:48:31,MYOR,RG,1645,5,D,EP,CS,F
9:48:31,MYOR,RG,1645,2,D,XC,CS,F
9:48:11,MYOR,RG,1645,2,F,BK,PD,D
9:47:46,MYOR,RG,1645,1,F,BK,YP,D
9:47:28,MYOR,RG,1645,35,D,CS,CS,F
9:47:28,MYOR,RG,1650,47,D,CS,YP,D
9:47:28,MYOR,RG,1650,7,D,CS,KZ,F
9:47:28,MYOR,RG,1650,25,D,CS,CS,F
9:47:28,MYOR,RG,1650,10,D,CS,PD,D
9:47:28,MYOR,RG,1650,1,D,CS,CC,D
9:47:28,MYOR,RG,1650,4,D,CS,KZ,F
9:47:28,MYOR,RG,1650,17,D,CS,XC,D
9:47:28,MYOR,RG,1645,1,D,CS,KZ,F
9:47:28,MYOR,RG,1645,1,D,CS,KZ,F
9:47:28,MYOR,RG,1645,1,D,CS,KZ,F
9:47:28,MYOR,RG,1645,108,D,CS,KZ,F
9:47:28,MYOR,RG,1645,1,D,CS,KZ,F
9:47:28,MYOR,RG,1645,1,D,CS,KZ,F
9:47:28,MYOR,RG,1645,2,D,CS,KZ,F
9:47:28,MYOR,RG,1645,3,D,CS,KZ,F
9:47:28,MYOR,RG,1645,28,D,CS,CS,F
9:47:24,MYOR,RG,1645,10,D,PD,ZP,F
9:47:21,MYOR,RG,1645,1,D,PD,ZP,F
9:47:14,MYOR,RG,1650,16,D,CS,XC,D
9:47:14,MYOR,RG,1645,2,D,CS,CS,F
9:47:14,MYOR,RG,1645,30,D,CS,CD,D
9:46:56,MYOR,RG,1650,2,D,PD,XC,D
9:46:09,MYOR,RG,1650,2,D,PC,XC,D
9:46:02,MYOR,RG,1640,18,D,YP,YP,D
9:45:58,MYOR,RG,1640,9,D,YP,CS,F
9:45:58,MYOR,RG,1645,2,D,CS,CS,F
9:45:57,MYOR,RG,1645,13,D,CS,CS,F
9:45:56,MYOR,RG,1645,9,D,CS,KZ,F
9:45:56,MYOR,RG,1645,4,D,CS,KZ,F
9:45:56,MYOR,RG,1645,10,D,CS,KZ,F
9:45:56,MYOR,RG,1645,3,D,CS,KZ,F
9:45:55,MYOR,RG,1645,200,D,YP,CS,F
9:45:43,MYOR,RG,1650,2,D,CS,XC,D
9:45:43,MYOR,RG,1650,2,D,CS,XC,D
9:45:43,MYOR,RG,1650,2,D,CS,XC,D
9:45:43,MYOR,RG,1650,2,D,CS,KZ,F
9:45:43,MYOR,RG,1650,24,D,CS,KZ,F
9:45:43,MYOR,RG,1645,2,D,CS,KZ,F
9:45:42,MYOR,RG,1650,1,D,CS,KZ,F
9:45:42,MYOR,RG,1650,3,D,CS,KZ,F
9:45:42,MYOR,RG,1645,27,D,CS,AT,D
9:45:42,MYOR,RG,1645,3,D,CS,AT,D
9:45:42,MYOR,RG,1645,18,D,YP,AT,D
9:44:53,MYOR,RG,1640,10,D,YP,XL,D
9:44:40,MYOR,RG,1640,3,D,YP,PD,D
9:44:24,MYOR,RG,1650,21,D,YP,KZ,F
9:44:24,MYOR,RG,1650,11,D,YP,KZ,F
9:44:24,MYOR,RG,1650,68,D,YP,BQ,D
9:44:16,MYOR,RG,1650,8,D,PD,BQ,D
9:43:58,MYOR,RG,1650,2,D,CS,BQ,D
9:43:58,MYOR,RG,1650,1,D,CS,BQ,D
9:43:58,MYOR,RG,1650,6,D,CS,BQ,D
9:43:57,MYOR,RG,1650,4,D,CS,BQ,D
9:43:57,MYOR,RG,1645,1,D,CS,KZ,F
9:43:57,MYOR,RG,1645,1,D,CS,KZ,F
9:43:56,MYOR,RG,1645,52,D,CS,KZ,F
9:43:56,MYOR,RG,1645,4,D,CS,KZ,F
9:43:10,MYOR,RG,1640,34,D,YP,KK,D
9:43:10,MYOR,RG,1640,1,D,CC,KK,D
9:43:10,MYOR,RG,1640,5,D,CC,KK,D
9:43:10,MYOR,RG,1640,1,D,YP,KK,D
9:43:10,MYOR,RG,1640,1,D,YP,KK,D
9:43:10,MYOR,RG,1640,458,D,YP,KK,D
9:43:07,MYOR,RG,1650,10,D,PD,BQ,D
9:42:59,MYOR,RG,1650,1,D,PD,BQ,D
9:42:52,MYOR,RG,1640,1,D,YP,PD,D
9:42:12,MYOR,RG,1640,41,D,YP,CS,F
9:42:12,MYOR,RG,1640,1,D,DH,CS,F
9:42:12,MYOR,RG,1640,1,D,CC,CS,F
9:42:12,MYOR,RG,1645,143,D,CS,YU,D
9:42:12,MYOR,RG,1645,15,D,YP,YU,D
9:42:12,MYOR,RG,1645,1,F,AK,YU,D
9:42:12,MYOR,RG,1645,3,D,CS,YU,D
9:42:12,MYOR,RG,1645,61,D,CS,YU,D
9:42:12,MYOR,RG,1645,1,D,PD,YU,D
9:42:12,MYOR,RG,1645,100,D,DH,YU,D
9:42:12,MYOR,RG,1645,1,D,XC,YU,D
9:42:12,MYOR,RG,1645,1,D,PD,YU,D
9:42:12,MYOR,RG,1645,8,F,AK,YU,D
9:42:12,MYOR,RG,1645,1,D,PD,YU,D
9:42:12,MYOR,RG,1645,4,D,YP,YU,D
9:42:12,MYOR,RG,1645,5,D,XC,YU,D
9:42:12,MYOR,RG,1645,2,D,PD,YU,D
9:42:12,MYOR,RG,1645,5,D,SQ,YU,D
9:42:12,MYOR,RG,1645,5,D,CS,YU,D
9:42:12,MYOR,RG,1645,44,D,YP,YU,D
9:42:11,MYOR,RG,1645,6,D,YP,PD,D
9:42:11,MYOR,RG,1645,2,D,YP,PD,D
9:42:08,MYOR,RG,1655,10,D,CS,CC,D
9:42:08,MYOR,RG,1650,10,D,CS,PD,D
9:42:06,MYOR,RG,1645,1,D,YP,XL,D
9:41:51,MYOR,RG,1655,1,D,CS,CC,D
9:41:51,MYOR,RG,1650,1,D,CS,KZ,F
9:41:47,MYOR,RG,1655,1,D,CS,CC,D
9:41:47,MYOR,RG,1655,1,D,CS,CC,D
9:41:46,MYOR,RG,1650,3,D,CS,CS,F
9:41:46,MYOR,RG,1655,4,D,CS,CC,D
9:41:46,MYOR,RG,1650,4,D,CS,KZ,F
9:41:21,MYOR,RG,1645,1,D,YP,CS,F
9:41:21,MYOR,RG,1645,1,D,YP,CS,F
9:41:21,MYOR,RG,1645,10,D,XC,CS,F
9:41:21,MYOR,RG,1645,5,D,PD,CS,F
9:41:21,MYOR,RG,1645,2,D,XC,CS,F
9:41:21,MYOR,RG,1645,10,D,XL,CS,F
9:41:21,MYOR,RG,1645,3,D,PD,CS,F
9:41:21,MYOR,RG,1645,46,D,CC,CS,F
9:41:19,MYOR,RG,1645,54,D,CC,YU,D
9:41:19,MYOR,RG,1645,10,D,YB,YU,D
9:41:19,MYOR,RG,1645,30,D,PD,YU,D
9:41:19,MYOR,RG,1645,2,D,YP,YU,D
9:41:19,MYOR,RG,1645,9,D,KK,YU,D
9:41:19,MYOR,RG,1645,1,D,YP,YU,D
9:41:19,MYOR,RG,1645,1,D,PD,YU,D
9:41:19,MYOR,RG,1645,393,D,EP,YU,D
9:41:16,MYOR,RG,1645,1,D,EP,YP,D
9:41:06,MYOR,RG,1655,2,D,XC,CC,D
9:40:45,MYOR,RG,1655,3,D,XC,CC,D
9:40:40,MYOR,RG,1655,7,D,KK,CC,D
9:40:38,MYOR,RG,1655,10,D,YP,CC,D
9:39:40,MYOR,RG,1655,1,D,CS,CC,D
9:39:40,MYOR,RG,1650,3,D,CS,YU,D
9:39:39,MYOR,RG,1655,10,D,CS,CC,D
9:39:38,MYOR,RG,1655,10,D,CS,CC,D
9:39:37,MYOR,RG,1655,10,D,CS,CC,D
9:39:36,MYOR,RG,1650,10,D,CS,PD,D
9:39:14,MYOR,RG,1650,36,D,CS,ZP,F
9:39:14,MYOR,RG,1650,1,D,CS,ZP,F
9:39:14,MYOR,RG,1655,8,D,CS,CC,D
9:39:13,MYOR,RG,1650,8,D,CS,NI,D
9:39:13,MYOR,RG,1650,3,D,CS,NI,D
9:39:13,MYOR,RG,1650,49,D,KK,NI,D
9:38:59,MYOR,RG,1650,10,D,KK,PD,D
9:38:42,MYOR,RG,1650,10,D,KK,PD,D
9:38:32,MYOR,RG,1655,2,D,CS,CC,D
9:38:32,MYOR,RG,1650,2,D,CS,CS,F
9:38:31,MYOR,RG,1650,32,D,CS,CS,F
9:38:31,MYOR,RG,1650,34,F,AK,YP,D
9:38:30,MYOR,RG,1650,61,D,PD,YP,D
9:38:26,MYOR,RG,1650,4,D,XL,YP,D
9:38:26,MYOR,RG,1650,1,D,PD,YP,D
9:38:10,MYOR,RG,1650,3,D,PD,NI,D
9:38:06,MYOR,RG,1655,33,D,CS,CC,D
9:38:05,MYOR,RG,1650,83,D,CS,CS,F
9:38:04,MYOR,RG,1650,1,D,CS,KZ,F
9:38:04,MYOR,RG,1650,1,D,CS,KZ,F
9:38:04,MYOR,RG,1650,3,D,CS,KZ,F
9:38:04,MYOR,RG,1650,110,D,CS,KZ,F
9:38:04,MYOR,RG,1650,1,D,CS,CS,F
9:37:58,MYOR,RG,1650,10,D,CC,ZP,F
9:37:47,MYOR,RG,1655,1,D,CS,CC,D
9:37:47,MYOR,RG,1650,1,D,CS,KZ,F
9:37:41,MYOR,RG,1650,8,D,CS,CS,F
9:37:41,MYOR,RG,1650,1,D,CS,CS,F
9:37:41,MYOR,RG,1650,1,F,AK,CS,F
9:37:41,MYOR,RG,1650,25,F,AK,PD,D
9:37:41,MYOR,RG,1650,1,F,AK,KZ,F
9:37:40,MYOR,RG,1650,1,F,AK,PD,D
9:37:36,MYOR,RG,1650,1,F,AK,KZ,F
9:37:36,MYOR,RG,1650,1,F,AK,KZ,F
9:37:36,MYOR,RG,1650,1,F,AK,KZ,F
9:37:30,MYOR,RG,1650,6,F,AK,CS,F
9:37:23,MYOR,RG,1650,7,F,AK,CS,F
9:37:15,MYOR,RG,1650,14,F,AK,CS,F
9:37:15,MYOR,RG,1650,1,F,AK,CS,F
9:37:14,MYOR,RG,1650,2,D,CS,CS,F
9:37:13,MYOR,RG,1645,3,D,EP,CS,F
9:37:13,MYOR,RG,1650,1,D,CS,CS,F
9:37:12,MYOR,RG,1650,1,F,AK,CS,F
9:37:12,MYOR,RG,1650,2,F,AK,CS,F
9:37:11,MYOR,RG,1650,1,F,AK,CS,F
9:37:11,MYOR,RG,1650,1,D,XL,KZ,F
9:37:03,MYOR,RG,1655,1,D,CS,CC,D
9:37:03,MYOR,RG,1650,1,D,CS,NI,D
9:37:02,MYOR,RG,1655,2,D,CS,CC,D
9:37:02,MYOR,RG,1655,2,D,CS,CC,D
9:37:02,MYOR,RG,1655,3,D,CS,CC,D
9:37:02,MYOR,RG,1650,1,D,CS,CS,F
9:37:01,MYOR,RG,1655,3,D,CS,CC,D
9:37:01,MYOR,RG,1655,2,D,CS,CC,D
9:37:01,MYOR,RG,1650,1,D,CS,KZ,F
9:37:01,MYOR,RG,1650,1,D,CS,KZ,F
9:37:01,MYOR,RG,1650,1,D,CS,KZ,F
9:37:01,MYOR,RG,1650,1,D,CS,KZ,F
9:36:49,MYOR,RG,1650,7,F,AK,CS,F
9:36:38,MYOR,RG,1645,2,D,EP,CS,F
9:36:38,MYOR,RG,1650,13,F,AK,CS,F
9:36:38,MYOR,RG,1650,1,F,AK,CS,F
9:36:37,MYOR,RG,1645,7,D,EP,CS,F
9:36:37,MYOR,RG,1645,3,D,EP,CS,F
9:36:37,MYOR,RG,1650,2,F,AK,CS,F
9:36:37,MYOR,RG,1650,4,F,AK,CS,F
9:36:37,MYOR,RG,1650,1,F,AK,CS,F
9:36:36,MYOR,RG,1650,5,D,SQ,CS,F
9:36:35,MYOR,RG,1650,23,D,CS,KZ,F
9:36:33,MYOR,RG,1650,199,D,CS,NI,D
9:36:31,MYOR,RG,1655,5,D,CS,CC,D
9:36:31,MYOR,RG,1650,5,D,CS,KZ,F
9:36:30,MYOR,RG,1655,3,D,CS,CC,D
9:36:30,MYOR,RG,1650,1,D,CS,KZ,F
9:36:30,MYOR,RG,1650,2,D,CS,CS,F
9:36:27,MYOR,RG,1650,4,D,CS,ZP,F
9:36:26,MYOR,RG,1650,1,D,CS,ZP,F
9:36:26,MYOR,RG,1650,1,D,CS,CS,F
9:36:26,MYOR,RG,1650,1,D,CS,CS,F
9:36:26,MYOR,RG,1650,1,D,CS,KZ,F
9:36:26,MYOR,RG,1650,1,D,CS,KZ,F
9:36:07,MYOR,RG,1650,9,D,CS,XC,D
9:36:02,MYOR,RG,1655,1,D,CS,CC,D
9:36:02,MYOR,RG,1655,1,D,CS,CC,D
9:36:01,MYOR,RG,1655,1,D,CS,CC,D
9:36:01,MYOR,RG,1650,1,D,CS,KZ,F
9:35:52,MYOR,RG,1655,4,D,CS,CC,D
9:35:51,MYOR,RG,1650,2,D,CS,CS,F
9:35:51,MYOR,RG,1655,4,D,CS,CC,D
9:35:51,MYOR,RG,1650,2,D,CS,KZ,F
9:35:51,MYOR,RG,1650,4,D,XC,KZ,F
9:35:49,MYOR,RG,1650,1,D,CS,KZ,F
9:35:49,MYOR,RG,1645,3,D,EP,CS,F
9:35:49,MYOR,RG,1650,3,F,AK,CS,F
9:35:49,MYOR,RG,1650,5,D,PD,CS,F
9:35:49,MYOR,RG,1655,1,F,AK,CC,D
9:35:48,MYOR,RG,1650,10,D,PD,CC,D
9:35:48,MYOR,RG,1650,1,D,PD,CC,D
9:35:48,MYOR,RG,1650,5,D,XL,CC,D
9:35:48,MYOR,RG,1650,6,D,XC,CC,D
9:35:48,MYOR,RG,1650,5,D,CS,CC,D
9:35:48,MYOR,RG,1650,13,D,CS,CC,D
9:35:36,MYOR,RG,1650,21,D,CS,CS,F
9:35:36,MYOR,RG,1650,4,D,CC,CS,F
9:35:35,MYOR,RG,1650,16,D,CC,OD,D
9:35:35,MYOR,RG,1650,5,D,DR,OD,D
9:35:35,MYOR,RG,1650,9,D,YP,OD,D
9:35:31,MYOR,RG,1650,3,D,YP,KZ,F
9:35:09,MYOR,RG,1650,1,D,YP,PD,D
9:35:08,MYOR,RG,1650,28,D,YP,CS,F
9:35:06,MYOR,RG,1650,2,D,YP,KZ,F
9:35:02,MYOR,RG,1650,5,D,YP,XC,D
9:35:01,MYOR,RG,1650,1,D,YP,KZ,F
9:34:58,MYOR,RG,1650,1,D,YP,DR,D
9:34:44,MYOR,RG,1650,1,D,CS,PD,D
9:34:41,MYOR,RG,1655,1,D,PD,CC,D
9:34:41,MYOR,RG,1650,2,D,CS,KZ,F
9:34:37,MYOR,RG,1650,19,D,CS,CS,F
9:34:21,MYOR,RG,1650,2,D,CS,KZ,F
9:34:16,MYOR,RG,1650,22,D,CS,CS,F
9:34:16,MYOR,RG,1650,4,D,CS,KZ,F
9:33:51,MYOR,RG,1650,31,D,CS,KZ,F
9:33:51,MYOR,RG,1650,18,D,CS,AK,F
9:33:51,MYOR,RG,1650,30,D,CS,AK,F
9:33:50,MYOR,RG,1650,45,D,CS,CS,F
9:33:49,MYOR,RG,1650,19,D,CS,KZ,F
9:33:49,MYOR,RG,1650,2,D,YP,KZ,F
9:33:49,MYOR,RG,1650,5,D,YP,KZ,F
9:33:49,MYOR,RG,1650,5,D,YP,CC,D
9:33:49,MYOR,RG,1650,1,D,PD,CC,D
9:33:49,MYOR,RG,1650,4,D,CC,CC,D
9:33:49,MYOR,RG,1650,1,D,DR,CC,D
9:33:49,MYOR,RG,1650,10,D,DR,CC,D
9:33:49,MYOR,RG,1650,1,D,YP,CC,D
9:33:49,MYOR,RG,1650,61,D,XL,CC,D
9:33:49,MYOR,RG,1650,5,D,NI,CC,D
9:33:49,MYOR,RG,1650,1,D,XC,CC,D
9:33:49,MYOR,RG,1650,6,D,XL,CC,D
9:33:49,MYOR,RG,1650,126,D,CS,CC,D
9:33:49,MYOR,RG,1650,4,D,CS,CC,D
9:33:49,MYOR,RG,1650,10,D,YP,CC,D
9:33:49,MYOR,RG,1650,210,D,YP,CC,D
9:32:53,MYOR,RG,1655,1,D,PD,CC,D
9:32:49,MYOR,RG,1655,20,D,YP,CC,D
9:32:35,MYOR,RG,1655,2,D,PD,CC,D
9:32:31,MYOR,RG,1650,3,D,YP,NI,D
9:31:16,MYOR,RG,1650,1,D,YP,KZ,F
9:31:15,MYOR,RG,1650,1,D,YP,XC,D
9:31:14,MYOR,RG,1655,2,D,YP,CC,D
9:31:12,MYOR,RG,1650,11,D,YP,KZ,F
9:31:11,MYOR,RG,1650,70,D,YP,CS,F
9:31:07,MYOR,RG,1655,25,D,KK,CC,D
9:30:53,MYOR,RG,1650,10,D,YP,PD,D
9:30:34,MYOR,RG,1650,1,D,YP,YP,D
9:30:16,MYOR,RG,1650,2,D,YP,KZ,F
9:30:05,MYOR,RG,1655,1,D,PD,CC,D
9:30:01,MYOR,RG,1650,1,D,YP,KZ,F
9:29:59,MYOR,RG,1655,2,D,PD,CC,D
9:29:56,MYOR,RG,1650,3,D,YP,KZ,F
9:29:56,MYOR,RG,1650,8,D,YP,KZ,F
9:29:56,MYOR,RG,1650,1,D,YP,KZ,F
9:29:56,MYOR,RG,1650,1,D,CC,KZ,F
9:29:55,MYOR,RG,1650,4,D,CC,KZ,F
9:29:53,MYOR,RG,1650,7,D,CC,CS,F
9:29:52,MYOR,RG,1650,27,D,CC,XC,D
9:29:52,MYOR,RG,1650,17,D,CS,XC,D
9:29:48,MYOR,RG,1650,15,D,CS,KZ,F
9:29:48,MYOR,RG,1650,6,D,XC,KZ,F
9:29:46,MYOR,RG,1650,6,D,XC,KZ,F
9:29:46,MYOR,RG,1650,1,D,HD,KZ,F
9:29:46,MYOR,RG,1650,1,D,HD,KZ,F
9:29:46,MYOR,RG,1650,4,D,HD,KZ,F
9:29:46,MYOR,RG,1650,3,D,HD,KZ,F
9:29:45,MYOR,RG,1655,30,D,CC,CC,D
9:29:45,MYOR,RG,1650,41,D,HD,CS,F
9:29:43,MYOR,RG,1650,30,D,CS,PD,D
9:29:43,MYOR,RG,1650,68,D,PD,PD,D
9:29:43,MYOR,RG,1650,2,D,XC,PD,D
9:29:00,MYOR,RG,1650,4,D,XC,CS,F
9:29:00,MYOR,RG,1650,15,D,CS,CS,F
9:28:40,MYOR,RG,1650,18,D,CS,CS,F
9:28:40,MYOR,RG,1650,10,D,XC,CS,F
9:28:39,MYOR,RG,1650,30,D,XC,AI,D
9:28:35,MYOR,RG,1655,4,D,EP,CC,D
9:28:31,MYOR,RG,1650,1,D,XC,IF,D
9:28:13,MYOR,RG,1650,6,D,XC,XC,D
9:28:09,MYOR,RG,1650,17,D,XC,CS,F
9:28:08,MYOR,RG,1655,50,D,DH,CC,D
9:27:50,MYOR,RG,1650,18,D,XC,CS,F
9:27:39,MYOR,RG,1655,50,D,DH,CC,D
9:27:30,MYOR,RG,1650,18,D,XC,CS,F
9:27:18,MYOR,RG,1655,2,D,YP,CC,D
9:27:17,MYOR,RG,1655,6,D,CS,CC,D
9:27:17,MYOR,RG,1650,6,D,CS,XC,D
9:27:12,MYOR,RG,1655,2,D,CS,CC,D
9:27:12,MYOR,RG,1655,2,D,CS,CC,D
9:27:11,MYOR,RG,1655,2,D,CS,CC,D
9:27:11,MYOR,RG,1655,1,D,CS,CC,D
9:27:11,MYOR,RG,1650,1,D,CS,KZ,F
9:27:11,MYOR,RG,1650,1,D,CS,KZ,F
9:27:11,MYOR,RG,1650,1,D,CS,KZ,F
9:27:10,MYOR,RG,1650,1,D,CS,KZ,F
9:27:10,MYOR,RG,1655,1,D,CS,CC,D
9:27:09,MYOR,RG,1650,1,D,CS,CS,F
9:27:09,MYOR,RG,1650,1,D,CS,PD,D
9:27:09,MYOR,RG,1645,1,D,EP,CS,F
9:27:09,MYOR,RG,1650,1,D,YP,PD,D
9:27:08,MYOR,RG,1650,1,D,YP,CS,F
9:27:07,MYOR,RG,1650,3,D,YP,CS,F
9:27:06,MYOR,RG,1645,1,D,EP,CS,F
9:27:06,MYOR,RG,1650,1,D,CS,KZ,F
9:27:05,MYOR,RG,1650,1,D,PD,CS,F
9:27:05,MYOR,RG,1650,1,D,DR,CS,F
9:27:05,MYOR,RG,1650,1,D,DR,PD,D
9:27:00,MYOR,RG,1650,1,D,DR,CS,F
9:27:00,MYOR,RG,1650,3,D,DR,XC,D
9:26:59,MYOR,RG,1650,8,D,DR,CS,F
9:26:55,MYOR,RG,1650,1,D,DR,PD,D
9:26:51,MYOR,RG,1650,1,D,DR,KZ,F
9:26:50,MYOR,RG,1650,14,D,DR,CS,F
9:26:50,MYOR,RG,1650,1,D,DR,XC,D
9:26:41,MYOR,RG,1650,7,D,CS,KZ,F
9:26:40,MYOR,RG,1655,5,D,CS,CC,D
9:26:40,MYOR,RG,1650,5,D,CS,PD,D
9:26:29,MYOR,RG,1650,5,D,CS,XL,D
9:26:26,MYOR,RG,1650,1,D,CS,KZ,F
9:26:25,MYOR,RG,1650,11,D,CS,CS,F
9:26:24,MYOR,RG,1655,11,D,CS,CC,D
9:26:24,MYOR,RG,1650,11,D,CS,KZ,F
9:26:23,MYOR,RG,1645,36,D,EP,CS,F
9:26:23,MYOR,RG,1650,1,D,CS,CS,F
9:26:22,MYOR,RG,1650,100,D,YP,CS,F
9:26:18,MYOR,RG,1645,2,D,EP,CS,F
9:26:18,MYOR,RG,1645,2,D,EP,CS,F
9:26:17,MYOR,RG,1650,2,D,YP,CS,F
9:26:09,MYOR,RG,1645,1,D,EP,XC,D
9:26:07,MYOR,RG,1645,1,D,EP,XC,D
9:26:01,MYOR,RG,1645,1,D,EP,PD,D
9:26:01,MYOR,RG,1655,1,D,CS,CC,D
9:26:01,MYOR,RG,1650,1,D,CS,KZ,F
9:26:00,MYOR,RG,1650,1,D,CC,CS,F
9:25:56,MYOR,RG,1645,2,D,EP,CS,F
9:25:56,MYOR,RG,1650,1,D,CS,CS,F
9:25:55,MYOR,RG,1650,1,D,XC,CS,F
9:25:52,MYOR,RG,1655,1,D,CS,CC,D
9:25:51,MYOR,RG,1650,1,D,CS,KZ,F
9:25:51,MYOR,RG,1650,1,D,CS,KZ,F
9:25:49,MYOR,RG,1650,1,D,CS,XC,D
9:25:41,MYOR,RG,1650,2,D,CS,XC,D
9:25:39,MYOR,RG,1655,2,D,CS,CC,D
9:25:38,MYOR,RG,1650,2,D,CS,LS,D
9:25:31,MYOR,RG,1645,1,D,EP,XC,D
9:25:27,MYOR,RG,1645,3,D,EP,CS,F
9:25:27,MYOR,RG,1650,3,D,CS,CS,F
9:25:26,MYOR,RG,1645,3,D,EP,CS,F
9:25:25,MYOR,RG,1650,3,D,PD,CS,F
9:25:21,MYOR,RG,1645,20,D,EP,PD,D
9:25:19,MYOR,RG,1655,8,D,XC,CC,D
9:25:07,MYOR,RG,1645,5,D,EP,PD,D
9:25:00,MYOR,RG,1645,2,D,EP,CS,F
9:25:00,MYOR,RG,1650,8,D,XC,CS,F
9:24:59,MYOR,RG,1650,2,D,XC,XC,D
9:24:56,MYOR,RG,1655,1,D,XC,CC,D
9:24:55,MYOR,RG,1650,1,D,CS,XC,D
9:24:48,MYOR,RG,1650,1,D,CS,PD,D
9:24:47,MYOR,RG,1655,1,D,CS,CC,D
9:24:46,MYOR,RG,1650,1,D,CS,KZ,F
9:24:46,MYOR,RG,1650,3,D,CS,KZ,F
9:24:45,MYOR,RG,1650,1,D,CS,KZ,F
9:24:42,MYOR,RG,1650,31,D,CS,KZ,F
9:24:41,MYOR,RG,1650,1,D,CS,KZ,F
9:24:41,MYOR,RG,1645,3,D,EP,CS,F
9:24:41,MYOR,RG,1650,1,D,CS,KZ,F
9:24:41,MYOR,RG,1650,1,D,CS,KZ,F
9:24:41,MYOR,RG,1650,1,D,CS,KZ,F
9:24:41,MYOR,RG,1650,1,D,CS,KZ,F
9:24:41,MYOR,RG,1650,1,D,CS,KZ,F
9:24:40,MYOR,RG,1650,1,D,XL,CS,F
9:24:21,MYOR,RG,1645,3,D,EP,CS,F
9:24:21,MYOR,RG,1650,5,D,DR,CS,F
9:24:21,MYOR,RG,1650,15,D,CC,CS,F
9:24:21,MYOR,RG,1650,4,D,XL,CS,F
9:24:21,MYOR,RG,1650,2,D,XL,CS,F
9:24:21,MYOR,RG,1650,35,D,CS,CS,F
9:24:21,MYOR,RG,1650,10,D,CS,CS,F
9:24:21,MYOR,RG,1650,2,D,CS,CS,F
9:24:21,MYOR,RG,1650,6,D,PD,CS,F
9:24:21,MYOR,RG,1650,10,D,XC,CS,F
9:24:21,MYOR,RG,1650,11,D,CS,CS,F
9:24:21,MYOR,RG,1650,2,D,CS,CS,F
9:24:21,MYOR,RG,1650,29,D,CD,CS,F
9:24:21,MYOR,RG,1655,30,D,LS,CC,D
9:24:21,MYOR,RG,1655,3,D,CS,CC,D
9:24:21,MYOR,RG,1655,2,D,CS,CC,D
9:24:20,MYOR,RG,1660,1,D,YP,GR,D
9:24:20,MYOR,RG,1660,11,D,CS,GR,D
9:24:20,MYOR,RG,1660,17,D,CS,GR,D
9:24:20,MYOR,RG,1660,1,D,CS,PC,D
9:24:19,MYOR,RG,1655,7,D,CS,AK,F
9:24:19,MYOR,RG,1655,5,D,CS,AK,F
9:24:19,MYOR,RG,1655,1,D,CS,AK,F
9:24:19,MYOR,RG,1655,11,D,CS,AK,F
9:24:19,MYOR,RG,1655,18,D,CS,KZ,F
9:24:19,MYOR,RG,1655,10,D,XC,AK,F
9:24:19,MYOR,RG,1655,17,D,CS,AK,F
9:24:19,MYOR,RG,1655,10,D,YP,AK,F
9:24:18,MYOR,RG,1655,6,D,CS,KK,D
9:24:18,MYOR,RG,1655,25,D,CS,KK,D
9:24:18,MYOR,RG,1655,18,D,CS,KK,D
9:24:18,MYOR,RG,1655,1,D,CS,KK,D
9:24:18,MYOR,RG,1655,20,D,CS,KK,D
9:24:18,MYOR,RG,1655,166,D,EP,KK,D
9:24:08,MYOR,RG,1655,5,D,EP,XC,D
9:23:51,MYOR,RG,1655,6,D,EP,KZ,F
9:23:51,MYOR,RG,1655,6,D,EP,XC,D
9:23:51,MYOR,RG,1655,55,D,EP,ZP,F
9:23:51,MYOR,RG,1655,1,D,EP,KZ,F
9:23:51,MYOR,RG,1655,10,D,EP,NI,D
9:23:51,MYOR,RG,1655,1,D,EP,KZ,F
9:23:51,MYOR,RG,1655,3,D,EP,PD,D
9:23:51,MYOR,RG,1655,1,D,EP,XL,D
9:23:51,MYOR,RG,1655,1,D,EP,XC,D
9:23:51,MYOR,RG,1655,45,D,EP,CS,F
9:23:51,MYOR,RG,1655,8,D,EP,KZ,F
9:23:51,MYOR,RG,1655,3,D,EP,KZ,F
9:23:51,MYOR,RG,1655,10,D,EP,YP,D
9:23:51,MYOR,RG,1655,70,D,EP,BQ,D
9:23:51,MYOR,RG,1655,82,D,EP,CS,F
9:23:51,MYOR,RG,1655,2,D,EP,KZ,F
9:23:51,MYOR,RG,1655,3,D,EP,KZ,F
9:23:51,MYOR,RG,1655,5,D,EP,KZ,F
9:23:51,MYOR,RG,1655,17,D,EP,XC,D
9:23:46,MYOR,RG,1655,6,D,CC,XC,D
9:23:46,MYOR,RG,1655,6,D,CC,KZ,F
9:23:46,MYOR,RG,1655,1,D,CC,KZ,F
9:23:46,MYOR,RG,1655,2,D,CC,KZ,F
9:23:46,MYOR,RG,1655,20,D,CC,CS,F
9:23:37,MYOR,RG,1655,7,D,PD,CS,F
9:23:37,MYOR,RG,1655,4,D,PD,YP,D
9:23:37,MYOR,RG,1655,6,D,PD,KZ,F
9:23:37,MYOR,RG,1655,20,D,PD,YP,D
9:23:37,MYOR,RG,1655,8,D,PD,CC,D
9:23:32,MYOR,RG,1655,2,D,EP,CC,D
9:23:32,MYOR,RG,1655,1,D,EP,KZ,F
9:23:32,MYOR,RG,1655,2,D,EP,KZ,F
9:23:32,MYOR,RG,1655,4,D,EP,KZ,F
9:23:32,MYOR,RG,1655,1,D,EP,LG,D
9:23:32,MYOR,RG,1650,1,D,CD,PD,D
9:23:18,MYOR,RG,1655,19,D,AZ,LG,D
9:23:18,MYOR,RG,1655,24,D,AZ,ZP,F
9:23:18,MYOR,RG,1655,5,D,AZ,OD,D
9:23:16,MYOR,RG,1645,1,D,EP,XL,D
9:23:16,MYOR,RG,1645,1,D,CS,XL,D
9:23:16,MYOR,RG,1645,3,D,CS,XL,D
9:23:16,MYOR,RG,1645,5,D,XC,XL,D
9:23:04,MYOR,RG,1655,15,D,YP,OD,D
9:23:04,MYOR,RG,1655,3,D,YP,XC,D
9:23:04,MYOR,RG,1655,3,D,YP,DR,D
9:23:04,MYOR,RG,1655,13,D,YP,ZP,F
9:23:04,MYOR,RG,1655,16,D,YP,KZ,F
9:22:44,MYOR,RG,1655,5,D,XC,CS,F
9:22:43,MYOR,RG,1655,10,D,KK,CS,F
9:22:26,MYOR,RG,1655,6,D,XL,CS,F
9:22:03,MYOR,RG,1655,25,D,PD,CS,F
9:21:53,MYOR,RG,1655,1,D,CS,CS,F
9:21:53,MYOR,RG,1650,1,D,CS,PD,D
9:21:48,MYOR,RG,1650,15,D,CS,XA,D
9:21:42,MYOR,RG,1645,6,D,CS,KZ,F
9:21:42,MYOR,RG,1645,11,D,CS,KZ,F
9:21:41,MYOR,RG,1645,10,D,CS,KZ,F
9:21:41,MYOR,RG,1650,10,D,CS,OD,D
9:21:41,MYOR,RG,1645,20,D,PD,PD,D
9:21:37,MYOR,RG,1645,5,F,AK,KZ,F
9:21:37,MYOR,RG,1655,33,D,CS,CS,F
9:21:37,MYOR,RG,1655,9,D,CS,CS,F
9:21:37,MYOR,RG,1655,2,D,CS,XC,D
9:21:37,MYOR,RG,1655,1,D,CS,NI,D
9:21:37,MYOR,RG,1655,2,D,CS,XC,D
9:21:37,MYOR,RG,1655,12,D,CS,KZ,F
9:21:37,MYOR,RG,1655,59,D,CS,EP,D
9:21:36,MYOR,RG,1645,50,F,AK,GR,D
9:21:36,MYOR,RG,1645,15,D,CS,GR,D
9:21:36,MYOR,RG,1645,1,D,CS,GR,D
9:21:36,MYOR,RG,1645,19,D,CS,GR,D
9:21:36,MYOR,RG,1645,95,F,AK,GR,D
9:21:36,MYOR,RG,1645,10,D,CS,GR,D
9:21:36,MYOR,RG,1645,10,D,XC,GR,D
9:21:33,MYOR,RG,1655,8,D,CS,EP,D
9:21:33,MYOR,RG,1655,3,D,CS,EP,D
9:21:33,MYOR,RG,1650,5,D,CS,CS,F
9:21:32,MYOR,RG,1655,8,D,CS,EP,D
9:21:32,MYOR,RG,1650,1,D,CS,KZ,F
9:21:32,MYOR,RG,1650,1,D,CS,KZ,F
9:21:32,MYOR,RG,1650,1,D,CS,KZ,F
9:21:32,MYOR,RG,1650,5,D,CS,KZ,F
9:21:30,MYOR,RG,1645,7,D,CS,CS,F
9:21:30,MYOR,RG,1645,4,D,CS,CS,F
9:21:30,MYOR,RG,1645,42,D,CS,CS,F
9:21:28,MYOR,RG,1645,1,F,AK,XL,D
9:21:12,MYOR,RG,1655,5,D,XC,EP,D
9:21:12,MYOR,RG,1645,3,F,AK,CS,F
9:21:12,MYOR,RG,1645,6,F,AK,CS,F
9:21:11,MYOR,RG,1645,3,F,AK,XC,D
9:21:11,MYOR,RG,1650,3,D,CS,XC,D
9:21:11,MYOR,RG,1650,3,D,CS,XC,D
9:21:11,MYOR,RG,1650,3,D,CS,XC,D
9:21:11,MYOR,RG,1650,3,D,DR,CS,F
9:20:57,MYOR,RG,1645,6,F,AK,PD,D
9:20:36,MYOR,RG,1655,42,D,IF,EP,D
9:20:36,MYOR,RG,1655,1,D,IF,XC,D
9:20:36,MYOR,RG,1655,3,D,IF,KZ,F
9:20:36,MYOR,RG,1655,14,D,IF,YP,D
9:20:30,MYOR,RG,1655,3,D,XC,YP,D
9:20:28,MYOR,RG,1655,8,D,XC,YP,D
9:20:28,MYOR,RG,1655,11,D,XC,KZ,F
9:20:28,MYOR,RG,1655,25,D,XC,BQ,D
9:19:54,MYOR,RG,1655,5,D,CS,BQ,D
9:19:54,MYOR,RG,1650,5,D,CS,CS,F
9:19:53,MYOR,RG,1655,5,D,CS,BQ,D
9:19:53,MYOR,RG,1650,5,D,CS,AT,D
9:19:47,MYOR,RG,1645,3,D,PD,CS,F
9:19:45,MYOR,RG,1650,2,D,XL,CS,F
9:19:41,MYOR,RG,1650,1,D,XL,CS,F
9:19:39,MYOR,RG,1650,1,D,XL,CS,F
9:19:38,MYOR,RG,1650,1,D,XL,CS,F
9:19:36,MYOR,RG,1650,2,D,XL,CS,F
9:19:35,MYOR,RG,1650,1,D,PD,DH,D
9:19:33,MYOR,RG,1650,2,D,PD,CS,F
9:19:32,MYOR,RG,1655,50,D,IF,BQ,D
9:19:30,MYOR,RG,1650,1,D,PD,CS,F
9:19:29,MYOR,RG,1650,1,D,PD,CS,F
9:19:27,MYOR,RG,1650,4,D,PD,CS,F
9:19:27,MYOR,RG,1655,1,D,CS,BQ,D
9:19:26,MYOR,RG,1655,1,D,CS,BQ,D
9:19:26,MYOR,RG,1655,1,D,CS,BQ,D
9:19:26,MYOR,RG,1650,1,D,CS,KZ,F
9:19:26,MYOR,RG,1650,1,D,CS,KZ,F
9:19:25,MYOR,RG,1655,1,D,CS,BQ,D
9:19:25,MYOR,RG,1650,1,D,CS,CS,F
9:19:24,MYOR,RG,1655,1,D,CS,BQ,D
9:19:24,MYOR,RG,1650,1,D,CS,XC,D
9:19:19,MYOR,RG,1640,1,D,CS,CS,F
9:19:18,MYOR,RG,1650,1,D,CS,CS,F
9:19:17,MYOR,RG,1650,1,D,GR,CS,F
9:19:16,MYOR,RG,1655,7,D,XC,BQ,D
9:19:15,MYOR,RG,1645,13,F,AK,CS,F
9:19:14,MYOR,RG,1645,20,D,KK,CS,F
9:19:12,MYOR,RG,1655,1,D,XC,BQ,D
9:18:25,MYOR,RG,1655,2,D,PD,BQ,D
9:18:25,MYOR,RG,1655,3,D,PD,KZ,F
9:18:25,MYOR,RG,1655,30,D,PD,KK,D
9:18:25,MYOR,RG,1655,13,D,PD,KZ,F
9:18:25,MYOR,RG,1655,99,D,PD,PD,D
9:18:25,MYOR,RG,1655,3,D,PD,SQ,D
9:18:25,MYOR,RG,1645,1,D,XA,CS,F
9:18:24,MYOR,RG,1645,7,D,XA,CS,F
9:18:23,MYOR,RG,1655,1,D,CC,SQ,D
9:18:16,MYOR,RG,1655,1,D,CS,SQ,D
9:18:16,MYOR,RG,1655,1,D,CS,SQ,D
9:18:15,MYOR,RG,1655,1,D,CS,SQ,D
9:18:15,MYOR,RG,1650,1,D,CS,KZ,F
9:18:14,MYOR,RG,1655,6,D,CS,SQ,D
9:18:14,MYOR,RG,1650,6,D,CS,AK,F
9:18:14,MYOR,RG,1650,4,D,OD,AK,F
9:18:13,MYOR,RG,1650,5,D,OD,CS,F
9:18:13,MYOR,RG,1650,1,D,OD,CS,F
9:18:12,MYOR,RG,1645,1,D,XC,CS,F
9:18:12,MYOR,RG,1650,1,D,XC,KZ,F
9:18:12,MYOR,RG,1650,1,D,XC,CS,F
9:18:12,MYOR,RG,1650,1,D,XC,KZ,F
9:18:12,MYOR,RG,1650,1,D,XC,KZ,F
9:18:12,MYOR,RG,1650,1,D,XC,KZ,F
9:18:00,MYOR,RG,1650,2,D,XC,CS,F
9:17:59,MYOR,RG,1650,8,D,XC,YP,D
9:17:59,MYOR,RG,1650,1,D,CC,YP,D
9:17:59,MYOR,RG,1650,1,D,XC,YP,D
9:17:57,MYOR,RG,1650,4,D,XC,CS,F
9:17:56,MYOR,RG,1650,5,D,XC,YP,D
9:17:56,MYOR,RG,1650,1,D,CS,KZ,F
9:17:51,MYOR,RG,1650,2,D,PD,CS,F
9:17:51,MYOR,RG,1650,3,D,ZP,CS,F
9:17:50,MYOR,RG,1650,1,D,ZP,KZ,F
9:17:49,MYOR,RG,1650,5,D,ZP,YP,D
9:17:44,MYOR,RG,1650,4,D,ZP,CS,F
9:17:43,MYOR,RG,1650,5,D,ZP,YP,D
9:17:37,MYOR,RG,1650,3,D,ZP,CS,F
9:17:33,MYOR,RG,1650,7,D,ZP,CS,F
9:17:22,MYOR,RG,1650,3,D,ZP,KZ,F
9:17:21,MYOR,RG,1650,39,D,ZP,AK,F
9:17:21,MYOR,RG,1650,30,D,ZP,CS,F
9:17:11,MYOR,RG,1650,7,D,CS,KZ,F
9:17:10,MYOR,RG,1655,1,D,CS,SQ,D
9:17:10,MYOR,RG,1655,5,D,CS,DR,D
9:17:10,MYOR,RG,1655,2,D,CS,AT,D
9:17:09,MYOR,RG,1650,1,D,CS,CS,F
9:17:09,MYOR,RG,1650,1,D,CS,CS,F
9:17:09,MYOR,RG,1650,1,D,CS,CS,F
9:17:09,MYOR,RG,1650,1,D,CS,CS,F
9:17:09,MYOR,RG,1650,1,D,CS,CS,F
9:17:09,MYOR,RG,1650,1,D,CS,CS,F
9:17:09,MYOR,RG,1650,1,D,CS,CS,F
9:17:08,MYOR,RG,1650,1,D,CS,CS,F
9:17:08,MYOR,RG,1650,1,D,CS,CS,F
9:17:08,MYOR,RG,1650,1,D,CS,CS,F
9:17:08,MYOR,RG,1650,1,D,CS,CS,F
9:17:08,MYOR,RG,1650,1,D,CS,CS,F
9:17:08,MYOR,RG,1650,1,D,CS,CS,F
9:17:08,MYOR,RG,1640,1,D,XA,CS,F
9:17:08,MYOR,RG,1650,1,D,CC,CS,F
9:17:08,MYOR,RG,1650,5,D,CC,YP,D
9:17:08,MYOR,RG,1650,2,D,CC,KZ,F
9:17:08,MYOR,RG,1650,5,D,CC,YP,D
9:17:08,MYOR,RG,1650,9,D,CC,XC,D
9:17:08,MYOR,RG,1650,20,D,CC,KK,D
9:17:08,MYOR,RG,1650,23,D,CC,CS,F
9:17:08,MYOR,RG,1650,1,D,CC,XC,D
9:17:08,MYOR,RG,1650,2,D,CC,LG,D
9:17:08,MYOR,RG,1650,8,D,CC,PD,D
9:17:08,MYOR,RG,1650,166,D,CC,XC,D
9:17:08,MYOR,RG,1650,15,D,CC,YP,D
9:17:08,MYOR,RG,1650,29,D,CC,KZ,F
9:17:08,MYOR,RG,1650,13,D,CC,KZ,F
9:17:08,MYOR,RG,1650,1,D,CC,CC,D
9:16:59,MYOR,RG,1650,242,D,AI,CC,D
9:16:34,MYOR,RG,1650,6,D,XC,CC,D
9:16:32,MYOR,RG,1650,1,D,CC,CC,D
9:16:32,MYOR,RG,1650,12,D,CC,KZ,F
9:16:32,MYOR,RG,1650,1,D,CC,KZ,F
9:16:32,MYOR,RG,1650,3,D,CC,KZ,F
9:16:32,MYOR,RG,1650,5,D,CC,KZ,F
9:16:32,MYOR,RG,1650,39,D,CC,YP,D
9:15:50,MYOR,RG,1650,1,D,NI,YP,D
9:15:49,MYOR,RG,1645,10,D,CS,CS,F
9:15:48,MYOR,RG,1645,10,D,CS,CS,F
9:15:48,MYOR,RG,1650,1,D,CS,YP,D
9:15:48,MYOR,RG,1645,10,D,CS,YP,D
9:15:17,MYOR,RG,1650,1,D,CS,YP,D
9:15:16,MYOR,RG,1650,8,D,CS,YP,D
9:15:16,MYOR,RG,1650,1,D,CS,SQ,D
9:15:16,MYOR,RG,1645,1,D,CS,KZ,F
9:15:15,MYOR,RG,1645,3,D,PD,CS,F
9:15:15,MYOR,RG,1650,9,D,CS,SQ,D
9:15:15,MYOR,RG,1650,1,D,CS,XC,D
9:15:15,MYOR,RG,1645,10,D,CS,YP,D
9:15:09,MYOR,RG,1650,50,D,SQ,SQ,D
9:15:08,MYOR,RG,1650,2,D,PD,PD,D
9:15:08,MYOR,RG,1650,3,D,PD,KZ,F
9:15:00,MYOR,RG,1650,3,D,XC,KZ,F
9:15:00,MYOR,RG,1650,3,D,XC,KZ,F
9:15:00,MYOR,RG,1650,4,D,XC,EP,D
9:14:13,MYOR,RG,1650,3,D,CS,EP,D
9:14:12,MYOR,RG,1645,3,D,CS,CS,F
9:14:12,MYOR,RG,1645,3,D,CS,KZ,F
9:14:07,MYOR,RG,1645,1,D,CS,CS,F
9:14:07,MYOR,RG,1650,1,D,CS,EP,D
9:14:07,MYOR,RG,1645,1,D,CS,KZ,F
9:14:04,MYOR,RG,1640,1,D,XA,PD,D
9:13:58,MYOR,RG,1640,1,D,XA,CS,F
9:13:48,MYOR,RG,1640,3,D,XA,PD,D
9:13:15,MYOR,RG,1640,1,D,XA,CS,F
9:13:06,MYOR,RG,1635,3,F,AK,CS,F
9:13:04,MYOR,RG,1635,10,F,AK,CS,F
9:12:46,MYOR,RG,1650,2,D,YP,EP,D
9:12:46,MYOR,RG,1650,7,D,YP,XC,D
9:12:38,MYOR,RG,1650,1,D,CS,XC,D
9:12:38,MYOR,RG,1650,1,D,CS,XC,D
9:12:37,MYOR,RG,1650,2,D,CS,XC,D
9:12:37,MYOR,RG,1650,9,D,CS,XC,D
9:12:37,MYOR,RG,1650,1,D,CS,XA,D
9:12:37,MYOR,RG,1645,1,D,CS,KZ,F
9:12:37,MYOR,RG,1645,1,D,CS,KZ,F
9:12:37,MYOR,RG,1645,1,D,CS,KZ,F
9:12:36,MYOR,RG,1645,10,D,CS,SQ,D
9:12:11,MYOR,RG,1635,1,F,AK,CS,F
9:12:06,MYOR,RG,1635,1,F,AK,CS,F
9:12:01,MYOR,RG,1635,5,F,AK,CS,F
9:12:01,MYOR,RG,1635,1,D,CS,CS,F
9:11:59,MYOR,RG,1635,15,D,CS,CS,F
9:11:59,MYOR,RG,1635,6,D,CS,CS,F
9:11:48,MYOR,RG,1650,4,D,CS,XA,D
9:11:48,MYOR,RG,1645,4,D,CS,KZ,F
9:11:47,MYOR,RG,1645,9,D,XC,CS,F
9:11:47,MYOR,RG,1645,7,D,XC,DR,D
9:11:47,MYOR,RG,1645,1,D,XC,KZ,F
9:11:47,MYOR,RG,1645,3,D,XC,KZ,F
9:11:47,MYOR,RG,1645,8,D,XC,PD,D
9:11:47,MYOR,RG,1645,3,D,XC,CC,D
9:11:47,MYOR,RG,1645,1,D,XC,CC,D
9:11:47,MYOR,RG,1645,6,D,XC,NI,D
9:11:39,MYOR,RG,1645,10,D,YP,NI,D
9:11:07,MYOR,RG,1645,1,D,YP,NI,D
9:10:37,MYOR,RG,1645,6,D,XC,NI,D
9:10:21,MYOR,RG,1645,7,D,YP,NI,D
9:09:56,MYOR,RG,1645,1,D,XC,NI,D
9:09:56,MYOR,RG,1645,1,D,XC,NI,D
9:09:56,MYOR,RG,1645,2,D,XC,KZ,F
9:09:56,MYOR,RG,1645,1,D,XC,KZ,F
9:09:56,MYOR,RG,1645,5,D,XC,CS,F
9:09:56,MYOR,RG,1645,1,D,XC,KZ,F
9:09:56,MYOR,RG,1645,1,D,XC,XC,D
9:09:56,MYOR,RG,1645,3,D,XC,KZ,F
9:09:21,MYOR,RG,1645,1,D,XC,KZ,F
9:09:21,MYOR,RG,1645,1,D,XC,CS,F
9:08:48,MYOR,RG,1645,1,D,AT,CS,F
9:08:31,MYOR,RG,1645,5,D,XC,CS,F
9:08:31,MYOR,RG,1645,1,D,XC,LG,D
9:08:18,MYOR,RG,1645,8,D,CS,LG,D
9:08:18,MYOR,RG,1645,1,D,CS,LG,D
9:08:18,MYOR,RG,1640,7,D,CS,CS,F
9:08:17,MYOR,RG,1640,1,D,CS,KZ,F
9:08:17,MYOR,RG,1640,7,D,CS,KZ,F
9:08:17,MYOR,RG,1635,5,D,CS,CS,F
9:08:16,MYOR,RG,1635,5,D,XC,CS,F
9:08:10,MYOR,RG,1630,57,D,CC,YP,D
9:08:10,MYOR,RG,1630,2,D,EP,YP,D
9:08:10,MYOR,RG,1630,1,D,YP,YP,D
9:08:10,MYOR,RG,1630,5,D,XL,YP,D
9:08:05,MYOR,RG,1635,17,F,AK,CS,F
9:08:05,MYOR,RG,1635,1,F,AK,CS,F
9:08:05,MYOR,RG,1635,1,D,CS,CS,F
9:08:04,MYOR,RG,1635,1,D,XL,CS,F
9:08:03,MYOR,RG,1630,1,D,XL,PD,D
9:07:13,MYOR,RG,1630,2,D,XL,IF,D
9:06:59,MYOR,RG,1645,3,D,SQ,LG,D
9:06:44,MYOR,RG,1645,8,D,CS,LG,D
9:06:44,MYOR,RG,1645,8,D,CS,LG,D
9:06:44,MYOR,RG,1645,2,D,CS,LG,D
9:06:44,MYOR,RG,1645,3,D,CS,LG,D
9:06:44,MYOR,RG,1640,3,D,CS,KZ,F
9:06:43,MYOR,RG,1640,4,D,CS,PD,D
9:06:43,MYOR,RG,1640,1,D,CS,KZ,F
9:06:43,MYOR,RG,1640,2,D,CS,KZ,F
9:06:43,MYOR,RG,1640,1,D,CS,KZ,F
9:06:43,MYOR,RG,1640,2,D,CS,KZ,F
9:06:43,MYOR,RG,1635,6,D,CS,SQ,D
9:06:43,MYOR,RG,1635,2,D,CS,SQ,D
9:06:31,MYOR,RG,1640,4,D,NI,SQ,D
9:06:28,MYOR,RG,1630,2,D,XL,CS,F
9:06:27,MYOR,RG,1635,2,D,CC,CS,F
9:06:26,MYOR,RG,1635,5,D,XC,CS,F
9:06:26,MYOR,RG,1640,6,D,XC,SQ,D
9:06:26,MYOR,RG,1640,1,D,XL,SQ,D
9:06:26,MYOR,RG,1640,11,D,PD,SQ,D
9:06:26,MYOR,RG,1640,1,D,PD,KZ,F
9:06:26,MYOR,RG,1640,1,D,PD,KZ,F
9:06:26,MYOR,RG,1640,1,D,PD,KZ,F
9:06:25,MYOR,RG,1640,2,D,PD,CS,F
9:06:25,MYOR,RG,1640,1,D,PD,KZ,F
9:06:24,MYOR,RG,1640,12,D,PD,AK,F
9:06:24,MYOR,RG,1640,5,D,PD,PD,D
9:06:21,MYOR,RG,1640,1,D,PD,CS,F
9:06:20,MYOR,RG,1645,4,D,PD,LG,D
9:06:20,MYOR,RG,1640,4,D,PD,CS,F
9:06:18,MYOR,RG,1640,15,D,PD,CS,F
9:06:17,MYOR,RG,1640,13,D,PD,KZ,F
9:06:16,MYOR,RG,1640,42,D,PD,CS,F
9:06:15,MYOR,RG,1640,2,D,PD,CS,F
9:06:14,MYOR,RG,1645,5,D,DR,LG,D
9:06:14,MYOR,RG,1645,3,D,XC,LG,D
9:06:14,MYOR,RG,1645,58,D,KK,LG,D
9:06:14,MYOR,RG,1645,21,D,YP,LG,D
9:06:14,MYOR,RG,1645,7,D,XL,LG,D
9:06:14,MYOR,RG,1645,18,D,CS,LG,D
9:06:14,MYOR,RG,1645,34,D,CC,LG,D
9:06:08,MYOR,RG,1645,6,D,CC,AK,F
9:06:08,MYOR,RG,1645,2,D,CC,CS,F
9:06:05,MYOR,RG,1650,5,D,SQ,XA,D
9:05:22,MYOR,RG,1645,2,D,CC,CS,F
9:05:21,MYOR,RG,1645,6,D,CC,CS,F
9:04:40,MYOR,RG,1645,1,D,CS,KZ,F
9:04:40,MYOR,RG,1645,1,D,CS,XC,D
9:04:40,MYOR,RG,1645,1,D,CS,KZ,F
9:04:40,MYOR,RG,1645,2,D,CS,KZ,F
9:04:40,MYOR,RG,1645,6,D,CS,KZ,F
9:04:40,MYOR,RG,1645,4,D,CS,YP,D
9:04:36,MYOR,RG,1640,6,D,PD,CS,F
9:04:34,MYOR,RG,1640,5,D,PD,KZ,F
9:04:34,MYOR,RG,1640,3,D,NI,KZ,F
9:04:33,MYOR,RG,1640,7,D,NI,CS,F
9:04:33,MYOR,RG,1640,4,D,CS,CS,F
9:04:33,MYOR,RG,1640,2,D,CS,CS,F
9:04:33,MYOR,RG,1640,2,D,CC,CS,F
9:04:32,MYOR,RG,1645,24,D,KK,YP,D
9:04:32,MYOR,RG,1645,28,D,KK,NI,D
9:04:23,MYOR,RG,1645,1,D,XC,NI,D
9:03:49,MYOR,RG,1640,1,D,CC,CS,F
9:03:41,MYOR,RG,1640,2,D,CC,KZ,F
9:03:38,MYOR,RG,1640,1,D,CC,CS,F
9:03:37,MYOR,RG,1640,1,D,CC,KZ,F
9:03:36,MYOR,RG,1640,1,D,CC,CS,F
9:03:36,MYOR,RG,1640,3,D,CC,CS,F
9:03:35,MYOR,RG,1640,1,D,CC,CS,F
9:03:35,MYOR,RG,1640,2,D,CC,CS,F
9:03:34,MYOR,RG,1640,8,D,CC,KZ,F
9:03:34,MYOR,RG,1645,1,D,XC,NI,D
9:03:34,MYOR,RG,1640,3,D,CC,CS,F
9:03:33,MYOR,RG,1640,5,D,CC,CS,F
9:03:33,MYOR,RG,1640,5,D,XC,CS,F
9:03:32,MYOR,RG,1640,10,D,XC,CS,F
9:03:31,MYOR,RG,1645,35,D,CS,NI,D
9:03:31,MYOR,RG,1645,13,D,CS,NI,D
9:03:31,MYOR,RG,1645,22,D,YP,NI,D
9:03:11,MYOR,RG,1645,1,D,YP,KZ,F
9:03:10,MYOR,RG,1645,1,D,YP,CS,F
9:03:06,MYOR,RG,1645,1,D,YP,KZ,F
9:03:01,MYOR,RG,1645,1,D,YP,CS,F
9:02:59,MYOR,RG,1645,5,D,YP,CS,F
9:02:58,MYOR,RG,1645,2,D,YP,KZ,F
9:02:57,MYOR,RG,1645,2,D,YP,CS,F
9:02:56,MYOR,RG,1645,13,D,YP,CS,F
9:02:56,MYOR,RG,1645,7,D,YP,AK,F
9:02:55,MYOR,RG,1645,2,D,YP,CS,F
9:02:55,MYOR,RG,1645,1,D,YP,KZ,F
9:02:55,MYOR,RG,1645,1,D,YP,KZ,F
9:02:55,MYOR,RG,1645,4,D,YP,KZ,F
9:02:55,MYOR,RG,1645,37,D,YP,BK,F
9:02:47,MYOR,RG,1645,1,D,CS,CS,F
9:02:47,MYOR,RG,1640,1,D,CS,CS,F
9:02:46,MYOR,RG,1645,1,D,CS,KZ,F
9:02:46,MYOR,RG,1640,1,D,CS,AT,D
9:02:46,MYOR,RG,1635,11,D,KK,CS,F
9:02:30,MYOR,RG,1630,2,D,YP,XC,D
9:02:20,MYOR,RG,1630,2,D,YP,XC,D
9:01:21,MYOR,RG,1630,7,D,YP,XL,D
9:01:09,MYOR,RG,1630,3,D,YP,KZ,F
9:01:08,MYOR,RG,1630,20,D,YP,YP,D
9:01:07,MYOR,RG,1630,3,D,YP,PD,D
9:01:02,MYOR,RG,1630,2,D,YP,CS,F
9:00:57,MYOR,RG,1620,2,D,GR,XL,D
9:00:57,MYOR,RG,1630,3,D,CS,XL,D
9:00:57,MYOR,RG,1630,3,D,XC,XL,D
9:00:42,MYOR,RG,1630,1,D,XC,CS,F
9:00:41,MYOR,RG,1630,4,D,XC,CS,F
9:00:35,MYOR,RG,1625,1,D,YP,CS,F
9:00:27,MYOR,RG,1625,1,D,XC,KZ,F
9:00:24,MYOR,RG,1625,6,D,XC,YP,D
9:00:24,MYOR,RG,1630,3,D,PD,YP,D
9:00:24,MYOR,RG,1630,1,D,XC,YP,D
9:00:21,MYOR,RG,1630,1,D,XC,KZ,F
9:00:17,MYOR,RG,1630,1,D,XC,KZ,F
9:00:15,MYOR,RG,1630,1,D,PD,CS,F
9:00:13,MYOR,RG,1630,1,D,CS,CS,F
9:00:13,MYOR,RG,1630,1,D,XC,CS,F
9:00:13,MYOR,RG,1630,2,F,AK,CS,F
9:00:11,MYOR,RG,1630,1,F,AK,KZ,F
9:00:10,MYOR,RG,1630,7,F,AK,CS,F
9:00:08,MYOR,RG,1630,1,F,AK,CS,F
9:00:08,MYOR,RG,1630,2,F,AK,XC,D
9:00:07,MYOR,RG,1630,1,F,AK,CS,F
9:00:05,MYOR,RG,1630,1,D,CS,KZ,F
9:00:05,MYOR,RG,1630,1,D,PD,KZ,F
9:00:04,MYOR,RG,1630,1,D,XC,KZ,F
9:00:01,MYOR,RG,1620,6,D,GR,XC,D
9:00:01,MYOR,RG,1620,13,D,GR,YB,D
9:00:01,MYOR,RG,1620,1,D,XC,YB,D
9:00:01,MYOR,RG,1620,11,D,EP,YB,D
9:00:01,MYOR,RG,1620,3,D,XC,YB,D
