Time,Stock,Brd,Price,Qty,BT,BC,SC,ST
15:13:02,MYOR,RG,1785,2,D,RX,YP,D
15:13:02,MYOR,RG,1785,4,D,RX,XC,D
15:13:02,MYOR,RG,1785,270,D,RX,ZP,D
15:12:59,MYOR,RG,1785,116,D,RX,ZP,D
15:12:56,MYOR,RG,1785,203,D,RX,ZP,D
15:12:54,MYOR,RG,1785,13,D,RX,ZP,D
15:12:52,MYOR,RG,1785,33,D,RX,ZP,D
15:12:49,MYOR,RG,1785,19,D,RX,ZP,D
15:12:47,MYOR,RG,1785,93,D,RX,ZP,D
15:12:46,MYOR,RG,1785,1,D,DR,ZP,D
15:12:45,MYOR,RG,1785,13,D,RX,ZP,D
15:12:44,MYOR,RG,1785,49,D,RX,ZP,D
15:12:41,MYOR,RG,1785,12,D,RX,ZP,D
15:12:40,MYOR,RG,1785,1,D,CC,ZP,D
15:12:38,MYOR,RG,1785,27,D,RX,ZP,D
15:12:37,MYOR,RG,1785,12,D,RX,ZP,D
15:12:34,MYOR,RG,1785,100,D,RX,ZP,D
15:12:29,MYOR,RG,1785,4,D,RX,ZP,D
15:12:28,MYOR,RG,1785,474,D,RX,ZP,D
15:12:25,MYOR,RG,1785,38,D,RX,ZP,D
15:12:11,MYOR,RG,1785,3,D,DR,ZP,D
15:10:51,MYOR,RG,1785,600,D,NI,ZP,D
15:09:13,MYOR,RG,1785,1,D,XC,ZP,D
15:08:34,MYOR,RG,1785,100,D,YU,ZP,D
15:07:59,MYOR,RG,1785,26,D,XC,ZP,D
15:07:33,MYOR,RG,1785,5,D,PD,ZP,D
15:06:43,MYOR,RG,1785,50,D,XC,ZP,D
15:05:29,MYOR,RG,1785,1,D,XC,ZP,D
15:05:18,MYOR,RG,1785,50,D,DR,ZP,D
15:04:56,MYOR,RG,1785,1,D,KK,ZP,D
15:04:50,MYOR,RG,1785,11,D,XL,ZP,D
15:04:50,MYOR,RG,1785,20,D,OD,ZP,D
15:04:50,MYOR,RG,1785,300,D,DR,ZP,D
15:04:50,MYOR,RG,1785,200,D,PD,ZP,D
15:04:50,MYOR,RG,1785,150,D,YP,ZP,D
15:04:50,MYOR,RG,1785,1,D,YP,ZP,D
15:04:50,MYOR,RG,1785,198,D,AK,ZP,D
15:04:50,MYOR,RG,1785,1805,D,AK,ZP,D
15:03:58,MYOR,RG,1785,110,D,AK,CC,D
15:03:01,MYOR,RG,1785,26,D,AK,YP,D
15:02:57,MYOR,RG,1785,50,D,AK,PC,D
15:02:45,MYOR,RG,1785,637,D,AK,ZP,D
15:02:44,MYOR,RG,1785,134,D,AK,ZP,D
15:02:44,MYOR,RG,1785,40,D,AK,ZP,D
15:02:42,MYOR,RG,1785,6,D,OD,ZP,D
15:02:13,MYOR,RG,1785,1,D,YP,ZP,D
15:02:12,MYOR,RG,1785,10,D,YP,ZP,D
15:02:12,MYOR,RG,1785,5,D,YP,ZP,D
15:02:12,MYOR,RG,1785,101,F,CC,ZP,D
15:02:12,MYOR,RG,1785,132,D,AK,ZP,D
15:02:12,MYOR,RG,1785,27,D,AK,ZP,D
15:02:12,MYOR,RG,1785,90,D,AK,ZP,D
15:02:12,MYOR,RG,1785,1548,D,AK,ZP,D
15:01:00,MYOR,RG,1785,203,D,AK,BQ,D
15:01:00,MYOR,RG,1785,135,F,YU,BQ,D
15:01:00,MYOR,RG,1785,73,D,CC,BQ,D
15:01:00,MYOR,RG,1785,1,D,CC,XC,D
15:00:00,MYOR,RG,1785,126,D,CC,DX,F
15:00:00,MYOR,RG,1785,10,D,CD,DX,F
15:00:00,MYOR,RG,1785,226,F,AK,DX,F
15:00:00,MYOR,RG,1785,20,D,XL,DX,F
15:00:00,MYOR,RG,1785,10,D,YP,DX,F
15:00:00,MYOR,RG,1785,1,D,CC,DX,F
15:00:00,MYOR,RG,1785,28,D,NI,DX,F
15:00:00,MYOR,RG,1785,1,D,XC,DX,F
15:00:00,MYOR,RG,1785,2,D,XL,DX,F
15:00:00,MYOR,RG,1785,5,D,CC,DX,F
15:00:00,MYOR,RG,1785,1,D,PD,DX,F
15:00:00,MYOR,RG,1785,1,D,XC,DX,F
15:00:00,MYOR,RG,1785,355,D,PD,DX,F
15:00:00,MYOR,RG,1785,3,D,NI,DX,F
15:00:00,MYOR,RG,1785,2,D,PD,DX,F
15:00:00,MYOR,RG,1785,11,D,XL,DX,F
15:00:00,MYOR,RG,1785,3,D,PD,DX,F
15:00:00,MYOR,RG,1785,1,D,YP,DX,F
15:00:00,MYOR,RG,1785,1,D,NI,DX,F
15:00:00,MYOR,RG,1785,40,D,CC,DX,F
15:00:00,MYOR,RG,1785,1,D,XC,DX,F
15:00:00,MYOR,RG,1785,221,F,YU,DX,F
15:00:00,MYOR,RG,1785,592,F,AK,DX,F
15:00:00,MYOR,RG,1785,220,F,YU,DX,F
15:00:00,MYOR,RG,1785,1588,F,ZP,DX,F
15:00:00,MYOR,RG,1785,22,F,YU,DX,F
15:00:00,MYOR,RG,1785,504,F,AK,DX,F
15:00:00,MYOR,RG,1785,76,F,AK,AK,F
15:00:00,MYOR,RG,1785,531,F,ZP,AK,F
15:00:00,MYOR,RG,1785,2146,F,ZP,DX,F
15:00:00,MYOR,RG,1785,1357,F,AK,DX,F
15:00:00,MYOR,RG,1785,4,F,AK,DX,F
15:00:00,MYOR,RG,1785,2,F,AK,DX,F
15:00:00,MYOR,RG,1785,5267,F,YU,DX,F
15:00:00,MYOR,RG,1785,546,F,RX,DX,F
15:00:00,MYOR,RG,1785,3255,F,RX,YU,F
15:00:00,MYOR,RG,1785,781,F,RX,BK,F
15:00:00,MYOR,RG,1785,88,F,RX,PD,D
15:00:00,MYOR,RG,1785,65,F,RX,LG,D
15:00:00,MYOR,RG,1785,265,F,RX,LG,D
14:49:45,MYOR,RG,1795,32,F,AK,ZP,D
14:49:45,MYOR,RG,1795,7,F,AK,ZP,D
14:49:38,MYOR,RG,1795,1,D,RX,ZP,D
14:49:35,MYOR,RG,1795,2,D,RX,ZP,D
14:49:35,MYOR,RG,1795,1,D,RX,ZP,D
14:49:35,MYOR,RG,1795,12,D,RX,ZP,D
14:49:35,MYOR,RG,1795,39,D,RX,ZP,D
14:49:35,MYOR,RG,1795,1,D,RX,ZP,D
14:49:35,MYOR,RG,1795,3,D,RX,ZP,D
14:49:35,MYOR,RG,1795,4,D,RX,ZP,D
14:49:35,MYOR,RG,1795,1,D,RX,ZP,D
14:49:35,MYOR,RG,1795,8,D,RX,ZP,D
14:49:35,MYOR,RG,1795,1,D,RX,ZP,D
14:49:35,MYOR,RG,1795,1,D,RX,ZP,D
14:49:35,MYOR,RG,1795,2,D,RX,ZP,D
14:49:35,MYOR,RG,1795,6,D,RX,ZP,D
14:49:35,MYOR,RG,1795,2,D,RX,ZP,D
14:49:35,MYOR,RG,1795,2,D,RX,ZP,D
14:49:35,MYOR,RG,1795,77,D,RX,ZP,D
14:49:35,MYOR,RG,1795,4,D,RX,ZP,D
14:49:35,MYOR,RG,1795,2,D,RX,ZP,D
14:49:35,MYOR,RG,1795,2,D,RX,ZP,D
14:49:35,MYOR,RG,1795,1,D,RX,ZP,D
14:49:35,MYOR,RG,1795,2,D,RX,ZP,D
14:49:35,MYOR,RG,1795,5,D,RX,ZP,D
14:49:35,MYOR,RG,1795,2,D,RX,ZP,D
14:49:35,MYOR,RG,1795,4,D,RX,ZP,D
14:49:35,MYOR,RG,1795,19,D,RX,ZP,D
14:49:35,MYOR,RG,1795,14,D,RX,ZP,D
14:49:35,MYOR,RG,1795,1,D,RX,ZP,D
14:49:35,MYOR,RG,1795,8,D,RX,ZP,D
14:49:35,MYOR,RG,1795,16,D,RX,ZP,D
14:49:35,MYOR,RG,1795,1,D,RX,ZP,D
14:49:35,MYOR,RG,1795,1,D,RX,ZP,D
14:49:35,MYOR,RG,1795,1,D,RX,ZP,D
14:49:35,MYOR,RG,1795,17,D,RX,CC,D
14:49:34,MYOR,RG,1795,1,D,RX,CC,D
14:49:34,MYOR,RG,1795,2,D,RX,CC,D
14:49:34,MYOR,RG,1795,1,D,RX,CC,D
14:49:34,MYOR,RG,1795,9,D,RX,CC,D
14:49:34,MYOR,RG,1795,22,D,RX,CC,D
14:49:34,MYOR,RG,1795,121,D,RX,CC,D
14:49:34,MYOR,RG,1795,1,D,RX,CC,D
14:49:33,MYOR,RG,1795,1,D,RX,CC,D
14:49:33,MYOR,RG,1795,1,D,RX,CC,D
14:49:33,MYOR,RG,1795,1,D,RX,CC,D
14:49:32,MYOR,RG,1795,2,D,RX,CC,D
14:49:32,MYOR,RG,1795,8,D,RX,CC,D
14:49:31,MYOR,RG,1795,1,D,RX,CC,D
14:49:31,MYOR,RG,1795,2,D,RX,CC,D
14:49:31,MYOR,RG,1795,1,D,RX,CC,D
14:49:31,MYOR,RG,1795,9,D,RX,CC,D
14:49:31,MYOR,RG,1795,8,D,RX,ZP,D
14:49:31,MYOR,RG,1795,1,D,RX,ZP,D
14:49:30,MYOR,RG,1795,1,D,RX,ZP,D
14:49:30,MYOR,RG,1795,1,D,RX,ZP,D
14:49:30,MYOR,RG,1795,2,D,RX,ZP,D
14:49:30,MYOR,RG,1795,4,D,RX,ZP,D
14:49:29,MYOR,RG,1795,1,D,RX,ZP,D
14:49:29,MYOR,RG,1795,28,D,RX,ZP,D
14:49:29,MYOR,RG,1795,1,D,RX,ZP,D
14:49:29,MYOR,RG,1790,5,D,RX,BK,D
14:49:29,MYOR,RG,1790,1,D,RX,BK,D
14:49:29,MYOR,RG,1790,2,D,RX,BK,D
14:49:29,MYOR,RG,1790,1,D,RX,BK,D
14:49:29,MYOR,RG,1790,1,D,RX,BK,D
14:49:28,MYOR,RG,1795,1,D,RX,ZP,D
14:49:27,MYOR,RG,1795,1,D,RX,ZP,D
14:49:26,MYOR,RG,1795,5,D,RX,ZP,D
14:49:26,MYOR,RG,1795,2,D,RX,ZP,D
14:49:26,MYOR,RG,1795,5,D,RX,ZP,D
14:49:26,MYOR,RG,1795,5,D,RX,ZP,D
14:49:24,MYOR,RG,1795,6,D,RX,ZP,D
14:49:23,MYOR,RG,1795,1,D,RX,ZP,D
14:49:23,MYOR,RG,1795,31,D,RX,ZP,D
14:49:23,MYOR,RG,1795,5,D,RX,ZP,D
14:49:20,MYOR,RG,1795,1,D,RX,ZP,D
14:49:20,MYOR,RG,1795,1,D,RX,ZP,D
14:49:20,MYOR,RG,1795,3,D,RX,ZP,D
14:49:20,MYOR,RG,1795,2,D,RX,ZP,D
14:49:20,MYOR,RG,1795,1,D,RX,ZP,D
14:49:20,MYOR,RG,1795,4,D,RX,ZP,D
14:49:19,MYOR,RG,1795,1,D,RX,ZP,D
14:49:18,MYOR,RG,1795,1,D,RX,ZP,D
14:49:18,MYOR,RG,1795,1,D,RX,ZP,D
14:49:18,MYOR,RG,1795,1,D,RX,ZP,D
14:49:18,MYOR,RG,1795,31,D,RX,ZP,D
14:49:18,MYOR,RG,1795,1,D,RX,ZP,D
14:49:17,MYOR,RG,1795,1,D,RX,ZP,D
14:49:17,MYOR,RG,1795,1,D,RX,ZP,D
14:49:16,MYOR,RG,1795,3,D,RX,ZP,D
14:49:16,MYOR,RG,1795,1,D,RX,ZP,D
14:49:16,MYOR,RG,1795,5,D,RX,ZP,D
14:49:16,MYOR,RG,1790,14,D,RX,DX,F
14:49:16,MYOR,RG,1790,2,D,RX,DX,F
14:49:16,MYOR,RG,1790,1,D,RX,DX,F
14:49:16,MYOR,RG,1790,2,D,RX,DX,F
14:49:16,MYOR,RG,1790,1,D,RX,DX,F
14:49:16,MYOR,RG,1790,1,D,RX,DX,F
14:49:16,MYOR,RG,1790,1,D,KK,DX,F
14:49:16,MYOR,RG,1790,45,F,AK,DX,F
14:49:15,MYOR,RG,1795,5,D,RX,ZP,D
14:49:15,MYOR,RG,1795,2,D,RX,ZP,D
14:49:15,MYOR,RG,1795,19,F,AK,ZP,D
14:49:15,MYOR,RG,1795,12,F,AK,ZP,D
14:49:14,MYOR,RG,1795,1,D,RX,ZP,D
14:49:14,MYOR,RG,1795,9,D,RX,ZP,D
14:49:14,MYOR,RG,1795,5,D,RX,ZP,D
14:49:12,MYOR,RG,1795,35,D,RX,ZP,D
14:49:12,MYOR,RG,1795,1,D,RX,ZP,D
14:49:12,MYOR,RG,1795,1,D,RX,ZP,D
14:49:11,MYOR,RG,1795,5,D,RX,ZP,D
14:49:10,MYOR,RG,1795,2,D,RX,ZP,D
14:49:10,MYOR,RG,1795,2,D,RX,ZP,D
14:49:10,MYOR,RG,1795,4,D,RX,ZP,D
14:49:10,MYOR,RG,1795,1,D,RX,ZP,D
14:49:10,MYOR,RG,1795,1,D,RX,ZP,D
14:49:10,MYOR,RG,1795,1,D,RX,ZP,D
14:49:10,MYOR,RG,1795,1,D,RX,ZP,D
14:49:10,MYOR,RG,1795,1,D,RX,ZP,D
14:49:09,MYOR,RG,1795,1,D,RX,ZP,D
14:49:09,MYOR,RG,1795,1,D,RX,ZP,D
14:49:08,MYOR,RG,1795,1,D,RX,ZP,D
14:49:08,MYOR,RG,1795,1,D,RX,ZP,D
14:49:08,MYOR,RG,1795,1,D,RX,ZP,D
14:49:07,MYOR,RG,1795,1,D,RX,ZP,D
14:49:07,MYOR,RG,1795,1,D,RX,ZP,D
14:49:07,MYOR,RG,1795,2,D,RX,ZP,D
14:49:07,MYOR,RG,1795,2,D,RX,ZP,D
14:49:07,MYOR,RG,1795,3,D,RX,ZP,D
14:49:06,MYOR,RG,1795,7,D,RX,ZP,D
14:49:06,MYOR,RG,1795,1,D,RX,ZP,D
14:49:06,MYOR,RG,1795,29,D,RX,ZP,D
14:49:06,MYOR,RG,1795,2,D,RX,ZP,D
14:49:06,MYOR,RG,1795,1,D,RX,ZP,D
14:49:06,MYOR,RG,1795,32,D,RX,ZP,D
14:49:05,MYOR,RG,1795,1,D,RX,ZP,D
14:49:05,MYOR,RG,1795,1,D,RX,ZP,D
14:49:05,MYOR,RG,1795,1,D,RX,ZP,D
14:49:05,MYOR,RG,1795,5,D,RX,ZP,D
14:49:05,MYOR,RG,1790,9,F,AK,BK,D
14:49:05,MYOR,RG,1790,1,D,PD,BK,D
14:49:05,MYOR,RG,1790,1,D,CC,BK,D
14:49:05,MYOR,RG,1790,2,D,XL,BK,D
14:49:04,MYOR,RG,1795,1,D,RX,ZP,D
14:49:04,MYOR,RG,1795,1,D,RX,ZP,D
14:49:03,MYOR,RG,1795,1,D,XC,ZP,D
14:49:01,MYOR,RG,1795,3,D,RX,ZP,D
14:49:00,MYOR,RG,1795,1,D,RX,ZP,D
14:48:59,MYOR,RG,1795,1,D,RX,ZP,D
14:48:59,MYOR,RG,1795,40,D,RX,ZP,D
14:48:58,MYOR,RG,1795,2,D,RX,ZP,D
14:48:58,MYOR,RG,1795,6,D,RX,ZP,D
14:48:58,MYOR,RG,1795,5,D,RX,ZP,D
14:48:58,MYOR,RG,1795,4,D,RX,ZP,D
14:48:58,MYOR,RG,1795,1,D,RX,ZP,D
14:48:58,MYOR,RG,1795,1,D,RX,ZP,D
14:48:58,MYOR,RG,1795,1,D,YP,ZP,D
14:48:57,MYOR,RG,1795,2,D,RX,ZP,D
14:48:56,MYOR,RG,1795,2,D,RX,ZP,D
14:48:56,MYOR,RG,1795,1,D,RX,ZP,D
14:48:55,MYOR,RG,1795,31,D,RX,ZP,D
14:48:55,MYOR,RG,1795,6,D,RX,ZP,D
14:48:55,MYOR,RG,1795,3,D,RX,ZP,D
14:48:55,MYOR,RG,1795,5,D,RX,ZP,D
14:48:54,MYOR,RG,1795,1,D,RX,ZP,D
14:48:54,MYOR,RG,1795,1,D,RX,ZP,D
14:48:54,MYOR,RG,1795,3,D,RX,ZP,D
14:48:54,MYOR,RG,1795,2,D,RX,ZP,D
14:48:54,MYOR,RG,1795,2,D,RX,ZP,D
14:48:53,MYOR,RG,1795,1,D,RX,ZP,D
14:48:53,MYOR,RG,1795,1,D,RX,ZP,D
14:48:52,MYOR,RG,1795,1,D,RX,ZP,D
14:48:52,MYOR,RG,1795,5,D,RX,BK,D
14:48:51,MYOR,RG,1795,1,D,RX,BK,D
14:48:50,MYOR,RG,1795,5,D,RX,BK,D
14:48:50,MYOR,RG,1795,2,D,RX,BK,D
14:48:49,MYOR,RG,1795,2,D,RX,BK,D
14:48:49,MYOR,RG,1795,28,D,RX,BK,D
14:48:49,MYOR,RG,1795,5,D,RX,ZP,D
14:48:49,MYOR,RG,1795,5,D,RX,ZP,D
14:48:48,MYOR,RG,1795,1,D,RX,ZP,D
14:48:48,MYOR,RG,1795,4,D,RX,ZP,D
14:48:47,MYOR,RG,1795,1,D,RX,ZP,D
14:48:47,MYOR,RG,1795,1,D,RX,ZP,D
14:48:47,MYOR,RG,1795,1,D,RX,ZP,D
14:48:45,MYOR,RG,1795,6,D,RX,ZP,D
14:48:45,MYOR,RG,1795,2,D,RX,ZP,D
14:48:44,MYOR,RG,1795,8,D,RX,ZP,D
14:48:43,MYOR,RG,1795,31,D,RX,ZP,D
14:48:43,MYOR,RG,1795,3,D,RX,ZP,D
14:48:41,MYOR,RG,1795,1,D,RX,ZP,D
14:48:41,MYOR,RG,1795,2,D,RX,ZP,D
14:48:41,MYOR,RG,1795,15,D,RX,ZP,D
14:48:41,MYOR,RG,1795,1,D,RX,ZP,D
14:48:40,MYOR,RG,1795,1,D,RX,ZP,D
14:48:40,MYOR,RG,1795,1,D,RX,ZP,D
14:48:40,MYOR,RG,1795,2,D,RX,ZP,D
14:48:39,MYOR,RG,1795,6,D,RX,ZP,D
14:48:39,MYOR,RG,1795,5,D,RX,ZP,D
14:48:38,MYOR,RG,1795,31,D,RX,ZP,D
14:48:38,MYOR,RG,1795,1,D,RX,ZP,D
14:48:38,MYOR,RG,1795,1,D,RX,ZP,D
14:48:37,MYOR,RG,1795,1,D,RX,ZP,D
14:48:37,MYOR,RG,1795,2,D,RX,ZP,D
14:48:37,MYOR,RG,1795,6,D,RX,ZP,D
14:48:37,MYOR,RG,1795,1,D,RX,ZP,D
14:48:36,MYOR,RG,1795,1,D,RX,ZP,D
14:48:35,MYOR,RG,1795,1,D,RX,ZP,D
14:48:35,MYOR,RG,1795,4,D,RX,ZP,D
14:48:34,MYOR,RG,1795,1,D,RX,ZP,D
14:48:34,MYOR,RG,1795,2,D,RX,ZP,D
14:48:34,MYOR,RG,1795,1,D,RX,ZP,D
14:48:33,MYOR,RG,1795,7,D,RX,ZP,D
14:48:32,MYOR,RG,1795,1,D,RX,ZP,D
14:48:32,MYOR,RG,1795,5,D,RX,ZP,D
14:48:32,MYOR,RG,1795,31,D,RX,ZP,D
14:48:31,MYOR,RG,1795,2,D,RX,ZP,D
14:48:30,MYOR,RG,1795,1,D,RX,ZP,D
14:48:30,MYOR,RG,1795,2,D,RX,ZP,D
14:48:30,MYOR,RG,1795,1,D,RX,ZP,D
14:48:30,MYOR,RG,1795,3,D,RX,ZP,D
14:48:30,MYOR,RG,1795,17,D,RX,ZP,D
14:48:29,MYOR,RG,1795,5,D,RX,ZP,D
14:48:29,MYOR,RG,1795,1,D,RX,ZP,D
14:48:28,MYOR,RG,1795,38,D,RX,ZP,D
14:48:28,MYOR,RG,1795,1,D,RX,ZP,D
14:48:27,MYOR,RG,1795,1,D,RX,ZP,D
14:48:27,MYOR,RG,1795,1,D,RX,ZP,D
14:48:26,MYOR,RG,1795,1,D,RX,ZP,D
14:48:26,MYOR,RG,1795,4,D,RX,ZP,D
14:48:26,MYOR,RG,1795,2,D,RX,ZP,D
14:48:26,MYOR,RG,1795,1,D,RX,ZP,D
14:48:26,MYOR,RG,1795,1,D,RX,ZP,D
14:48:25,MYOR,RG,1795,5,D,RX,ZP,D
14:48:25,MYOR,RG,1795,1,D,RX,ZP,D
14:48:24,MYOR,RG,1795,5,D,RX,ZP,D
14:48:23,MYOR,RG,1795,2,D,RX,ZP,D
14:48:21,MYOR,RG,1795,2,D,RX,ZP,D
14:48:20,MYOR,RG,1795,5,D,RX,ZP,D
14:48:20,MYOR,RG,1795,1,D,RX,ZP,D
14:48:19,MYOR,RG,1795,1,D,RX,ZP,D
14:48:19,MYOR,RG,1795,32,D,RX,ZP,D
14:48:19,MYOR,RG,1795,2,D,RX,ZP,D
14:48:19,MYOR,RG,1795,5,D,RX,ZP,D
14:48:18,MYOR,RG,1795,1,D,RX,ZP,D
14:48:18,MYOR,RG,1795,1,D,RX,ZP,D
14:48:17,MYOR,RG,1795,3,D,RX,ZP,D
14:48:17,MYOR,RG,1795,2,D,RX,ZP,D
14:48:17,MYOR,RG,1795,11,D,RX,ZP,D
14:48:17,MYOR,RG,1795,2,D,RX,ZP,D
14:48:17,MYOR,RG,1795,1,D,RX,ZP,D
14:48:17,MYOR,RG,1795,1,D,RX,ZP,D
14:48:17,MYOR,RG,1795,1,D,RX,ZP,D
14:48:17,MYOR,RG,1795,1,D,RX,ZP,D
14:48:16,MYOR,RG,1795,1,D,RX,ZP,D
14:48:16,MYOR,RG,1795,11,D,RX,ZP,D
14:48:16,MYOR,RG,1795,1,D,RX,ZP,D
14:48:15,MYOR,RG,1795,1,D,RX,ZP,D
14:48:15,MYOR,RG,1795,1,D,RX,ZP,D
14:48:15,MYOR,RG,1795,1,D,RX,ZP,D
14:48:15,MYOR,RG,1795,3,D,RX,ZP,D
14:48:15,MYOR,RG,1795,4,D,RX,ZP,D
14:48:15,MYOR,RG,1795,6,D,RX,ZP,D
14:48:14,MYOR,RG,1795,2,D,RX,ZP,D
14:48:14,MYOR,RG,1795,1,D,RX,ZP,D
14:48:14,MYOR,RG,1795,26,D,RX,ZP,D
14:48:13,MYOR,RG,1795,1,D,RX,ZP,D
14:48:13,MYOR,RG,1795,1,D,RX,ZP,D
14:48:12,MYOR,RG,1795,4,D,RX,ZP,D
14:48:12,MYOR,RG,1795,1,D,RX,ZP,D
14:48:12,MYOR,RG,1795,1,D,RX,ZP,D
14:48:11,MYOR,RG,1795,3,D,RX,ZP,D
14:48:11,MYOR,RG,1795,1,D,RX,ZP,D
14:48:10,MYOR,RG,1795,3,D,RX,ZP,D
14:48:09,MYOR,RG,1795,1,D,RX,ZP,D
14:48:09,MYOR,RG,1795,1,D,RX,ZP,D
14:48:08,MYOR,RG,1795,3,D,RX,ZP,D
14:48:08,MYOR,RG,1795,2,D,RX,ZP,D
14:48:08,MYOR,RG,1795,3,D,RX,ZP,D
14:48:07,MYOR,RG,1795,9,D,RX,ZP,D
14:48:06,MYOR,RG,1795,1,D,RX,ZP,D
14:48:06,MYOR,RG,1795,2,D,RX,ZP,D
14:48:06,MYOR,RG,1795,1,D,RX,ZP,D
14:48:06,MYOR,RG,1795,6,D,RX,ZP,D
14:48:05,MYOR,RG,1795,12,D,RX,ZP,D
14:48:05,MYOR,RG,1795,4,D,RX,ZP,D
14:48:05,MYOR,RG,1795,1,D,RX,ZP,D
14:48:04,MYOR,RG,1795,1,D,RX,ZP,D
14:48:03,MYOR,RG,1795,1,D,RX,ZP,D
14:48:03,MYOR,RG,1795,2,D,RX,ZP,D
14:48:03,MYOR,RG,1795,1,D,RX,ZP,D
14:48:02,MYOR,RG,1795,5,D,RX,ZP,D
14:48:02,MYOR,RG,1795,5,D,RX,ZP,D
14:48:02,MYOR,RG,1795,7,D,RX,BK,D
14:48:02,MYOR,RG,1795,1,D,RX,BK,D
14:48:02,MYOR,RG,1795,12,D,RX,BK,D
14:48:02,MYOR,RG,1795,24,D,RX,AK,F
14:48:01,MYOR,RG,1795,1,D,NI,AK,F
14:48:00,MYOR,RG,1795,1,D,RX,AK,F
14:48:00,MYOR,RG,1795,1,D,RX,AK,F
14:48:00,MYOR,RG,1795,1,D,RX,AK,F
14:48:00,MYOR,RG,1795,5,D,RX,AK,F
14:47:59,MYOR,RG,1795,4,D,RX,AK,F
14:47:58,MYOR,RG,1795,1,D,RX,AK,F
14:47:57,MYOR,RG,1795,3,D,RX,AK,F
14:47:57,MYOR,RG,1795,5,D,RX,AK,F
14:47:57,MYOR,RG,1795,2,D,RX,AK,F
14:47:57,MYOR,RG,1795,2,D,RX,AK,F
14:47:56,MYOR,RG,1795,23,D,RX,AK,F
14:47:56,MYOR,RG,1795,1,D,RX,AK,F
14:47:56,MYOR,RG,1795,4,D,RX,AK,F
14:47:56,MYOR,RG,1795,1,D,RX,AK,F
14:47:55,MYOR,RG,1795,5,D,RX,AK,F
14:47:54,MYOR,RG,1795,2,D,RX,AK,F
14:47:53,MYOR,RG,1795,1,D,RX,AK,F
14:47:53,MYOR,RG,1795,5,D,RX,AK,F
14:47:53,MYOR,RG,1795,1,D,RX,AK,F
14:47:52,MYOR,RG,1795,2,D,RX,AK,F
14:47:52,MYOR,RG,1795,14,D,RX,AK,F
14:47:51,MYOR,RG,1795,1,D,RX,AK,F
14:47:51,MYOR,RG,1795,3,D,RX,AK,F
14:47:50,MYOR,RG,1795,2,F,AK,AK,F
14:47:50,MYOR,RG,1795,5,D,RX,AK,F
14:47:50,MYOR,RG,1795,23,D,RX,ZP,D
14:47:50,MYOR,RG,1795,1,D,RX,ZP,D
14:47:50,MYOR,RG,1795,5,D,RX,ZP,D
14:47:49,MYOR,RG,1795,3,D,RX,ZP,D
14:47:48,MYOR,RG,1795,5,D,RX,ZP,D
14:47:48,MYOR,RG,1795,2,D,RX,ZP,D
14:47:47,MYOR,RG,1795,24,D,RX,ZP,D
14:47:46,MYOR,RG,1795,6,D,RX,ZP,D
14:47:45,MYOR,RG,1795,2,D,RX,ZP,D
14:47:45,MYOR,RG,1795,5,D,RX,ZP,D
14:47:45,MYOR,RG,1795,3,D,RX,ZP,D
14:47:45,MYOR,RG,1795,1,D,RX,ZP,D
14:47:44,MYOR,RG,1795,2,D,RX,ZP,D
14:47:44,MYOR,RG,1795,1,D,RX,ZP,D
14:47:43,MYOR,RG,1795,1,D,RX,ZP,D
14:47:43,MYOR,RG,1795,1,D,RX,ZP,D
14:47:43,MYOR,RG,1795,1,D,RX,ZP,D
14:47:42,MYOR,RG,1795,4,D,RX,ZP,D
14:47:41,MYOR,RG,1795,31,D,RX,ZP,D
14:47:41,MYOR,RG,1795,1,D,RX,ZP,D
14:47:41,MYOR,RG,1795,27,D,RX,ZP,D
14:47:40,MYOR,RG,1795,2,D,RX,ZP,D
14:47:40,MYOR,RG,1795,1,D,RX,ZP,D
14:47:40,MYOR,RG,1795,2,D,RX,ZP,D
14:47:40,MYOR,RG,1795,7,D,RX,ZP,D
14:47:39,MYOR,RG,1795,2,D,RX,ZP,D
14:47:38,MYOR,RG,1795,4,F,AK,ZP,D
14:47:38,MYOR,RG,1795,8,D,RX,ZP,D
14:47:38,MYOR,RG,1795,7,D,RX,ZP,D
14:47:38,MYOR,RG,1795,42,D,RX,ZP,D
14:47:35,MYOR,RG,1795,2,D,RX,ZP,D
14:47:35,MYOR,RG,1795,7,D,RX,ZP,D
14:47:33,MYOR,RG,1795,1,D,RX,ZP,D
14:47:32,MYOR,RG,1795,2,D,RX,ZP,D
14:47:31,MYOR,RG,1795,2,D,RX,ZP,D
14:47:30,MYOR,RG,1795,29,D,RX,ZP,D
14:47:30,MYOR,RG,1795,1,D,RX,ZP,D
14:47:23,MYOR,RG,1795,1,D,RX,ZP,D
14:47:12,MYOR,RG,1795,5,D,RX,ZP,D
14:47:12,MYOR,RG,1795,3,D,RX,ZP,D
14:47:12,MYOR,RG,1795,2,D,RX,ZP,D
14:47:12,MYOR,RG,1795,1,D,RX,ZP,D
14:47:12,MYOR,RG,1795,11,D,RX,ZP,D
14:47:12,MYOR,RG,1795,1,D,RX,ZP,D
14:47:12,MYOR,RG,1795,47,D,RX,ZP,D
14:47:12,MYOR,RG,1795,1,D,RX,ZP,D
14:47:12,MYOR,RG,1795,9,D,RX,ZP,D
14:47:12,MYOR,RG,1795,1,D,RX,ZP,D
14:47:12,MYOR,RG,1795,2,D,RX,ZP,D
14:47:12,MYOR,RG,1795,2,D,RX,ZP,D
14:47:12,MYOR,RG,1795,1,D,RX,ZP,D
14:47:12,MYOR,RG,1795,1,D,RX,ZP,D
14:47:12,MYOR,RG,1795,10,D,RX,ZP,D
14:47:12,MYOR,RG,1795,3,D,RX,ZP,D
14:47:12,MYOR,RG,1795,2,D,RX,ZP,D
14:47:12,MYOR,RG,1795,7,D,RX,ZP,D
14:47:12,MYOR,RG,1795,10,D,RX,ZP,D
14:47:12,MYOR,RG,1795,1,D,RX,ZP,D
14:47:12,MYOR,RG,1795,40,D,RX,ZP,D
14:47:12,MYOR,RG,1795,2,D,RX,ZP,D
14:47:12,MYOR,RG,1795,1,D,RX,ZP,D
14:47:12,MYOR,RG,1795,12,D,RX,ZP,D
14:47:12,MYOR,RG,1795,1,D,RX,ZP,D
14:47:12,MYOR,RG,1795,3,D,RX,ZP,D
14:47:12,MYOR,RG,1795,6,D,RX,ZP,D
14:47:12,MYOR,RG,1795,16,D,RX,ZP,D
14:47:12,MYOR,RG,1795,1,D,RX,ZP,D
14:47:12,MYOR,RG,1795,2,D,RX,ZP,D
14:47:12,MYOR,RG,1795,5,D,RX,ZP,D
14:47:12,MYOR,RG,1795,2,D,RX,ZP,D
14:47:12,MYOR,RG,1795,1,D,RX,ZP,D
14:47:12,MYOR,RG,1795,1,D,RX,ZP,D
14:47:12,MYOR,RG,1795,1,D,RX,ZP,D
14:47:12,MYOR,RG,1795,1,D,RX,ZP,D
14:47:12,MYOR,RG,1795,1,D,RX,ZP,D
14:47:12,MYOR,RG,1795,1,D,RX,ZP,D
14:47:12,MYOR,RG,1795,1,D,RX,ZP,D
14:47:12,MYOR,RG,1795,3,D,RX,ZP,D
14:47:12,MYOR,RG,1795,4,D,RX,ZP,D
14:47:12,MYOR,RG,1795,2,D,RX,ZP,D
14:47:12,MYOR,RG,1795,1,D,RX,ZP,D
14:47:12,MYOR,RG,1795,1,D,RX,ZP,D
14:47:12,MYOR,RG,1795,1,D,RX,ZP,D
14:47:12,MYOR,RG,1795,1,D,RX,ZP,D
14:47:11,MYOR,RG,1800,1,D,RX,ZP,D
14:47:11,MYOR,RG,1800,1,D,RX,ZP,D
14:47:10,MYOR,RG,1795,1,D,RX,AK,F
14:47:10,MYOR,RG,1800,5,D,RX,ZP,D
14:47:10,MYOR,RG,1800,1,D,RX,ZP,D
14:47:10,MYOR,RG,1800,1,D,RX,ZP,D
14:47:09,MYOR,RG,1800,3,D,RX,ZP,D
14:47:08,MYOR,RG,1800,2,D,RX,ZP,D
14:47:08,MYOR,RG,1800,1,D,RX,ZP,D
14:47:08,MYOR,RG,1800,2,D,RX,ZP,D
14:47:08,MYOR,RG,1800,3,D,RX,ZP,D
14:47:07,MYOR,RG,1800,1,D,RX,ZP,D
14:47:07,MYOR,RG,1800,17,D,RX,ZP,D
14:47:06,MYOR,RG,1800,43,D,RX,ZP,D
14:47:05,MYOR,RG,1800,2,D,RX,ZP,D
14:47:05,MYOR,RG,1800,1,D,RX,ZP,D
14:47:05,MYOR,RG,1800,31,D,RX,ZP,D
14:47:05,MYOR,RG,1800,1,D,RX,ZP,D
14:47:04,MYOR,RG,1800,3,D,RX,ZP,D
14:47:04,MYOR,RG,1800,1,D,RX,ZP,D
14:47:04,MYOR,RG,1800,2,D,RX,ZP,D
14:47:04,MYOR,RG,1800,2,D,RX,ZP,D
14:47:02,MYOR,RG,1800,8,D,RX,ZP,D
14:47:01,MYOR,RG,1800,7,D,RX,ZP,D
14:47:01,MYOR,RG,1800,5,D,RX,ZP,D
14:47:00,MYOR,RG,1800,2,D,RX,ZP,D
14:47:00,MYOR,RG,1800,7,D,RX,ZP,D
14:47:00,MYOR,RG,1800,1,D,RX,ZP,D
14:46:59,MYOR,RG,1800,3,D,RX,ZP,D
14:46:57,MYOR,RG,1800,1,D,RX,ZP,D
14:46:56,MYOR,RG,1800,2,D,RX,ZP,D
14:46:55,MYOR,RG,1800,1,D,RX,ZP,D
14:46:55,MYOR,RG,1800,1,D,RX,ZP,D
14:46:55,MYOR,RG,1800,1,D,RX,ZP,D
14:46:55,MYOR,RG,1800,1,D,RX,ZP,D
14:46:55,MYOR,RG,1800,1,D,RX,ZP,D
14:46:55,MYOR,RG,1800,2,D,RX,ZP,D
14:46:55,MYOR,RG,1800,10,D,RX,ZP,D
14:46:55,MYOR,RG,1800,1,D,RX,PD,D
14:46:55,MYOR,RG,1800,3,D,RX,BK,D
14:46:55,MYOR,RG,1800,1,D,RX,BK,D
14:46:54,MYOR,RG,1795,1,D,RX,BK,D
14:46:54,MYOR,RG,1795,19,D,RX,BK,D
14:46:54,MYOR,RG,1795,7,D,RX,BK,F
14:46:54,MYOR,RG,1795,5,D,RX,BK,F
14:46:53,MYOR,RG,1795,1,D,RX,BK,F
14:46:53,MYOR,RG,1795,1,D,RX,BK,F
14:46:53,MYOR,RG,1795,40,D,RX,BK,F
14:46:53,MYOR,RG,1795,1,D,RX,ZP,D
14:46:52,MYOR,RG,1795,1,D,RX,ZP,D
14:46:52,MYOR,RG,1795,1,D,RX,ZP,D
14:46:51,MYOR,RG,1795,1,D,RX,ZP,D
14:46:51,MYOR,RG,1795,6,D,RX,ZP,D
14:46:51,MYOR,RG,1795,5,D,RX,ZP,D
14:46:50,MYOR,RG,1795,6,D,RX,ZP,D
14:46:50,MYOR,RG,1795,1,D,RX,ZP,D
14:46:50,MYOR,RG,1795,3,D,RX,ZP,D
14:46:49,MYOR,RG,1795,7,D,RX,ZP,D
14:46:49,MYOR,RG,1795,1,D,RX,ZP,D
14:46:48,MYOR,RG,1795,1,D,RX,ZP,D
14:46:47,MYOR,RG,1795,2,D,RX,ZP,D
14:46:47,MYOR,RG,1795,6,D,RX,ZP,D
14:46:45,MYOR,RG,1795,1,D,RX,ZP,D
14:46:45,MYOR,RG,1795,3,D,RX,ZP,D
14:46:45,MYOR,RG,1795,1,D,RX,ZP,D
14:46:44,MYOR,RG,1795,2,D,RX,ZP,D
14:46:44,MYOR,RG,1795,1,D,RX,ZP,D
14:46:44,MYOR,RG,1795,21,D,RX,ZP,D
14:46:44,MYOR,RG,1795,2,D,RX,ZP,D
14:46:44,MYOR,RG,1795,3,D,RX,ZP,D
14:46:44,MYOR,RG,1795,42,D,RX,ZP,D
14:46:42,MYOR,RG,1795,2,D,RX,ZP,D
14:46:42,MYOR,RG,1795,1,D,RX,ZP,D
14:46:41,MYOR,RG,1795,4,D,RX,ZP,D
14:46:40,MYOR,RG,1795,28,D,RX,ZP,D
14:46:40,MYOR,RG,1795,6,D,RX,ZP,D
14:46:40,MYOR,RG,1795,4,D,RX,ZP,D
14:46:40,MYOR,RG,1795,1,D,RX,ZP,D
14:46:40,MYOR,RG,1795,6,D,RX,ZP,D
14:46:39,MYOR,RG,1795,1,D,RX,ZP,D
14:46:38,MYOR,RG,1795,3,D,RX,ZP,D
14:46:37,MYOR,RG,1795,1,D,RX,ZP,D
14:46:37,MYOR,RG,1795,2,D,RX,ZP,D
14:46:37,MYOR,RG,1795,1,D,RX,ZP,D
14:46:36,MYOR,RG,1795,1,D,RX,ZP,D
14:46:36,MYOR,RG,1795,1,D,RX,ZP,D
14:46:36,MYOR,RG,1795,5,D,RX,ZP,D
14:46:35,MYOR,RG,1795,5,D,RX,ZP,D
14:46:33,MYOR,RG,1795,1,D,RX,ZP,D
14:46:33,MYOR,RG,1795,1,D,RX,ZP,D
14:46:33,MYOR,RG,1795,1,D,RX,ZP,D
14:46:33,MYOR,RG,1795,1,D,RX,ZP,D
14:46:32,MYOR,RG,1795,1,D,RX,ZP,D
14:46:32,MYOR,RG,1795,5,D,RX,ZP,D
14:46:32,MYOR,RG,1795,1,D,RX,ZP,D
14:46:32,MYOR,RG,1795,2,D,RX,ZP,D
14:46:32,MYOR,RG,1795,1,D,RX,ZP,D
14:46:32,MYOR,RG,1795,2,D,RX,ZP,D
14:46:31,MYOR,RG,1795,29,D,RX,ZP,D
14:46:31,MYOR,RG,1795,2,D,RX,ZP,D
14:46:31,MYOR,RG,1795,2,D,RX,ZP,D
14:46:31,MYOR,RG,1795,6,D,RX,ZP,D
14:46:31,MYOR,RG,1795,7,F,AK,ZP,D
14:46:31,MYOR,RG,1795,71,D,CC,ZP,D
14:46:30,MYOR,RG,1795,1,D,RX,ZP,D
14:46:30,MYOR,RG,1795,1,D,RX,ZP,D
14:46:28,MYOR,RG,1795,6,D,RX,ZP,D
14:46:28,MYOR,RG,1795,28,D,RX,ZP,D
14:46:28,MYOR,RG,1795,15,D,RX,ZP,D
14:46:28,MYOR,RG,1795,4,D,RX,ZP,D
14:46:27,MYOR,RG,1795,1,D,RX,ZP,D
14:46:27,MYOR,RG,1795,2,D,RX,ZP,D
14:46:26,MYOR,RG,1795,7,D,RX,ZP,D
14:46:25,MYOR,RG,1795,4,D,RX,ZP,D
14:46:25,MYOR,RG,1795,3,D,RX,ZP,D
14:46:25,MYOR,RG,1795,1,D,RX,ZP,D
14:46:24,MYOR,RG,1795,1,D,RX,ZP,D
14:46:24,MYOR,RG,1795,1,D,RX,ZP,D
14:46:23,MYOR,RG,1795,1,D,RX,ZP,D
14:46:23,MYOR,RG,1795,1,D,RX,ZP,D
14:46:23,MYOR,RG,1795,1,D,RX,ZP,D
14:46:22,MYOR,RG,1795,38,D,RX,ZP,D
14:46:22,MYOR,RG,1795,1,D,RX,ZP,D
14:46:21,MYOR,RG,1795,2,D,RX,ZP,D
14:46:21,MYOR,RG,1795,1,D,RX,ZP,D
14:46:20,MYOR,RG,1795,4,D,RX,ZP,D
14:46:20,MYOR,RG,1795,2,D,RX,ZP,D
14:46:20,MYOR,RG,1795,1,D,RX,ZP,D
14:46:19,MYOR,RG,1795,1,D,RX,ZP,D
14:46:19,MYOR,RG,1795,3,D,RX,ZP,D
14:46:19,MYOR,RG,1795,1,D,RX,ZP,D
14:46:18,MYOR,RG,1795,1,D,PD,ZP,D
14:46:18,MYOR,RG,1795,1,D,RX,ZP,D
14:46:18,MYOR,RG,1795,1,D,RX,ZP,D
14:46:18,MYOR,RG,1795,7,D,RX,ZP,D
14:46:18,MYOR,RG,1795,4,D,RX,ZP,D
14:46:17,MYOR,RG,1795,5,D,RX,ZP,D
14:46:17,MYOR,RG,1795,24,D,RX,ZP,D
14:46:17,MYOR,RG,1795,1,D,RX,ZP,D
14:46:17,MYOR,RG,1795,1,D,RX,ZP,D
14:46:17,MYOR,RG,1795,13,D,RX,BK,D
14:46:15,MYOR,RG,1795,7,D,RX,BK,F
14:46:14,MYOR,RG,1795,3,D,RX,BK,F
14:46:13,MYOR,RG,1795,6,D,RX,BK,F
14:46:13,MYOR,RG,1795,1,D,RX,BK,F
14:46:13,MYOR,RG,1795,2,D,RX,BK,F
14:46:13,MYOR,RG,1795,1,D,RX,BK,F
14:46:12,MYOR,RG,1795,3,D,RX,BK,F
14:46:11,MYOR,RG,1795,1,D,RX,BK,F
14:46:11,MYOR,RG,1795,5,D,RX,BK,F
14:46:11,MYOR,RG,1795,2,D,RX,BK,F
14:46:10,MYOR,RG,1795,43,D,RX,BK,F
14:46:09,MYOR,RG,1795,1,D,RX,BK,F
14:46:09,MYOR,RG,1795,1,D,RX,BK,F
14:46:08,MYOR,RG,1795,21,D,RX,BK,F
14:46:07,MYOR,RG,1795,7,D,RX,BK,F
14:46:06,MYOR,RG,1795,5,D,RX,BK,F
14:46:06,MYOR,RG,1795,10,D,RX,ZP,D
14:46:06,MYOR,RG,1795,2,D,RX,ZP,D
14:46:05,MYOR,RG,1795,1,D,RX,ZP,D
14:46:04,MYOR,RG,1795,2,D,RX,ZP,D
14:46:02,MYOR,RG,1795,1,D,RX,ZP,D
14:46:02,MYOR,RG,1795,1,D,RX,ZP,D
14:46:02,MYOR,RG,1795,2,D,RX,ZP,D
14:46:01,MYOR,RG,1795,1,D,RX,ZP,D
14:46:01,MYOR,RG,1795,6,D,RX,ZP,D
14:46:01,MYOR,RG,1795,2,D,RX,ZP,D
14:46:00,MYOR,RG,1795,1,D,RX,ZP,D
14:45:58,MYOR,RG,1795,15,F,AK,ZP,D
14:45:58,MYOR,RG,1795,1,D,RX,ZP,D
14:45:58,MYOR,RG,1795,20,D,RX,ZP,D
14:45:52,MYOR,RG,1795,2,D,RX,ZP,D
14:45:51,MYOR,RG,1795,1,D,RX,ZP,D
14:45:44,MYOR,RG,1795,5,D,PD,ZP,D
14:45:15,MYOR,RG,1795,2,D,NI,ZP,D
14:45:12,MYOR,RG,1795,5,D,RX,ZP,D
14:45:12,MYOR,RG,1795,2,D,RX,ZP,D
14:45:12,MYOR,RG,1795,1,D,RX,ZP,D
14:45:12,MYOR,RG,1795,222,F,AK,ZP,D
14:45:12,MYOR,RG,1795,2,D,RX,ZP,D
14:45:12,MYOR,RG,1795,38,D,RX,ZP,D
14:45:12,MYOR,RG,1795,1,D,RX,ZP,D
14:45:12,MYOR,RG,1795,1,D,RX,ZP,D
14:45:12,MYOR,RG,1795,2,D,RX,ZP,D
14:45:12,MYOR,RG,1795,3,D,RX,ZP,D
14:45:12,MYOR,RG,1795,2,D,RX,ZP,D
14:45:12,MYOR,RG,1795,1,D,RX,ZP,D
14:45:12,MYOR,RG,1795,14,D,RX,ZP,D
14:45:12,MYOR,RG,1795,1,D,RX,ZP,D
14:45:12,MYOR,RG,1795,1,D,RX,ZP,D
14:45:12,MYOR,RG,1795,10,D,RX,ZP,D
14:45:12,MYOR,RG,1795,1,D,RX,ZP,D
14:45:12,MYOR,RG,1795,6,D,RX,ZP,D
14:45:12,MYOR,RG,1795,22,D,RX,ZP,D
14:45:12,MYOR,RG,1795,30,D,RX,ZP,D
14:45:12,MYOR,RG,1795,2,D,RX,ZP,D
14:45:12,MYOR,RG,1795,1,D,RX,ZP,D
14:45:12,MYOR,RG,1795,152,D,RX,ZP,D
14:45:12,MYOR,RG,1795,5,D,RX,ZP,D
14:45:12,MYOR,RG,1795,1,D,RX,ZP,D
14:45:12,MYOR,RG,1795,3,D,RX,ZP,D
14:45:12,MYOR,RG,1795,1,D,RX,ZP,D
14:45:12,MYOR,RG,1795,2,D,RX,ZP,D
14:45:12,MYOR,RG,1795,1,D,RX,ZP,D
14:45:12,MYOR,RG,1795,6,D,RX,ZP,D
14:45:12,MYOR,RG,1795,24,D,RX,ZP,D
14:45:12,MYOR,RG,1795,3,D,RX,ZP,D
14:45:12,MYOR,RG,1795,8,D,RX,ZP,D
14:45:12,MYOR,RG,1795,5,D,RX,ZP,D
14:45:12,MYOR,RG,1795,19,D,RX,ZP,D
14:45:12,MYOR,RG,1795,22,D,RX,ZP,D
14:45:12,MYOR,RG,1795,1,D,RX,ZP,D
14:45:12,MYOR,RG,1795,1,D,RX,ZP,D
14:45:12,MYOR,RG,1795,1,D,RX,ZP,D
14:45:12,MYOR,RG,1795,1,D,RX,ZP,D
14:45:12,MYOR,RG,1795,92,F,AK,ZP,D
14:45:12,MYOR,RG,1795,69,D,RX,ZP,D
14:45:12,MYOR,RG,1795,1,D,RX,ZP,D
14:45:12,MYOR,RG,1795,1,D,RX,ZP,D
14:45:12,MYOR,RG,1795,1,D,RX,ZP,D
14:45:12,MYOR,RG,1795,1,D,RX,ZP,D
14:45:12,MYOR,RG,1795,1,D,RX,ZP,D
14:45:12,MYOR,RG,1795,2,D,RX,ZP,D
14:45:12,MYOR,RG,1795,1,D,RX,ZP,D
14:45:12,MYOR,RG,1795,6,D,RX,ZP,D
14:45:12,MYOR,RG,1795,1,D,RX,ZP,D
14:45:12,MYOR,RG,1795,1,D,RX,ZP,D
14:45:12,MYOR,RG,1795,2,D,RX,ZP,D
14:45:12,MYOR,RG,1795,1,D,RX,ZP,D
14:45:12,MYOR,RG,1795,5,D,RX,ZP,D
14:45:12,MYOR,RG,1795,1,D,RX,ZP,D
14:45:12,MYOR,RG,1795,6,D,RX,ZP,D
14:45:12,MYOR,RG,1795,1,D,RX,ZP,D
14:45:12,MYOR,RG,1795,1,D,RX,ZP,D
14:45:12,MYOR,RG,1795,1,D,RX,ZP,D
14:45:12,MYOR,RG,1795,15,D,RX,ZP,D
14:45:12,MYOR,RG,1795,1,D,RX,ZP,D
14:45:12,MYOR,RG,1795,1,D,RX,ZP,D
14:45:12,MYOR,RG,1795,1,D,RX,ZP,D
14:45:12,MYOR,RG,1795,1,D,RX,ZP,D
14:45:12,MYOR,RG,1795,1,D,RX,ZP,D
14:45:12,MYOR,RG,1795,1,D,RX,ZP,D
14:45:12,MYOR,RG,1795,1,D,RX,ZP,D
14:45:12,MYOR,RG,1795,1,D,RX,ZP,D
14:45:12,MYOR,RG,1795,11,D,RX,ZP,D
14:45:12,MYOR,RG,1795,1,D,RX,ZP,D
14:45:12,MYOR,RG,1795,1,D,RX,ZP,D
14:45:12,MYOR,RG,1795,1,D,RX,ZP,D
14:45:12,MYOR,RG,1795,22,D,RX,ZP,D
14:45:12,MYOR,RG,1795,6,D,RX,ZP,D
14:45:12,MYOR,RG,1795,1,D,RX,ZP,D
14:45:12,MYOR,RG,1795,1,D,RX,ZP,D
14:45:12,MYOR,RG,1795,1,D,RX,ZP,D
14:45:12,MYOR,RG,1795,34,D,RX,ZP,D
14:45:12,MYOR,RG,1795,1,D,RX,ZP,D
14:45:12,MYOR,RG,1795,1,D,RX,ZP,D
14:45:12,MYOR,RG,1795,1,D,RX,ZP,D
14:45:12,MYOR,RG,1795,1,D,RX,ZP,D
14:45:11,MYOR,RG,1800,1,D,RX,BK,D
14:45:11,MYOR,RG,1800,8,D,RX,BK,D
14:45:10,MYOR,RG,1800,1,D,RX,BK,D
14:45:10,MYOR,RG,1800,1,D,RX,BK,D
14:45:10,MYOR,RG,1800,2,D,RX,BK,D
14:45:10,MYOR,RG,1800,5,D,RX,ZP,D
14:45:10,MYOR,RG,1800,1,D,RX,ZP,D
14:45:10,MYOR,RG,1800,5,D,RX,ZP,D
14:45:09,MYOR,RG,1800,2,D,RX,ZP,D
14:45:09,MYOR,RG,1800,2,D,RX,ZP,D
14:45:09,MYOR,RG,1800,5,D,RX,ZP,D
14:45:07,MYOR,RG,1800,2,D,RX,ZP,D
14:45:06,MYOR,RG,1800,1,D,RX,ZP,D
14:45:06,MYOR,RG,1800,1,D,RX,ZP,D
14:45:06,MYOR,RG,1800,1,D,RX,ZP,D
14:45:05,MYOR,RG,1800,31,D,RX,ZP,D
14:45:04,MYOR,RG,1800,2,D,RX,ZP,D
14:45:03,MYOR,RG,1800,1,D,RX,ZP,D
14:45:03,MYOR,RG,1800,13,D,RX,ZP,D
14:45:03,MYOR,RG,1800,4,D,RX,ZP,D
14:45:02,MYOR,RG,1800,8,D,RX,ZP,D
14:45:00,MYOR,RG,1800,1,D,RX,ZP,D
14:45:00,MYOR,RG,1800,2,D,RX,ZP,D
14:45:00,MYOR,RG,1800,1,D,RX,ZP,D
14:45:00,MYOR,RG,1800,7,D,RX,ZP,D
14:45:00,MYOR,RG,1800,1,D,RX,ZP,D
14:44:59,MYOR,RG,1800,1,D,RX,ZP,D
14:44:59,MYOR,RG,1800,20,D,RX,ZP,D
14:44:58,MYOR,RG,1800,1,D,RX,ZP,D
14:44:57,MYOR,RG,1800,2,D,RX,ZP,D
14:44:57,MYOR,RG,1800,1,D,RX,ZP,D
14:44:57,MYOR,RG,1800,1,D,GR,ZP,D
14:44:56,MYOR,RG,1800,2,D,RX,ZP,D
14:44:56,MYOR,RG,1800,6,D,RX,ZP,D
14:44:56,MYOR,RG,1800,1,D,RX,ZP,D
14:44:55,MYOR,RG,1800,5,D,RX,ZP,D
14:44:55,MYOR,RG,1800,10,D,RX,ZP,D
14:44:54,MYOR,RG,1800,1,D,RX,ZP,D
14:44:53,MYOR,RG,1800,1,D,RX,ZP,D
14:44:53,MYOR,RG,1800,31,D,RX,ZP,D
14:44:52,MYOR,RG,1800,1,D,RX,ZP,D
14:44:52,MYOR,RG,1800,1,D,RX,ZP,D
14:44:52,MYOR,RG,1800,2,D,RX,ZP,D
14:44:52,MYOR,RG,1800,3,D,RX,ZP,D
14:44:49,MYOR,RG,1800,1,D,RX,ZP,D
14:44:49,MYOR,RG,1800,12,D,RX,ZP,D
14:44:49,MYOR,RG,1800,4,D,RX,ZP,D
14:44:49,MYOR,RG,1800,2,D,RX,ZP,D
14:44:48,MYOR,RG,1800,1,D,RX,ZP,D
14:44:47,MYOR,RG,1800,20,D,RX,ZP,D
14:44:47,MYOR,RG,1800,1,D,RX,ZP,D
14:44:46,MYOR,RG,1800,1,D,RX,ZP,D
14:44:45,MYOR,RG,1800,9,D,RX,ZP,D
14:44:44,MYOR,RG,1800,2,D,RX,ZP,D
14:44:44,MYOR,RG,1800,2,D,RX,ZP,D
14:44:43,MYOR,RG,1800,1,D,RX,ZP,D
14:44:43,MYOR,RG,1800,2,D,RX,ZP,D
14:44:42,MYOR,RG,1800,1,D,RX,ZP,D
14:44:41,MYOR,RG,1800,1,D,RX,ZP,D
14:44:40,MYOR,RG,1800,1,D,RX,ZP,D
14:44:39,MYOR,RG,1800,3,D,RX,ZP,D
14:44:39,MYOR,RG,1800,6,D,RX,BK,D
14:44:39,MYOR,RG,1800,1,D,RX,BK,D
14:44:39,MYOR,RG,1800,1,D,RX,BK,D
14:44:39,MYOR,RG,1800,1,D,RX,BK,D
14:44:38,MYOR,RG,1800,5,D,RX,BK,D
14:44:38,MYOR,RG,1800,1,D,RX,BK,D
14:44:37,MYOR,RG,1795,12,D,RX,BK,D
14:44:37,MYOR,RG,1795,5,D,RX,NI,D
14:44:37,MYOR,RG,1795,1,D,RX,BK,F
14:44:37,MYOR,RG,1795,1,D,RX,BK,F
14:44:36,MYOR,RG,1795,2,D,RX,BK,F
14:44:35,MYOR,RG,1795,2,D,RX,BK,F
14:44:35,MYOR,RG,1795,5,D,RX,BK,F
14:44:35,MYOR,RG,1795,22,D,RX,BK,D
14:44:34,MYOR,RG,1795,13,D,RX,BK,D
14:44:34,MYOR,RG,1795,1,D,RX,CS,D
14:44:34,MYOR,RG,1795,9,D,RX,ZP,D
14:44:34,MYOR,RG,1795,5,D,RX,ZP,D
14:44:32,MYOR,RG,1795,1,D,RX,ZP,D
14:44:32,MYOR,RG,1795,1,D,RX,ZP,D
14:44:31,MYOR,RG,1795,4,D,RX,ZP,D
14:44:31,MYOR,RG,1795,4,D,RX,ZP,D
14:44:31,MYOR,RG,1795,1,D,RX,ZP,D
14:44:30,MYOR,RG,1795,1,D,RX,ZP,D
14:44:30,MYOR,RG,1795,1,D,RX,ZP,D
14:44:29,MYOR,RG,1795,2,D,RX,ZP,D
14:44:29,MYOR,RG,1795,2,D,RX,ZP,D
14:44:27,MYOR,RG,1795,1,D,RX,ZP,D
14:44:27,MYOR,RG,1795,1,D,RX,ZP,D
14:44:27,MYOR,RG,1795,2,D,RX,ZP,D
14:44:26,MYOR,RG,1795,1,D,RX,ZP,D
14:44:26,MYOR,RG,1795,1,D,RX,ZP,D
14:44:26,MYOR,RG,1795,6,D,RX,ZP,D
14:44:23,MYOR,RG,1795,32,D,RX,ZP,D
14:44:23,MYOR,RG,1795,1,D,RX,ZP,D
14:44:22,MYOR,RG,1795,4,D,RX,ZP,D
14:44:21,MYOR,RG,1795,2,D,RX,ZP,D
14:44:19,MYOR,RG,1795,1,D,RX,ZP,D
14:44:18,MYOR,RG,1795,1,D,RX,ZP,D
14:44:18,MYOR,RG,1795,20,D,RX,ZP,D
14:44:18,MYOR,RG,1795,5,D,RX,ZP,D
14:44:16,MYOR,RG,1795,5,D,RX,ZP,D
14:44:16,MYOR,RG,1795,2,D,RX,ZP,D
14:44:16,MYOR,RG,1795,6,D,RX,ZP,D
14:44:16,MYOR,RG,1795,1,D,RX,ZP,D
14:44:15,MYOR,RG,1795,1,D,RX,ZP,D
14:44:15,MYOR,RG,1795,4,D,RX,ZP,D
14:44:15,MYOR,RG,1795,2,D,RX,ZP,D
14:44:15,MYOR,RG,1795,1,D,RX,ZP,D
14:44:14,MYOR,RG,1795,1,D,RX,ZP,D
14:44:13,MYOR,RG,1795,1,D,RX,ZP,D
14:44:13,MYOR,RG,1795,2,D,RX,ZP,D
14:44:13,MYOR,RG,1795,1,D,RX,ZP,D
14:44:12,MYOR,RG,1795,4,D,RX,ZP,D
14:44:10,MYOR,RG,1795,1,D,RX,ZP,D
14:44:10,MYOR,RG,1795,1,D,RX,ZP,D
14:44:10,MYOR,RG,1795,1,D,RX,ZP,D
14:44:09,MYOR,RG,1795,1,D,RX,ZP,D
14:44:09,MYOR,RG,1795,7,D,RX,ZP,D
14:44:09,MYOR,RG,1795,5,D,RX,ZP,D
14:44:09,MYOR,RG,1795,1,D,RX,ZP,D
14:44:08,MYOR,RG,1795,1,D,RX,ZP,D
14:44:08,MYOR,RG,1795,1,D,RX,ZP,D
14:44:07,MYOR,RG,1795,25,D,RX,ZP,D
14:44:06,MYOR,RG,1795,14,D,RX,ZP,D
14:44:05,MYOR,RG,1795,27,D,RX,ZP,D
14:44:05,MYOR,RG,1795,2,D,RX,ZP,D
14:44:04,MYOR,RG,1795,4,D,RX,ZP,D
14:44:03,MYOR,RG,1795,2,D,RX,ZP,D
14:44:03,MYOR,RG,1795,1,D,RX,ZP,D
14:44:02,MYOR,RG,1795,1,D,RX,ZP,D
14:44:01,MYOR,RG,1795,9,D,RX,ZP,D
14:44:01,MYOR,RG,1795,1,D,RX,ZP,D
14:43:59,MYOR,RG,1795,1,D,RX,ZP,D
14:43:59,MYOR,RG,1795,2,D,RX,ZP,D
14:43:58,MYOR,RG,1795,6,D,RX,ZP,D
14:43:58,MYOR,RG,1795,1,D,RX,ZP,D
14:43:58,MYOR,RG,1795,1,D,RX,ZP,D
14:43:57,MYOR,RG,1795,8,D,RX,ZP,D
14:43:56,MYOR,RG,1795,1,D,RX,ZP,D
14:43:56,MYOR,RG,1795,1,D,RX,ZP,D
14:43:56,MYOR,RG,1795,1,D,RX,ZP,D
14:43:55,MYOR,RG,1795,1,D,RX,ZP,D
14:43:55,MYOR,RG,1795,2,D,RX,ZP,D
14:43:55,MYOR,RG,1795,6,D,RX,ZP,D
14:43:54,MYOR,RG,1795,27,D,RX,ZP,D
14:43:51,MYOR,RG,1795,2,D,RX,ZP,D
14:43:50,MYOR,RG,1795,13,D,RX,ZP,D
14:43:49,MYOR,RG,1795,25,D,RX,ZP,D
14:43:49,MYOR,RG,1795,1,D,RX,ZP,D
14:43:49,MYOR,RG,1795,1,D,RX,ZP,D
14:43:49,MYOR,RG,1795,1,D,RX,ZP,D
14:43:48,MYOR,RG,1795,1,D,RX,ZP,D
14:43:47,MYOR,RG,1795,5,D,RX,ZP,D
14:43:46,MYOR,RG,1795,1,D,RX,ZP,D
14:43:45,MYOR,RG,1795,2,D,RX,ZP,D
14:43:44,MYOR,RG,1795,1,D,RX,ZP,D
14:43:44,MYOR,RG,1795,1,D,RX,ZP,D
14:43:44,MYOR,RG,1795,4,D,RX,ZP,D
14:43:44,MYOR,RG,1795,3,D,RX,ZP,D
14:43:43,MYOR,RG,1795,1,D,RX,ZP,D
14:43:43,MYOR,RG,1795,1,D,RX,ZP,D
14:43:42,MYOR,RG,1795,1,D,RX,ZP,D
14:43:42,MYOR,RG,1795,1,D,RX,ZP,D
14:43:42,MYOR,RG,1795,1,D,RX,ZP,D
14:43:42,MYOR,RG,1795,1,D,RX,ZP,D
14:43:42,MYOR,RG,1795,1,D,RX,ZP,D
14:43:40,MYOR,RG,1795,23,D,RX,ZP,D
14:43:39,MYOR,RG,1795,2,D,RX,ZP,D
14:43:38,MYOR,RG,1795,8,D,RX,ZP,D
14:43:37,MYOR,RG,1795,2,D,RX,ZP,D
14:43:36,MYOR,RG,1795,2,D,PD,ZP,D
14:43:34,MYOR,RG,1795,1,D,RX,ZP,D
14:43:33,MYOR,RG,1795,1,D,RX,ZP,D
14:43:32,MYOR,RG,1795,23,D,RX,ZP,D
14:43:32,MYOR,RG,1795,14,D,RX,ZP,D
14:43:31,MYOR,RG,1795,6,D,RX,ZP,D
14:43:31,MYOR,RG,1795,4,D,RX,ZP,D
14:43:31,MYOR,RG,1795,1,D,RX,ZP,D
14:43:31,MYOR,RG,1795,6,D,RX,ZP,D
14:43:31,MYOR,RG,1795,1,D,RX,ZP,D
14:43:31,MYOR,RG,1795,1,D,RX,ZP,D
14:43:31,MYOR,RG,1795,4,D,RX,ZP,D
14:43:29,MYOR,RG,1795,1,D,RX,ZP,D
14:43:29,MYOR,RG,1795,2,D,RX,ZP,D
14:43:29,MYOR,RG,1795,1,D,RX,ZP,D
14:43:27,MYOR,RG,1795,1,D,RX,ZP,D
14:43:27,MYOR,RG,1795,1,D,RX,ZP,D
14:43:27,MYOR,RG,1795,24,D,RX,ZP,D
14:43:27,MYOR,RG,1795,4,D,RX,BK,D
14:43:27,MYOR,RG,1795,2,D,RX,BK,D
14:43:27,MYOR,RG,1795,3,D,RX,BK,D
14:43:26,MYOR,RG,1795,1,D,RX,BK,D
14:43:26,MYOR,RG,1795,1,D,RX,BK,D
14:43:26,MYOR,RG,1795,1,D,RX,BK,D
14:43:26,MYOR,RG,1795,4,D,RX,BK,D
14:43:25,MYOR,RG,1795,1,D,RX,BK,D
14:43:24,MYOR,RG,1795,1,D,RX,BK,D
14:43:23,MYOR,RG,1795,1,D,RX,BK,D
14:43:23,MYOR,RG,1795,2,D,RX,BK,D
14:43:18,MYOR,RG,1795,10,D,RX,BK,D
14:43:18,MYOR,RG,1795,3,D,RX,CS,D
14:43:18,MYOR,RG,1795,2,D,RX,CS,D
14:43:18,MYOR,RG,1795,12,D,RX,KK,D
14:43:17,MYOR,RG,1795,1,D,RX,KK,D
14:43:16,MYOR,RG,1795,2,D,RX,KK,D
14:43:16,MYOR,RG,1795,8,D,RX,KK,D
14:43:15,MYOR,RG,1795,21,D,RX,BK,D
14:43:15,MYOR,RG,1795,1,D,RX,BK,D
14:43:15,MYOR,RG,1795,1,D,RX,BK,D
14:43:14,MYOR,RG,1795,1,D,RX,BK,D
14:43:14,MYOR,RG,1795,2,D,RX,BK,D
14:43:13,MYOR,RG,1795,1,D,RX,BK,D
14:43:13,MYOR,RG,1795,2,D,RX,BK,D
14:43:13,MYOR,RG,1795,29,D,RX,BK,F
14:43:13,MYOR,RG,1795,7,D,RX,BK,F
14:43:13,MYOR,RG,1795,8,D,RX,BK,F
14:43:12,MYOR,RG,1795,8,D,RX,BK,F
14:43:12,MYOR,RG,1795,5,D,RX,BK,F
14:43:11,MYOR,RG,1795,6,D,RX,BK,F
14:43:11,MYOR,RG,1795,2,D,RX,BK,F
14:43:10,MYOR,RG,1795,1,D,RX,BK,F
14:43:10,MYOR,RG,1795,3,D,RX,BK,F
14:43:09,MYOR,RG,1795,3,D,RX,BK,F
14:43:04,MYOR,RG,1795,1,D,XC,BK,F
14:43:01,MYOR,RG,1795,1,D,RX,BK,F
14:43:01,MYOR,RG,1795,1,D,RX,BK,F
14:43:01,MYOR,RG,1795,20,D,RX,BK,F
14:43:00,MYOR,RG,1795,2,D,RX,BK,F
14:43:00,MYOR,RG,1795,1,D,RX,BK,F
14:42:58,MYOR,RG,1795,1,D,RX,BK,F
14:42:57,MYOR,RG,1795,16,D,RX,BK,F
14:42:15,MYOR,RG,1795,1,D,RX,BK,F
14:42:14,MYOR,RG,1795,2,D,RX,BK,F
14:42:13,MYOR,RG,1795,1,D,RX,BK,F
14:42:12,MYOR,RG,1795,1,D,RX,BK,F
14:42:11,MYOR,RG,1795,45,D,RX,BK,F
14:42:11,MYOR,RG,1795,1,D,RX,BK,F
14:42:10,MYOR,RG,1795,5,D,RX,BK,F
14:42:09,MYOR,RG,1795,2,D,RX,BK,F
14:42:09,MYOR,RG,1795,2,D,RX,BK,F
14:42:08,MYOR,RG,1795,17,D,RX,BK,F
14:42:08,MYOR,RG,1795,1,D,RX,BK,F
14:42:07,MYOR,RG,1795,2,D,RX,BK,F
14:42:05,MYOR,RG,1795,51,D,RX,BK,F
14:42:01,MYOR,RG,1795,19,D,RX,BK,F
14:42:01,MYOR,RG,1795,1,D,RX,BK,F
14:42:01,MYOR,RG,1795,10,D,RX,BK,F
14:42:01,MYOR,RG,1795,9,D,RX,BK,F
14:41:59,MYOR,RG,1795,2,D,RX,BK,F
14:41:59,MYOR,RG,1795,11,D,RX,BK,F
14:41:59,MYOR,RG,1795,1,D,RX,BK,F
14:41:57,MYOR,RG,1795,2,D,RX,BK,F
14:41:56,MYOR,RG,1795,7,D,RX,BK,F
14:41:55,MYOR,RG,1795,1,D,RX,BK,F
14:41:55,MYOR,RG,1795,25,D,RX,BK,D
14:41:54,MYOR,RG,1795,6,D,PD,BK,D
14:41:53,MYOR,RG,1795,8,D,RX,BK,D
14:41:52,MYOR,RG,1795,1,D,RX,BK,D
14:41:51,MYOR,RG,1795,17,D,RX,BK,D
14:41:48,MYOR,RG,1795,3,D,RX,BK,D
14:41:45,MYOR,RG,1795,1,D,RX,BK,D
14:41:45,MYOR,RG,1795,2,D,RX,BK,D
14:41:45,MYOR,RG,1795,1,D,RX,CS,D
14:41:45,MYOR,RG,1795,1,D,RX,CS,D
14:41:43,MYOR,RG,1795,1,D,RX,CS,D
14:41:42,MYOR,RG,1795,1,D,RX,CS,D
14:41:41,MYOR,RG,1790,1,D,RX,BK,F
14:41:41,MYOR,RG,1790,1,D,RX,BK,F
14:41:41,MYOR,RG,1790,4,D,RX,BK,F
14:41:41,MYOR,RG,1790,1,D,XL,BK,F
14:41:41,MYOR,RG,1790,9,D,CC,BK,F
14:41:39,MYOR,RG,1795,1,D,RX,CS,D
14:41:39,MYOR,RG,1795,2,D,RX,CS,D
14:41:39,MYOR,RG,1795,17,D,RX,ZP,D
14:41:39,MYOR,RG,1795,1,D,RX,ZP,D
14:41:35,MYOR,RG,1795,12,D,RX,ZP,D
14:41:35,MYOR,RG,1795,1,D,RX,ZP,D
14:41:34,MYOR,RG,1795,1,D,RX,ZP,D
14:41:30,MYOR,RG,1795,1,D,RX,ZP,D
14:41:28,MYOR,RG,1795,1,D,RX,ZP,D
14:41:26,MYOR,RG,1795,8,D,RX,ZP,D
14:41:26,MYOR,RG,1795,22,D,RX,ZP,D
14:41:23,MYOR,RG,1795,9,D,RX,ZP,D
14:41:21,MYOR,RG,1795,6,D,PD,ZP,D
14:41:21,MYOR,RG,1795,1,D,RX,ZP,D
14:41:21,MYOR,RG,1795,1,D,RX,ZP,D
14:41:21,MYOR,RG,1795,1,D,RX,ZP,D
14:41:16,MYOR,RG,1795,1,D,RX,ZP,D
14:41:16,MYOR,RG,1790,23,D,CC,BK,F
14:41:15,MYOR,RG,1795,9,D,RX,ZP,D
14:41:12,MYOR,RG,1795,19,D,RX,ZP,D
14:41:11,MYOR,RG,1795,1,D,RX,ZP,D
14:41:10,MYOR,RG,1795,1,D,RX,ZP,D
14:41:09,MYOR,RG,1790,12,D,CC,BK,F
14:41:07,MYOR,RG,1795,5,D,RX,ZP,D
14:41:07,MYOR,RG,1795,3,D,RX,ZP,D
14:41:06,MYOR,RG,1795,1,D,RX,ZP,D
14:41:06,MYOR,RG,1795,30,D,RX,ZP,D
14:41:03,MYOR,RG,1795,18,F,AK,ZP,D
14:41:00,MYOR,RG,1795,21,D,RX,ZP,D
14:40:59,MYOR,RG,1795,1,D,RX,ZP,D
14:40:58,MYOR,RG,1795,1,D,RX,ZP,D
14:40:52,MYOR,RG,1795,1,D,RX,ZP,D
14:40:50,MYOR,RG,1795,1,D,RX,ZP,D
14:40:42,MYOR,RG,1795,1,D,RX,ZP,D
14:40:39,MYOR,RG,1790,6,D,CC,BK,F
14:40:39,MYOR,RG,1790,8,D,XL,BK,F
14:40:37,MYOR,RG,1795,5,D,RX,ZP,D
14:40:36,MYOR,RG,1795,4,D,RX,ZP,D
14:40:33,MYOR,RG,1795,8,D,RX,ZP,D
14:40:32,MYOR,RG,1795,2,D,RX,ZP,D
14:40:31,MYOR,RG,1795,1,D,RX,ZP,D
14:40:31,MYOR,RG,1795,14,D,RX,ZP,D
14:40:30,MYOR,RG,1795,9,D,RX,ZP,D
14:40:29,MYOR,RG,1795,1,D,RX,ZP,D
14:40:28,MYOR,RG,1795,8,D,RX,ZP,D
14:40:25,MYOR,RG,1795,1,D,RX,ZP,D
14:40:20,MYOR,RG,1795,1,D,RX,ZP,D
14:39:58,MYOR,RG,1790,1,D,XL,XC,D
14:39:58,MYOR,RG,1790,1,D,RX,XC,D
14:39:58,MYOR,RG,1790,1,D,RX,XC,D
14:39:58,MYOR,RG,1790,1,D,RX,XC,D
14:39:58,MYOR,RG,1790,1,D,RX,XC,D
14:39:58,MYOR,RG,1790,1,D,RX,XC,D
14:39:58,MYOR,RG,1790,9,D,SQ,XC,D
14:39:56,MYOR,RG,1800,1,D,XL,BK,F
14:38:23,MYOR,RG,1790,23,D,SQ,BK,F
14:38:18,MYOR,RG,1790,30,D,SQ,BK,F
14:38:15,MYOR,RG,1790,38,D,SQ,BK,F
14:38:15,MYOR,RG,1790,99,D,CC,BK,F
14:38:15,MYOR,RG,1790,2,D,XL,BK,F
14:38:15,MYOR,RG,1790,3,D,NI,BK,F
14:38:13,MYOR,RG,1795,13,D,RX,ZP,D
14:38:13,MYOR,RG,1795,1,D,RX,ZP,D
14:38:13,MYOR,RG,1795,1,D,NI,ZP,D
14:38:13,MYOR,RG,1795,1,D,RX,ZP,D
14:38:13,MYOR,RG,1795,3,D,RX,ZP,D
14:38:13,MYOR,RG,1795,1,D,RX,ZP,D
14:38:13,MYOR,RG,1795,118,F,AK,ZP,D
14:38:13,MYOR,RG,1795,118,F,AK,ZP,D
14:38:13,MYOR,RG,1795,17,D,RX,ZP,D
14:38:13,MYOR,RG,1795,42,D,RX,ZP,D
14:38:13,MYOR,RG,1795,12,D,RX,ZP,D
14:38:13,MYOR,RG,1795,47,D,RX,ZP,D
14:38:13,MYOR,RG,1795,2,D,RX,ZP,D
14:38:13,MYOR,RG,1795,275,D,RX,ZP,D
14:38:13,MYOR,RG,1795,9,D,RX,ZP,D
14:38:13,MYOR,RG,1795,5,D,RX,ZP,D
14:38:13,MYOR,RG,1795,48,D,RX,ZP,D
14:38:13,MYOR,RG,1795,3,D,RX,ZP,D
14:38:13,MYOR,RG,1795,10,D,RX,ZP,D
14:38:13,MYOR,RG,1795,10,D,RX,ZP,D
14:38:13,MYOR,RG,1795,18,D,RX,ZP,D
14:38:13,MYOR,RG,1795,4,D,RX,ZP,D
14:38:13,MYOR,RG,1795,18,D,RX,ZP,D
14:38:13,MYOR,RG,1795,2,D,RX,ZP,D
14:38:13,MYOR,RG,1795,1,D,RX,ZP,D
14:38:13,MYOR,RG,1795,119,D,RX,ZP,D
14:38:13,MYOR,RG,1795,2,D,RX,ZP,D
14:38:13,MYOR,RG,1795,22,D,RX,ZP,D
14:38:13,MYOR,RG,1795,1,D,RX,ZP,D
14:38:13,MYOR,RG,1795,2,D,RX,ZP,D
14:38:13,MYOR,RG,1795,1,D,RX,ZP,D
14:38:13,MYOR,RG,1795,3,D,RX,ZP,D
14:38:13,MYOR,RG,1795,19,D,RX,ZP,D
14:38:13,MYOR,RG,1795,2,D,RX,ZP,D
14:38:13,MYOR,RG,1795,2,D,RX,ZP,D
14:38:13,MYOR,RG,1795,4,D,RX,ZP,D
14:38:13,MYOR,RG,1795,7,D,RX,ZP,D
14:38:13,MYOR,RG,1795,9,D,RX,ZP,D
14:38:13,MYOR,RG,1795,62,D,RX,ZP,D
14:38:13,MYOR,RG,1795,1,D,RX,ZP,D
14:38:13,MYOR,RG,1795,2,D,RX,ZP,D
14:38:13,MYOR,RG,1795,7,D,RX,ZP,D
14:38:13,MYOR,RG,1795,1,D,RX,ZP,D
14:38:13,MYOR,RG,1795,1,D,RX,ZP,D
14:38:13,MYOR,RG,1795,1,D,RX,ZP,D
14:38:13,MYOR,RG,1795,1,D,RX,ZP,D
14:38:13,MYOR,RG,1795,4,D,RX,ZP,D
14:38:13,MYOR,RG,1795,1,D,RX,ZP,D
14:38:13,MYOR,RG,1795,1,D,RX,ZP,D
14:38:13,MYOR,RG,1795,1,D,RX,ZP,D
14:38:13,MYOR,RG,1795,1,D,RX,ZP,D
14:38:13,MYOR,RG,1795,2,D,RX,ZP,D
14:38:13,MYOR,RG,1795,1,D,RX,ZP,D
14:38:13,MYOR,RG,1795,1,D,RX,ZP,D
14:38:13,MYOR,RG,1795,1,D,RX,ZP,D
14:38:13,MYOR,RG,1795,224,D,SQ,ZP,D
14:38:12,MYOR,RG,1800,4,D,RX,BK,F
14:38:11,MYOR,RG,1800,1,D,RX,BK,F
14:38:09,MYOR,RG,1800,2,D,RX,BK,F
14:38:09,MYOR,RG,1800,4,D,RX,BK,F
14:38:08,MYOR,RG,1800,3,D,RX,BK,F
14:38:08,MYOR,RG,1800,5,D,RX,XL,D
14:38:08,MYOR,RG,1800,10,D,RX,XC,D
14:38:07,MYOR,RG,1800,1,D,RX,NI,D
14:38:07,MYOR,RG,1800,1,D,RX,NI,D
14:38:04,MYOR,RG,1800,1,D,RX,NI,D
14:38:04,MYOR,RG,1800,2,D,RX,NI,D
14:38:02,MYOR,RG,1800,5,D,RX,NI,D
14:38:02,MYOR,RG,1800,1,D,RX,XC,D
14:38:02,MYOR,RG,1800,1,D,RX,XL,D
14:38:02,MYOR,RG,1800,3,D,RX,PD,D
14:38:02,MYOR,RG,1800,10,D,RX,XC,D
14:37:54,MYOR,RG,1800,24,D,RX,XC,D
14:37:54,MYOR,RG,1800,1,D,RX,XC,D
14:37:49,MYOR,RG,1800,1,D,RX,XC,D
14:37:46,MYOR,RG,1800,5,D,RX,XC,D
14:37:45,MYOR,RG,1800,9,D,RX,XC,D
14:37:45,MYOR,RG,1800,11,D,RX,AK,F
14:37:44,MYOR,RG,1800,1,D,RX,AK,F
14:37:43,MYOR,RG,1800,1,D,RX,AK,F
14:37:38,MYOR,RG,1800,4,D,RX,AK,F
14:37:37,MYOR,RG,1795,100,D,SQ,YP,D
14:37:37,MYOR,RG,1795,22,D,SQ,BK,D
14:37:37,MYOR,RG,1795,1,D,SQ,CS,D
14:37:37,MYOR,RG,1795,122,D,SQ,BK,F
14:37:37,MYOR,RG,1795,3,D,SQ,CS,D
14:37:37,MYOR,RG,1795,26,D,SQ,BK,D
14:37:37,MYOR,RG,1795,2,D,SQ,ZP,D
14:37:36,MYOR,RG,1795,1,D,RX,ZP,D
14:37:34,MYOR,RG,1795,14,D,RX,ZP,D
14:37:31,MYOR,RG,1795,1,D,RX,ZP,D
14:37:28,MYOR,RG,1795,4,D,RX,ZP,D
14:37:27,MYOR,RG,1795,50,D,RX,ZP,D
14:37:26,MYOR,RG,1795,2,D,RX,ZP,D
14:37:25,MYOR,RG,1795,1,D,RX,ZP,D
14:37:20,MYOR,RG,1795,3,D,RX,ZP,D
14:37:20,MYOR,RG,1795,2,D,RX,ZP,D
14:37:19,MYOR,RG,1795,43,D,RX,ZP,D
14:37:19,MYOR,RG,1795,13,D,RX,ZP,D
14:37:17,MYOR,RG,1795,1,D,RX,ZP,D
14:37:16,MYOR,RG,1795,1,D,RX,ZP,D
14:37:16,MYOR,RG,1795,5,D,RX,ZP,D
14:37:16,MYOR,RG,1795,2,D,RX,ZP,D
14:37:15,MYOR,RG,1795,1,D,RX,ZP,D
14:37:13,MYOR,RG,1795,14,D,RX,ZP,D
14:37:12,MYOR,RG,1795,1,D,RX,ZP,D
14:37:12,MYOR,RG,1795,2,D,RX,ZP,D
14:37:11,MYOR,RG,1795,3,D,RX,ZP,D
14:37:11,MYOR,RG,1795,29,D,RX,ZP,D
14:37:10,MYOR,RG,1795,10,D,RX,ZP,D
14:37:08,MYOR,RG,1795,1,D,RX,ZP,D
14:37:08,MYOR,RG,1795,14,D,RX,ZP,D
14:37:04,MYOR,RG,1795,13,D,RX,ZP,D
14:37:04,MYOR,RG,1795,2,D,RX,ZP,D
14:37:04,MYOR,RG,1795,1,D,RX,ZP,D
14:37:02,MYOR,RG,1795,14,D,RX,ZP,D
14:37:02,MYOR,RG,1795,5,D,RX,NI,D
14:37:02,MYOR,RG,1795,5,D,RX,NI,D
14:37:02,MYOR,RG,1795,1,D,RX,DX,F
14:36:58,MYOR,RG,1795,1,D,RX,DX,F
14:36:56,MYOR,RG,1795,1,D,RX,DX,F
14:36:54,MYOR,RG,1795,1,D,RX,DX,F
14:36:51,MYOR,RG,1795,2,D,RX,DX,F
14:36:50,MYOR,RG,1795,18,D,RX,DX,F
14:36:48,MYOR,RG,1795,1,D,RX,DX,F
14:36:48,MYOR,RG,1795,3,D,RX,DX,F
14:36:47,MYOR,RG,1795,2,D,RX,DX,F
14:36:44,MYOR,RG,1795,2,D,NI,DX,F
14:36:41,MYOR,RG,1795,3,D,RX,DX,F
14:36:41,MYOR,RG,1795,17,D,RX,BK,D
14:36:40,MYOR,RG,1795,10,F,AK,BK,D
14:36:40,MYOR,RG,1795,11,F,AK,BK,F
14:36:40,MYOR,RG,1795,13,D,RX,BK,F
14:36:39,MYOR,RG,1795,1,D,RX,BK,F
14:36:35,MYOR,RG,1795,1,D,RX,BK,F
14:36:31,MYOR,RG,1795,1,D,RX,BK,F
14:36:28,MYOR,RG,1795,23,D,RX,BK,F
14:36:26,MYOR,RG,1795,2,D,RX,BK,F
14:36:25,MYOR,RG,1795,1,D,RX,BK,F
14:36:24,MYOR,RG,1795,1,D,SQ,BK,F
14:36:22,MYOR,RG,1795,3,D,RX,BK,F
14:36:21,MYOR,RG,1795,1,D,RX,BK,F
14:36:21,MYOR,RG,1795,10,D,RX,BK,F
14:36:20,MYOR,RG,1795,23,D,RX,BK,F
14:36:20,MYOR,RG,1795,18,D,RX,BK,F
14:36:14,MYOR,RG,1795,1,D,RX,BK,F
14:36:12,MYOR,RG,1795,1,D,RX,BK,F
14:36:11,MYOR,RG,1795,1,D,RX,BK,F
14:36:09,MYOR,RG,1795,1,D,RX,BK,F
14:36:09,MYOR,RG,1795,11,D,RX,BK,F
14:36:02,MYOR,RG,1795,1,D,RX,BK,F
14:36:02,MYOR,RG,1795,2,D,RX,BK,F
14:36:01,MYOR,RG,1795,10,D,RX,BK,F
14:35:59,MYOR,RG,1795,3,D,RX,BK,F
14:35:58,MYOR,RG,1795,16,D,RX,BK,F
14:35:58,MYOR,RG,1795,1,D,RX,CS,D
14:35:58,MYOR,RG,1795,2,D,RX,CS,D
14:35:56,MYOR,RG,1795,5,D,RX,CS,D
14:35:56,MYOR,RG,1795,17,D,RX,BK,D
14:35:56,MYOR,RG,1795,1,D,RX,BK,D
14:35:53,MYOR,RG,1795,2,D,RX,BK,D
14:35:53,MYOR,RG,1795,8,D,RX,ZP,D
14:35:48,MYOR,RG,1795,1,D,RX,ZP,D
14:35:45,MYOR,RG,1795,4,D,RX,ZP,D
14:35:43,MYOR,RG,1795,1,D,RX,ZP,D
14:35:39,MYOR,RG,1795,2,D,RX,ZP,D
14:35:36,MYOR,RG,1795,8,D,RX,ZP,D
14:35:36,MYOR,RG,1790,1,D,RX,IF,D
14:35:34,MYOR,RG,1795,17,D,RX,ZP,D
14:35:34,MYOR,RG,1795,2,D,RX,ZP,D
14:35:33,MYOR,RG,1795,2,D,RX,ZP,D
14:35:31,MYOR,RG,1795,23,D,RX,ZP,D
14:35:30,MYOR,RG,1795,3,D,RX,ZP,D
14:35:29,MYOR,RG,1795,16,D,RX,ZP,D
14:35:25,MYOR,RG,1795,1,D,RX,ZP,D
14:35:20,MYOR,RG,1795,11,D,RX,ZP,D
14:35:19,MYOR,RG,1795,1,D,RX,ZP,D
14:35:12,MYOR,RG,1795,15,D,RX,ZP,D
14:35:12,MYOR,RG,1795,2,D,RX,ZP,D
14:35:08,MYOR,RG,1795,1,D,RX,ZP,D
14:35:08,MYOR,RG,1795,18,D,RX,ZP,D
14:35:04,MYOR,RG,1795,10,D,RX,ZP,D
14:35:03,MYOR,RG,1795,1,D,RX,ZP,D
14:35:00,MYOR,RG,1795,1,D,RX,ZP,D
14:34:59,MYOR,RG,1795,12,D,RX,ZP,D
14:34:59,MYOR,RG,1795,1,D,RX,ZP,D
14:34:59,MYOR,RG,1795,3,D,RX,ZP,D
14:34:58,MYOR,RG,1795,1,D,RX,ZP,D
14:34:57,MYOR,RG,1795,1,D,RX,ZP,D
14:34:56,MYOR,RG,1795,5,D,RX,ZP,D
14:34:55,MYOR,RG,1795,18,D,RX,ZP,D
14:34:53,MYOR,RG,1795,1,D,RX,ZP,D
14:34:51,MYOR,RG,1795,16,D,RX,ZP,D
14:34:51,MYOR,RG,1795,20,D,RX,ZP,D
14:34:49,MYOR,RG,1795,2,D,RX,ZP,D
14:34:45,MYOR,RG,1795,10,D,RX,ZP,D
14:34:43,MYOR,RG,1795,4,D,RX,ZP,D
14:34:42,MYOR,RG,1795,1,D,RX,ZP,D
14:34:40,MYOR,RG,1795,1,D,RX,ZP,D
14:34:38,MYOR,RG,1795,1,D,RX,ZP,D
14:34:37,MYOR,RG,1795,5,D,RX,ZP,D
14:34:37,MYOR,RG,1795,2,D,RX,BK,D
14:34:37,MYOR,RG,1795,12,D,RX,BK,D
14:34:37,MYOR,RG,1795,3,D,RX,BK,F
14:34:35,MYOR,RG,1795,14,D,RX,BK,F
14:34:34,MYOR,RG,1795,1,D,RX,BK,F
14:34:29,MYOR,RG,1795,2,D,RX,BK,F
14:34:23,MYOR,RG,1795,1,D,RX,BK,F
14:34:22,MYOR,RG,1795,33,D,RX,BK,F
14:34:21,MYOR,RG,1795,2,D,RX,BK,F
14:34:20,MYOR,RG,1795,18,D,RX,BK,F
14:34:20,MYOR,RG,1795,16,D,RX,BK,F
14:34:18,MYOR,RG,1795,3,D,RX,BK,F
14:34:16,MYOR,RG,1795,2,D,RX,BK,F
14:34:09,MYOR,RG,1795,6,D,RX,BK,F
14:34:09,MYOR,RG,1795,6,D,RX,DX,F
14:34:07,MYOR,RG,1795,1,D,RX,DX,F
14:34:06,MYOR,RG,1795,1,D,RX,DX,F
14:34:05,MYOR,RG,1795,2,D,RX,DX,F
14:34:04,MYOR,RG,1795,1,D,RX,DX,F
14:33:59,MYOR,RG,1795,1,D,RX,DX,F
14:33:54,MYOR,RG,1795,1,D,PD,DX,F
14:32:27,MYOR,RG,1785,18,D,PD,BK,F
14:32:25,MYOR,RG,1785,33,D,PD,BK,F
14:32:21,MYOR,RG,1785,94,D,PD,BK,F
14:32:21,MYOR,RG,1785,2,D,XC,BK,F
14:32:21,MYOR,RG,1785,3,D,PD,BK,F
14:32:21,MYOR,RG,1785,3,D,XL,BK,F
14:32:21,MYOR,RG,1785,1,D,YP,BK,F
14:32:21,MYOR,RG,1785,2,D,PD,BK,F
14:32:21,MYOR,RG,1785,30,D,DR,BK,F
14:32:21,MYOR,RG,1785,1,D,LG,BK,F
14:32:21,MYOR,RG,1785,1,D,YP,BK,F
14:32:21,MYOR,RG,1785,15,D,SQ,BK,F
14:32:21,MYOR,RG,1785,2,D,PD,BK,F
14:32:21,MYOR,RG,1785,1,D,CC,BK,F
14:32:21,MYOR,RG,1785,2,D,YP,BK,F
14:32:21,MYOR,RG,1785,7,D,KK,BK,F
14:32:20,MYOR,RG,1790,12,F,AK,BK,D
14:32:19,MYOR,RG,1790,12,D,RX,BK,F
14:32:17,MYOR,RG,1790,1,D,RX,ZP,D
14:32:17,MYOR,RG,1790,1,D,RX,ZP,D
14:32:17,MYOR,RG,1790,5,D,RX,ZP,D
14:32:17,MYOR,RG,1790,141,F,AK,ZP,D
14:32:17,MYOR,RG,1790,103,D,CC,ZP,D
14:32:17,MYOR,RG,1790,3,D,RX,ZP,D
14:32:17,MYOR,RG,1790,1,D,RX,ZP,D
14:32:17,MYOR,RG,1790,1,D,RX,ZP,D
14:32:17,MYOR,RG,1790,1,D,RX,ZP,D
14:32:17,MYOR,RG,1790,1,D,RX,ZP,D
14:32:17,MYOR,RG,1790,30,D,XL,ZP,D
14:32:17,MYOR,RG,1790,14,D,RX,ZP,D
14:32:17,MYOR,RG,1790,293,F,AK,ZP,D
14:32:17,MYOR,RG,1790,1,D,RX,ZP,D
14:32:17,MYOR,RG,1790,5,D,RX,ZP,D
14:32:17,MYOR,RG,1790,15,D,RX,ZP,D
14:32:17,MYOR,RG,1790,19,D,RX,ZP,D
14:32:17,MYOR,RG,1790,1,D,RX,ZP,D
14:32:17,MYOR,RG,1790,115,D,RX,ZP,D
14:32:17,MYOR,RG,1790,4,D,RX,ZP,D
14:32:17,MYOR,RG,1790,2,D,RX,ZP,D
14:32:17,MYOR,RG,1790,1,D,RX,ZP,D
14:32:17,MYOR,RG,1790,3,D,RX,ZP,D
14:32:17,MYOR,RG,1790,23,D,RX,ZP,D
14:32:17,MYOR,RG,1790,1,D,RX,ZP,D
14:32:17,MYOR,RG,1790,8,D,RX,ZP,D
14:32:17,MYOR,RG,1790,4,D,RX,ZP,D
14:32:17,MYOR,RG,1790,14,D,RX,ZP,D
14:32:17,MYOR,RG,1790,19,D,RX,ZP,D
14:32:17,MYOR,RG,1790,1,D,RX,ZP,D
14:32:17,MYOR,RG,1790,2,D,RX,ZP,D
14:32:17,MYOR,RG,1790,95,D,RX,ZP,D
14:32:17,MYOR,RG,1790,3,D,RX,ZP,D
14:32:17,MYOR,RG,1790,16,D,RX,ZP,D
14:32:17,MYOR,RG,1790,1,D,RX,ZP,D
14:32:17,MYOR,RG,1790,2,D,RX,ZP,D
14:32:17,MYOR,RG,1790,9,D,RX,ZP,D
14:32:17,MYOR,RG,1790,2,D,RX,ZP,D
14:32:17,MYOR,RG,1790,9,D,RX,ZP,D
14:32:17,MYOR,RG,1790,1,D,RX,ZP,D
14:32:17,MYOR,RG,1790,1,D,RX,ZP,D
14:32:17,MYOR,RG,1790,3,D,RX,ZP,D
14:32:17,MYOR,RG,1790,55,D,RX,ZP,D
14:32:17,MYOR,RG,1790,2,D,RX,ZP,D
14:32:17,MYOR,RG,1790,7,D,RX,ZP,D
14:32:17,MYOR,RG,1790,1,D,RX,ZP,D
14:32:17,MYOR,RG,1790,1,D,RX,ZP,D
14:32:17,MYOR,RG,1790,1,D,RX,ZP,D
14:32:17,MYOR,RG,1790,1,D,RX,ZP,D
14:32:17,MYOR,RG,1790,1,D,RX,ZP,D
14:32:17,MYOR,RG,1790,4,D,RX,ZP,D
14:32:17,MYOR,RG,1790,9,D,RX,ZP,D
14:32:17,MYOR,RG,1790,43,D,RX,ZP,D
14:32:17,MYOR,RG,1790,3,D,RX,ZP,D
14:32:17,MYOR,RG,1790,1,D,RX,ZP,D
14:32:17,MYOR,RG,1790,1,D,RX,ZP,D
14:32:17,MYOR,RG,1790,1,D,RX,ZP,D
14:32:17,MYOR,RG,1790,18,D,RX,ZP,D
14:32:17,MYOR,RG,1790,1,D,RX,ZP,D
14:32:17,MYOR,RG,1790,10,D,RX,ZP,D
14:32:17,MYOR,RG,1790,1,D,RX,ZP,D
14:32:17,MYOR,RG,1790,2,D,RX,ZP,D
14:32:17,MYOR,RG,1790,1,D,RX,ZP,D
14:32:17,MYOR,RG,1790,1,D,SQ,ZP,D
14:32:17,MYOR,RG,1790,10,D,PD,ZP,D
14:32:17,MYOR,RG,1790,55,D,CC,ZP,D
14:32:17,MYOR,RG,1790,95,D,CC,ZP,D
14:32:17,MYOR,RG,1790,6,D,TP,ZP,D
14:32:17,MYOR,RG,1790,3,D,NI,ZP,D
14:32:17,MYOR,RG,1790,1,D,PD,ZP,D
14:32:17,MYOR,RG,1790,10,D,PD,ZP,D
14:32:15,MYOR,RG,1795,20,D,RX,DX,F
14:32:15,MYOR,RG,1795,1,D,RX,DX,F
14:32:15,MYOR,RG,1795,1,D,RX,DX,F
14:32:12,MYOR,RG,1795,10,D,RX,DX,F
14:32:12,MYOR,RG,1795,4,D,RX,DX,F
14:32:10,MYOR,RG,1795,1,D,RX,DX,F
14:32:10,MYOR,RG,1795,1,D,RX,DX,F
14:32:10,MYOR,RG,1795,1,D,RX,CS,D
14:32:10,MYOR,RG,1795,5,D,RX,BK,D
14:32:09,MYOR,RG,1795,5,D,RX,BK,D
14:32:08,MYOR,RG,1795,4,D,RX,BK,D
14:32:08,MYOR,RG,1795,6,D,RX,BK,D
14:32:08,MYOR,RG,1795,3,D,RX,CS,D
14:32:07,MYOR,RG,1795,1,D,RX,CS,D
14:32:07,MYOR,RG,1795,1,D,RX,CS,D
14:32:07,MYOR,RG,1795,1,D,RX,CS,D
14:32:07,MYOR,RG,1795,1,D,RX,CS,D
14:32:05,MYOR,RG,1795,12,D,RX,BK,D
14:32:05,MYOR,RG,1795,1,D,RX,BK,D
14:32:04,MYOR,RG,1795,1,D,RX,BK,D
14:32:02,MYOR,RG,1795,5,D,RX,BK,D
14:32:00,MYOR,RG,1795,1,D,RX,BK,D
14:32:00,MYOR,RG,1795,35,D,RX,DX,F
14:32:00,MYOR,RG,1795,4,D,RX,BK,D
14:31:59,MYOR,RG,1795,14,D,RX,BK,D
14:31:59,MYOR,RG,1795,30,D,RX,BK,F
14:31:58,MYOR,RG,1795,1,D,RX,BK,F
14:31:57,MYOR,RG,1795,24,D,RX,BK,F
14:31:56,MYOR,RG,1795,1,D,RX,BK,F
14:31:56,MYOR,RG,1795,1,D,RX,BK,F
14:31:53,MYOR,RG,1795,1,D,RX,BK,F
14:31:53,MYOR,RG,1795,1,D,RX,BK,F
14:31:53,MYOR,RG,1795,1,D,RX,BK,F
14:31:51,MYOR,RG,1795,2,D,RX,BK,F
14:31:51,MYOR,RG,1795,1,D,RX,BK,F
14:31:49,MYOR,RG,1795,1,D,RX,BK,F
14:31:48,MYOR,RG,1795,2,D,RX,BK,F
14:31:47,MYOR,RG,1795,3,D,RX,BK,F
14:31:45,MYOR,RG,1795,1,D,RX,BK,F
14:31:41,MYOR,RG,1795,1,D,RX,BK,F
14:31:34,MYOR,RG,1795,1,D,RX,BK,F
14:31:34,MYOR,RG,1795,1,D,RX,BK,F
14:31:32,MYOR,RG,1795,1,D,RX,BK,F
14:31:25,MYOR,RG,1790,5,D,PD,EP,D
14:31:25,MYOR,RG,1790,15,F,AK,EP,D
14:31:22,MYOR,RG,1795,22,D,RX,BK,F
14:31:20,MYOR,RG,1795,15,F,AK,BK,F
14:31:20,MYOR,RG,1795,12,D,RX,BK,F
14:31:16,MYOR,RG,1795,1,D,RX,BK,F
14:31:16,MYOR,RG,1795,1,D,RX,BK,F
14:31:13,MYOR,RG,1795,8,D,RX,BK,F
14:31:08,MYOR,RG,1795,1,D,RX,BK,F
14:31:04,MYOR,RG,1795,17,D,RX,BK,F
14:31:02,MYOR,RG,1795,4,D,RX,BK,F
14:31:01,MYOR,RG,1795,8,D,CC,BK,F
14:31:01,MYOR,RG,1795,17,D,CC,BK,D
14:31:01,MYOR,RG,1795,1,D,CC,CS,D
14:31:01,MYOR,RG,1795,34,D,CC,DX,F
14:30:59,MYOR,RG,1795,1,D,RX,DX,F
14:30:57,MYOR,RG,1795,2,D,RX,DX,F
14:29:59,MYOR,RG,1795,1,D,XA,DX,F
14:28:26,MYOR,RG,1795,1,D,PD,XC,D
14:27:53,MYOR,RG,1790,14,F,AK,BK,F
14:27:51,MYOR,RG,1790,12,F,AK,BK,F
14:27:51,MYOR,RG,1790,16,F,AK,BK,F
14:27:49,MYOR,RG,1790,144,F,AK,BK,F
14:27:44,MYOR,RG,1795,42,F,AK,BK,F
14:27:44,MYOR,RG,1795,33,F,AK,BK,F
14:27:44,MYOR,RG,1795,1,D,PD,BK,F
14:27:44,MYOR,RG,1800,1,D,RX,AK,F
14:27:43,MYOR,RG,1795,9,D,PD,ZP,D
14:27:43,MYOR,RG,1795,1,D,RX,ZP,D
14:27:43,MYOR,RG,1795,1,D,RX,ZP,D
14:27:43,MYOR,RG,1795,1,D,RX,ZP,D
14:27:43,MYOR,RG,1795,1,D,RX,ZP,D
14:27:43,MYOR,RG,1795,1,D,RX,ZP,D
14:27:43,MYOR,RG,1795,8,D,RX,ZP,D
14:27:43,MYOR,RG,1795,2,D,RX,ZP,D
14:27:43,MYOR,RG,1795,12,D,RX,ZP,D
14:27:43,MYOR,RG,1795,31,D,RX,ZP,D
14:27:43,MYOR,RG,1795,3,D,RX,ZP,D
14:27:43,MYOR,RG,1795,1,D,RX,ZP,D
14:27:43,MYOR,RG,1795,1,D,RX,ZP,D
14:27:43,MYOR,RG,1795,1,D,RX,ZP,D
14:27:43,MYOR,RG,1795,2,D,RX,ZP,D
14:27:43,MYOR,RG,1795,38,D,RX,ZP,D
14:27:43,MYOR,RG,1795,7,D,RX,ZP,D
14:27:43,MYOR,RG,1795,35,D,RX,ZP,D
14:27:43,MYOR,RG,1795,13,D,RX,ZP,D
14:27:43,MYOR,RG,1795,7,D,RX,ZP,D
14:27:43,MYOR,RG,1795,6,D,RX,ZP,D
14:27:43,MYOR,RG,1795,150,D,RX,ZP,D
14:27:43,MYOR,RG,1795,33,D,RX,ZP,D
14:27:43,MYOR,RG,1795,184,D,RX,ZP,D
14:27:43,MYOR,RG,1795,2,D,RX,ZP,D
14:27:43,MYOR,RG,1795,1,D,RX,ZP,D
14:27:43,MYOR,RG,1795,29,D,RX,ZP,D
14:27:43,MYOR,RG,1795,2,D,RX,ZP,D
14:27:43,MYOR,RG,1795,2,D,RX,ZP,D
14:27:43,MYOR,RG,1795,3,D,RX,ZP,D
14:27:43,MYOR,RG,1795,1,D,RX,ZP,D
14:27:43,MYOR,RG,1795,2,D,RX,ZP,D
14:27:43,MYOR,RG,1795,5,D,RX,ZP,D
14:27:43,MYOR,RG,1795,1,D,RX,ZP,D
14:27:43,MYOR,RG,1795,2,D,RX,ZP,D
14:27:43,MYOR,RG,1795,3,D,RX,ZP,D
14:27:43,MYOR,RG,1795,2,D,RX,ZP,D
14:27:43,MYOR,RG,1795,74,D,RX,ZP,D
14:27:43,MYOR,RG,1795,1,D,RX,ZP,D
14:27:43,MYOR,RG,1795,9,D,RX,ZP,D
14:27:43,MYOR,RG,1795,14,D,RX,ZP,D
14:27:43,MYOR,RG,1795,3,D,RX,ZP,D
14:27:43,MYOR,RG,1795,21,D,RX,ZP,D
14:27:43,MYOR,RG,1795,3,D,RX,ZP,D
14:27:43,MYOR,RG,1795,2,D,RX,ZP,D
14:27:43,MYOR,RG,1795,5,D,RX,ZP,D
14:27:43,MYOR,RG,1795,1,D,RX,ZP,D
14:27:43,MYOR,RG,1795,1,D,RX,ZP,D
14:27:43,MYOR,RG,1795,3,D,RX,ZP,D
14:27:43,MYOR,RG,1795,14,D,RX,ZP,D
14:27:43,MYOR,RG,1795,1,D,RX,ZP,D
14:27:43,MYOR,RG,1795,47,F,AK,ZP,D
14:27:43,MYOR,RG,1795,500,D,YP,ZP,D
14:27:43,MYOR,RG,1795,64,F,AK,ZP,D
14:27:43,MYOR,RG,1795,234,D,PD,ZP,D
14:27:35,MYOR,RG,1795,1,D,PD,XC,D
14:27:34,MYOR,RG,1800,2,D,RX,AK,F
14:27:34,MYOR,RG,1800,6,D,RX,AK,F
14:27:33,MYOR,RG,1800,2,D,RX,AK,F
14:27:33,MYOR,RG,1800,4,D,RX,AK,F
14:27:32,MYOR,RG,1800,32,D,RX,AK,F
14:27:27,MYOR,RG,1800,22,D,RX,AK,F
14:27:26,MYOR,RG,1800,1,D,RX,AK,F
14:27:26,MYOR,RG,1800,3,D,RX,AK,F
14:27:26,MYOR,RG,1800,3,D,RX,ZP,D
14:27:21,MYOR,RG,1800,15,D,RX,ZP,D
14:27:21,MYOR,RG,1800,11,D,RX,ZP,D
14:27:20,MYOR,RG,1800,18,D,RX,ZP,D
14:27:16,MYOR,RG,1800,1,D,RX,ZP,D
14:27:15,MYOR,RG,1800,1,D,RX,ZP,D
14:27:15,MYOR,RG,1800,1,D,RX,ZP,D
14:27:13,MYOR,RG,1800,1,D,RX,ZP,D
14:27:13,MYOR,RG,1795,47,D,PD,DX,F
14:27:13,MYOR,RG,1795,17,D,PD,BK,D
14:27:13,MYOR,RG,1795,7,D,PD,CS,D
14:27:13,MYOR,RG,1795,54,D,PD,DX,F
14:27:13,MYOR,RG,1795,17,D,PD,BK,D
14:27:13,MYOR,RG,1795,123,D,PD,BK,F
14:27:11,MYOR,RG,1795,4,D,RX,BK,F
14:27:11,MYOR,RG,1795,6,D,RX,ZP,D
14:27:11,MYOR,RG,1795,2,D,RX,ZP,D
14:27:09,MYOR,RG,1795,1,D,RX,ZP,D
14:27:08,MYOR,RG,1795,2,D,RX,ZP,D
14:27:08,MYOR,RG,1795,1,D,RX,ZP,D
14:27:05,MYOR,RG,1795,10,D,RX,ZP,D
14:27:04,MYOR,RG,1795,14,D,RX,ZP,D
14:27:01,MYOR,RG,1795,10,D,RX,ZP,D
14:26:57,MYOR,RG,1795,18,D,RX,ZP,D
14:26:55,MYOR,RG,1795,7,D,RX,ZP,D
14:26:54,MYOR,RG,1795,1,D,RX,ZP,D
14:26:54,MYOR,RG,1795,4,D,RX,ZP,D
14:26:53,MYOR,RG,1795,1,D,RX,ZP,D
14:26:51,MYOR,RG,1795,1,D,RX,ZP,D
14:26:48,MYOR,RG,1795,5,D,RX,ZP,D
14:26:46,MYOR,RG,1795,1,D,RX,ZP,D
14:26:46,MYOR,RG,1795,2,D,RX,ZP,D
14:26:45,MYOR,RG,1795,1,D,RX,ZP,D
14:26:42,MYOR,RG,1795,20,D,RX,ZP,D
14:26:41,MYOR,RG,1795,1,D,RX,ZP,D
14:26:38,MYOR,RG,1795,18,D,RX,ZP,D
14:26:34,MYOR,RG,1795,20,D,RX,ZP,D
14:26:30,MYOR,RG,1795,1,D,RX,ZP,D
14:26:27,MYOR,RG,1795,2,D,RX,ZP,D
14:26:12,MYOR,RG,1795,1,D,RX,ZP,D
14:26:02,MYOR,RG,1795,1,D,RX,ZP,D
14:25:59,MYOR,RG,1795,1,D,RX,ZP,D
14:25:58,MYOR,RG,1795,1,D,RX,ZP,D
14:25:57,MYOR,RG,1795,3,D,RX,ZP,D
14:25:54,MYOR,RG,1795,1,D,RX,ZP,D
14:25:51,MYOR,RG,1795,17,D,RX,ZP,D
14:25:49,MYOR,RG,1795,1,D,RX,ZP,D
14:25:48,MYOR,RG,1795,23,D,RX,ZP,D
14:25:48,MYOR,RG,1795,4,D,RX,ZP,D
14:25:43,MYOR,RG,1795,1,D,RX,ZP,D
14:25:42,MYOR,RG,1795,2,D,RX,ZP,D
14:25:41,MYOR,RG,1795,5,D,RX,ZP,D
14:25:40,MYOR,RG,1795,32,F,AK,ZP,D
14:25:37,MYOR,RG,1795,12,D,RX,ZP,D
14:25:37,MYOR,RG,1795,14,D,RX,ZP,D
14:25:36,MYOR,RG,1795,1,D,RX,ZP,D
14:25:34,MYOR,RG,1795,12,D,RX,ZP,D
14:25:33,MYOR,RG,1795,1,D,RX,ZP,D
14:25:31,MYOR,RG,1795,1,D,RX,ZP,D
14:25:29,MYOR,RG,1795,1,D,RX,ZP,D
14:25:28,MYOR,RG,1795,2,D,RX,ZP,D
14:25:24,MYOR,RG,1795,30,D,RX,ZP,D
14:25:21,MYOR,RG,1795,14,D,RX,ZP,D
14:25:19,MYOR,RG,1795,1,D,RX,ZP,D
14:25:19,MYOR,RG,1795,10,D,RX,ZP,D
14:25:18,MYOR,RG,1795,35,D,RX,ZP,D
14:25:16,MYOR,RG,1795,2,D,RX,ZP,D
14:25:13,MYOR,RG,1795,11,D,RX,ZP,D
14:25:06,MYOR,RG,1795,4,D,RX,ZP,D
14:25:06,MYOR,RG,1795,1,D,RX,ZP,D
14:25:05,MYOR,RG,1795,1,D,RX,ZP,D
14:25:02,MYOR,RG,1795,2,D,RX,ZP,D
14:25:02,MYOR,RG,1795,1,D,RX,ZP,D
14:25:02,MYOR,RG,1795,1,D,RX,ZP,D
14:25:02,MYOR,RG,1795,1,D,RX,ZP,D
14:25:02,MYOR,RG,1795,1,D,RX,ZP,D
14:25:02,MYOR,RG,1795,4,D,RX,ZP,D
14:25:02,MYOR,RG,1795,1,D,RX,ZP,D
14:25:02,MYOR,RG,1795,1,D,RX,ZP,D
14:25:02,MYOR,RG,1795,1,D,RX,ZP,D
14:25:02,MYOR,RG,1795,1,D,RX,ZP,D
14:25:02,MYOR,RG,1795,1,D,RX,ZP,D
14:25:02,MYOR,RG,1795,1,D,RX,ZP,D
14:25:02,MYOR,RG,1795,1,D,RX,ZP,D
14:25:02,MYOR,RG,1795,1,D,RX,ZP,D
14:25:02,MYOR,RG,1795,1,D,RX,ZP,D
14:25:02,MYOR,RG,1795,86,D,CC,ZP,D
14:25:02,MYOR,RG,1800,6,D,RX,ZP,D
14:25:01,MYOR,RG,1800,10,D,RX,ZP,D
14:25:01,MYOR,RG,1795,12,D,CC,CC,D
14:25:00,MYOR,RG,1800,3,D,RX,ZP,D
14:24:59,MYOR,RG,1800,4,D,RX,ZP,D
14:24:59,MYOR,RG,1800,2,D,RX,ZP,D
14:24:56,MYOR,RG,1795,12,D,RX,BK,F
14:24:56,MYOR,RG,1795,2,D,RX,BK,D
14:24:54,MYOR,RG,1795,1,D,RX,BK,D
14:24:52,MYOR,RG,1795,10,D,YB,BK,D
14:24:51,MYOR,RG,1795,1,D,RX,BK,D
14:24:51,MYOR,RG,1795,1,D,RX,CS,D
14:24:51,MYOR,RG,1795,13,D,RX,BK,F
14:24:51,MYOR,RG,1795,13,D,RX,BK,F
14:24:51,MYOR,RG,1795,3,D,RX,BK,D
14:24:48,MYOR,RG,1795,1,D,RX,BK,D
14:24:40,MYOR,RG,1795,2,D,RX,BK,D
14:24:32,MYOR,RG,1795,2,D,RX,BK,D
14:24:29,MYOR,RG,1795,1,D,RX,BK,D
14:24:28,MYOR,RG,1795,9,D,RX,BK,D
14:24:28,MYOR,RG,1795,8,D,RX,DX,F
14:24:28,MYOR,RG,1795,1,D,RX,DX,F
14:24:28,MYOR,RG,1795,1,D,RX,DX,F
14:24:27,MYOR,RG,1795,27,D,RX,DX,F
14:24:25,MYOR,RG,1795,1,D,RX,DX,F
14:24:25,MYOR,RG,1795,15,D,PD,DX,F
14:24:25,MYOR,RG,1795,6,D,PD,CS,D
14:24:25,MYOR,RG,1795,20,D,PD,BK,D
14:24:25,MYOR,RG,1795,99,D,PD,BK,F
14:24:25,MYOR,RG,1795,12,D,PD,DX,F
14:24:23,MYOR,RG,1795,1,D,RX,DX,F
14:24:22,MYOR,RG,1795,1,D,RX,DX,F
14:24:18,MYOR,RG,1795,1,D,RX,DX,F
14:24:14,MYOR,RG,1795,1,D,RX,DX,F
14:24:14,MYOR,RG,1795,1,D,RX,DX,F
14:24:13,MYOR,RG,1795,1,D,RX,DX,F
14:24:12,MYOR,RG,1795,1,D,RX,DX,F
14:24:10,MYOR,RG,1795,3,D,RX,DX,F
14:24:09,MYOR,RG,1795,11,D,RX,DX,F
14:24:04,MYOR,RG,1795,4,D,RX,DX,F
14:24:03,MYOR,RG,1795,10,D,RX,DX,F
14:24:03,MYOR,RG,1795,1,D,RX,DX,F
14:24:02,MYOR,RG,1795,1,D,RX,DX,F
14:24:02,MYOR,RG,1795,15,D,RX,DX,F
14:24:02,MYOR,RG,1795,10,D,RX,DX,F
14:24:02,MYOR,RG,1795,3,D,RX,YP,D
14:23:58,MYOR,RG,1795,1,D,RX,YP,D
14:23:58,MYOR,RG,1795,1,D,RX,CS,D
14:23:58,MYOR,RG,1795,1,D,RX,BK,D
14:23:57,MYOR,RG,1795,2,D,RX,BK,D
14:23:57,MYOR,RG,1795,10,D,RX,BK,D
14:23:56,MYOR,RG,1795,8,D,RX,BK,D
14:23:56,MYOR,RG,1795,4,D,RX,AK,F
14:23:56,MYOR,RG,1795,2,D,RX,AK,F
14:23:51,MYOR,RG,1795,1,D,RX,AK,F
14:23:48,MYOR,RG,1795,1,D,RX,AK,F
14:23:42,MYOR,RG,1795,1,D,RX,AK,F
14:23:40,MYOR,RG,1795,8,D,RX,AK,F
14:23:39,MYOR,RG,1795,15,D,RX,AK,F
14:23:38,MYOR,RG,1795,15,D,RX,AK,F
14:23:36,MYOR,RG,1795,2,D,RX,AK,F
14:23:31,MYOR,RG,1795,7,D,RX,AK,F
14:23:25,MYOR,RG,1795,1,D,RX,AK,F
14:23:16,MYOR,RG,1795,19,D,RX,AK,F
14:23:15,MYOR,RG,1795,1,D,RX,AK,F
14:23:11,MYOR,RG,1795,13,D,RX,AK,F
14:23:11,MYOR,RG,1795,4,D,RX,AK,F
14:23:08,MYOR,RG,1795,15,D,RX,AK,F
14:23:07,MYOR,RG,1795,4,D,RX,AK,F
14:23:06,MYOR,RG,1795,1,D,RX,AK,F
14:23:05,MYOR,RG,1795,1,D,RX,DX,F
14:23:01,MYOR,RG,1795,1,D,RX,DX,F
14:22:59,MYOR,RG,1795,1,D,RX,DX,F
14:22:57,MYOR,RG,1795,3,D,RX,DX,F
14:22:55,MYOR,RG,1795,1,D,RX,DX,F
14:22:51,MYOR,RG,1795,1,D,RX,DX,F
14:22:49,MYOR,RG,1795,18,D,RX,DX,F
14:22:48,MYOR,RG,1795,16,D,RX,DX,F
14:22:47,MYOR,RG,1795,2,D,RX,DX,F
14:22:45,MYOR,RG,1795,2,D,RX,DX,F
14:22:39,MYOR,RG,1795,1,D,RX,DX,F
14:22:38,MYOR,RG,1795,5,D,RX,DX,F
14:22:36,MYOR,RG,1795,2,D,RX,DX,F
14:22:36,MYOR,RG,1795,1,D,RX,DX,F
14:22:36,MYOR,RG,1795,11,D,RX,DX,F
14:22:35,MYOR,RG,1795,1,D,RX,DX,F
14:22:35,MYOR,RG,1795,1,D,RX,DX,F
14:22:35,MYOR,RG,1795,2,D,RX,BK,D
14:22:31,MYOR,RG,1795,1,D,RX,BK,D
14:22:29,MYOR,RG,1795,1,D,RX,BK,D
14:22:25,MYOR,RG,1795,1,D,RX,BK,D
14:22:25,MYOR,RG,1795,1,D,RX,BK,D
14:22:22,MYOR,RG,1795,10,D,RX,BK,D
14:22:22,MYOR,RG,1795,8,D,RX,BK,F
14:22:22,MYOR,RG,1795,1,D,RX,BK,F
14:22:22,MYOR,RG,1795,1,D,RX,BK,F
14:22:21,MYOR,RG,1795,1,D,RX,BK,F
14:22:20,MYOR,RG,1795,2,D,RX,BK,F
14:22:18,MYOR,RG,1795,12,D,RX,BK,F
14:22:16,MYOR,RG,1795,8,D,RX,BK,F
14:22:15,MYOR,RG,1795,10,D,RX,BK,F
14:22:14,MYOR,RG,1795,10,D,RX,BK,F
14:22:14,MYOR,RG,1795,13,D,RX,BK,F
14:22:14,MYOR,RG,1795,9,D,RX,BK,F
14:22:14,MYOR,RG,1795,2,D,RX,CC,D
14:22:09,MYOR,RG,1795,1,D,RX,CC,D
14:22:05,MYOR,RG,1795,111,F,AK,CC,D
14:22:05,MYOR,RG,1795,1,D,RX,CC,D
14:21:59,MYOR,RG,1795,1,D,RX,CC,D
14:21:58,MYOR,RG,1795,1,D,RX,CC,D
14:21:57,MYOR,RG,1795,1,D,RX,CC,D
14:21:57,MYOR,RG,1795,14,D,RX,CC,D
14:21:55,MYOR,RG,1795,1,D,RX,CC,D
14:21:54,MYOR,RG,1795,17,D,RX,CC,D
14:21:48,MYOR,RG,1795,7,D,RX,CC,D
14:21:46,MYOR,RG,1795,1,D,RX,CC,D
14:21:40,MYOR,RG,1795,4,D,RX,CC,D
14:21:36,MYOR,RG,1795,2,D,RX,CC,D
14:21:35,MYOR,RG,1795,3,D,RX,CC,D
14:21:35,MYOR,RG,1795,5,D,RX,CC,D
14:21:34,MYOR,RG,1795,3,D,RX,CC,D
14:21:31,MYOR,RG,1795,16,D,RX,CC,D
14:21:28,MYOR,RG,1795,1,D,RX,CC,D
14:21:27,MYOR,RG,1795,8,D,RX,CC,D
14:21:27,MYOR,RG,1795,5,D,RX,CS,D
14:21:27,MYOR,RG,1795,7,D,RX,BK,D
14:21:27,MYOR,RG,1795,1,D,RX,BK,D
14:21:26,MYOR,RG,1795,1,D,RX,BK,D
14:21:25,MYOR,RG,1795,7,D,RX,BK,D
14:21:25,MYOR,RG,1795,12,D,RX,DX,F
14:21:25,MYOR,RG,1795,2,D,RX,DX,F
14:21:23,MYOR,RG,1795,1,D,RX,DX,F
14:21:18,MYOR,RG,1795,1,D,RX,DX,F
14:21:17,MYOR,RG,1795,1,D,RX,DX,F
14:21:14,MYOR,RG,1795,1,D,RX,DX,F
14:21:10,MYOR,RG,1795,2,D,RX,DX,F
14:21:04,MYOR,RG,1795,1,D,RX,DX,F
14:21:03,MYOR,RG,1795,21,D,RX,DX,F
14:21:02,MYOR,RG,1795,1,D,RX,DX,F
14:20:59,MYOR,RG,1795,14,D,RX,DX,F
14:20:58,MYOR,RG,1795,1,D,RX,DX,F
14:20:49,MYOR,RG,1795,11,D,RX,DX,F
14:20:48,MYOR,RG,1795,1,D,RX,DX,F
14:20:46,MYOR,RG,1795,1,D,RX,DX,F
14:20:44,MYOR,RG,1795,1,F,AK,BK,D
14:20:44,MYOR,RG,1795,1,F,AK,BK,D
14:20:44,MYOR,RG,1795,13,F,AK,BK,D
14:20:44,MYOR,RG,1795,4,F,AK,NI,D
14:20:44,MYOR,RG,1795,1,D,RX,NI,D
14:20:44,MYOR,RG,1795,4,D,RX,CC,D
14:20:40,MYOR,RG,1795,1,D,RX,CC,D
14:20:39,MYOR,RG,1795,1,D,AZ,CC,D
14:20:39,MYOR,RG,1795,7,D,AZ,BK,F
14:20:39,MYOR,RG,1795,12,D,RX,BK,F
14:20:39,MYOR,RG,1795,1,D,RX,BK,F
14:20:37,MYOR,RG,1795,24,D,RX,BK,F
14:20:36,MYOR,RG,1795,10,D,RX,BK,F
14:20:35,MYOR,RG,1795,1,D,RX,BK,F
14:20:34,MYOR,RG,1795,9,D,RX,BK,F
14:20:33,MYOR,RG,1795,1,D,RX,BK,F
14:20:32,MYOR,RG,1795,2,D,RX,BK,F
14:20:31,MYOR,RG,1795,1,D,RX,BK,F
14:20:29,MYOR,RG,1795,10,D,RX,BK,F
14:20:28,MYOR,RG,1795,7,D,RX,BK,F
14:20:27,MYOR,RG,1795,1,D,RX,BK,F
14:20:25,MYOR,RG,1795,1,D,RX,BK,F
14:20:22,MYOR,RG,1795,1,D,RX,BK,D
14:20:19,MYOR,RG,1795,2,D,RX,BK,D
14:20:14,MYOR,RG,1795,1,D,RX,BK,D
14:20:12,MYOR,RG,1795,15,D,RX,BK,D
14:20:10,MYOR,RG,1795,2,D,RX,BK,D
14:20:10,MYOR,RG,1795,1,D,RX,CS,D
14:20:10,MYOR,RG,1795,13,D,RX,ZP,D
14:20:10,MYOR,RG,1795,1,D,RX,ZP,D
14:19:59,MYOR,RG,1795,4,D,RX,ZP,D
14:19:55,MYOR,RG,1795,3,D,RX,ZP,D
14:19:49,MYOR,RG,1795,2,D,RX,ZP,D
14:19:49,MYOR,RG,1795,2,D,RX,ZP,D
14:19:49,MYOR,RG,1795,3,D,RX,ZP,D
14:19:45,MYOR,RG,1795,19,D,RX,ZP,D
14:19:45,MYOR,RG,1795,1,D,RX,ZP,D
14:19:43,MYOR,RG,1795,1,D,RX,ZP,D
14:19:42,MYOR,RG,1795,1,D,RX,ZP,D
14:19:41,MYOR,RG,1795,1,D,RX,ZP,D
14:19:40,MYOR,RG,1795,20,D,RX,ZP,D
14:19:39,MYOR,RG,1795,1,D,RX,ZP,D
14:19:38,MYOR,RG,1795,4,D,RX,ZP,D
14:19:37,MYOR,RG,1795,2,D,RX,ZP,D
14:19:30,MYOR,RG,1795,1,D,RX,ZP,D
14:19:30,MYOR,RG,1795,1,D,RX,ZP,D
14:19:21,MYOR,RG,1795,1,D,RX,ZP,D
14:19:18,MYOR,RG,1795,26,D,RX,ZP,D
14:19:07,MYOR,RG,1795,1,D,RX,ZP,D
14:19:07,MYOR,RG,1795,16,D,RX,ZP,D
14:19:05,MYOR,RG,1795,17,D,RX,ZP,D
14:19:03,MYOR,RG,1795,13,D,RX,ZP,D
14:19:03,MYOR,RG,1795,1,D,RX,ZP,D
14:19:00,MYOR,RG,1795,1,D,RX,ZP,D
14:18:59,MYOR,RG,1795,1,D,RX,ZP,D
14:18:57,MYOR,RG,1795,1,D,RX,ZP,D
14:18:55,MYOR,RG,1795,1,D,RX,ZP,D
14:18:50,MYOR,RG,1795,1,D,RX,ZP,D
14:18:49,MYOR,RG,1795,8,D,RX,ZP,D
14:18:49,MYOR,RG,1795,5,D,RX,ZP,D
14:18:44,MYOR,RG,1795,2,D,RX,ZP,D
14:18:43,MYOR,RG,1795,4,D,RX,ZP,D
14:18:43,MYOR,RG,1795,9,D,RX,ZP,D
14:18:43,MYOR,RG,1795,12,D,RX,ZP,D
14:18:41,MYOR,RG,1795,23,D,RX,ZP,D
14:18:40,MYOR,RG,1795,2,D,RX,ZP,D
14:18:40,MYOR,RG,1795,1,D,RX,ZP,D
14:18:39,MYOR,RG,1795,8,D,RX,ZP,D
14:18:39,MYOR,RG,1795,16,D,RX,ZP,D
14:18:39,MYOR,RG,1795,1,D,RX,EP,D
14:18:39,MYOR,RG,1795,4,D,RX,YP,D
14:18:39,MYOR,RG,1795,5,D,RX,YP,D
14:18:38,MYOR,RG,1795,1,D,RX,YP,D
14:18:38,MYOR,RG,1795,8,D,RX,DX,F
14:18:38,MYOR,RG,1795,2,D,RX,DX,F
14:18:37,MYOR,RG,1795,1,D,RX,DX,F
14:18:35,MYOR,RG,1795,1,D,RX,DX,F
14:18:34,MYOR,RG,1795,4,D,RX,DX,F
14:18:32,MYOR,RG,1795,4,D,RX,DX,F
14:18:32,MYOR,RG,1795,2,D,RX,DX,F
14:18:11,MYOR,RG,1795,42,F,AK,DX,F
14:18:11,MYOR,RG,1795,17,F,AK,BK,D
14:18:11,MYOR,RG,1795,12,F,AK,BK,F
14:18:11,MYOR,RG,1795,1,D,RX,BK,F
14:18:09,MYOR,RG,1795,22,D,RX,BK,F
14:18:03,MYOR,RG,1795,32,D,RX,BK,F
14:18:03,MYOR,RG,1795,2,D,RX,BK,F
14:18:03,MYOR,RG,1795,14,D,RX,YP,D
14:18:00,MYOR,RG,1795,1,D,RX,YP,D
14:17:57,MYOR,RG,1795,1,D,RX,YP,D
14:17:44,MYOR,RG,1795,4,D,XC,YP,D
14:17:36,MYOR,RG,1795,10,D,RX,YP,D
14:17:36,MYOR,RG,1795,10,D,RX,PD,D
14:17:20,MYOR,RG,1795,5,D,PD,PD,D
14:17:10,MYOR,RG,1795,1,D,NI,PD,D
14:16:40,MYOR,RG,1795,6,D,PD,PD,D
14:16:17,MYOR,RG,1795,1,D,RX,PD,D
14:16:15,MYOR,RG,1795,21,D,RX,PD,D
14:16:13,MYOR,RG,1795,14,D,RX,PD,D
14:16:13,MYOR,RG,1795,2,D,RX,PD,D
14:16:11,MYOR,RG,1795,18,D,RX,PD,D
14:16:11,MYOR,RG,1795,6,D,RX,SQ,D
14:16:00,MYOR,RG,1795,1,D,RX,SQ,D
14:15:57,MYOR,RG,1795,1,D,RX,SQ,D
14:15:49,MYOR,RG,1795,1,D,RX,SQ,D
14:15:44,MYOR,RG,1795,2,D,RX,ZP,D
14:15:38,MYOR,RG,1795,54,D,RX,ZP,D
14:15:38,MYOR,RG,1795,3,D,RX,ZP,D
14:15:37,MYOR,RG,1795,1,D,RX,ZP,D
14:15:36,MYOR,RG,1795,13,D,RX,ZP,D
14:15:36,MYOR,RG,1795,3,D,RX,ZP,D
14:15:36,MYOR,RG,1795,44,D,RX,ZP,D
14:15:34,MYOR,RG,1795,17,D,RX,ZP,D
14:15:33,MYOR,RG,1795,7,D,RX,ZP,D
14:15:33,MYOR,RG,1795,2,D,RX,ZP,D
14:15:31,MYOR,RG,1795,2,D,RX,ZP,D
14:15:27,MYOR,RG,1795,7,D,RX,ZP,D
14:15:27,MYOR,RG,1795,1,D,RX,ZP,D
14:15:23,MYOR,RG,1795,2,D,RX,ZP,D
14:15:21,MYOR,RG,1795,1,D,RX,ZP,D
14:15:21,MYOR,RG,1795,13,D,RX,ZP,D
14:15:15,MYOR,RG,1790,37,F,AK,BK,F
14:15:15,MYOR,RG,1790,4,F,AK,CS,D
14:15:15,MYOR,RG,1790,9,F,AK,BK,D
14:15:13,MYOR,RG,1790,1,D,RX,BK,D
14:15:13,MYOR,RG,1790,4,D,RX,BK,D
14:15:13,MYOR,RG,1790,15,D,RX,DX,F
14:15:13,MYOR,RG,1790,14,D,RX,DX,F
14:15:12,MYOR,RG,1790,1,D,RX,DX,F
14:15:10,MYOR,RG,1790,3,D,RX,DX,F
14:15:09,MYOR,RG,1790,3,D,RX,DX,F
14:15:08,MYOR,RG,1790,1,D,RX,DX,F
14:15:02,MYOR,RG,1790,1,D,RX,DX,F
14:15:01,MYOR,RG,1790,18,D,RX,DX,F
14:14:54,MYOR,RG,1790,20,D,PD,DX,F
14:14:54,MYOR,RG,1790,1,D,PD,CS,D
14:14:54,MYOR,RG,1790,66,D,PD,BK,F
14:14:54,MYOR,RG,1790,14,D,PD,BK,D
14:14:54,MYOR,RG,1790,6,D,PD,CS,D
14:14:54,MYOR,RG,1790,21,D,PD,BK,D
14:14:54,MYOR,RG,1790,3,D,PD,CS,D
14:14:54,MYOR,RG,1790,200,D,PD,ZP,D
14:14:54,MYOR,RG,1790,14,D,PD,BK,D
14:14:54,MYOR,RG,1790,53,D,PD,DX,F
14:14:54,MYOR,RG,1790,13,D,PD,BK,F
14:14:54,MYOR,RG,1790,14,D,PD,BK,D
14:14:54,MYOR,RG,1790,75,D,PD,ZP,D
14:14:54,MYOR,RG,1790,12,D,RX,ZP,D
14:14:51,MYOR,RG,1790,1,D,YP,ZP,D
14:14:38,MYOR,RG,1790,1,D,RX,ZP,D
14:14:33,MYOR,RG,1790,1,D,RX,ZP,D
14:14:30,MYOR,RG,1785,33,D,RX,YP,D
14:14:30,MYOR,RG,1785,4,D,RX,YP,D
14:14:30,MYOR,RG,1785,18,D,YP,YP,D
14:14:24,MYOR,RG,1790,1,D,RX,ZP,D
14:14:17,MYOR,RG,1790,16,D,RX,ZP,D
14:14:12,MYOR,RG,1790,1,D,RX,ZP,D
14:13:37,MYOR,RG,1790,30,D,CC,ZP,D
14:13:30,MYOR,RG,1790,1,D,RX,ZP,D
14:13:28,MYOR,RG,1790,14,D,RX,ZP,D
14:13:25,MYOR,RG,1790,1,D,RX,ZP,D
14:13:23,MYOR,RG,1790,2,D,RX,ZP,D
14:12:43,MYOR,RG,1790,2,D,RX,ZP,D
14:12:27,MYOR,RG,1790,1,D,RX,ZP,D
14:12:09,MYOR,RG,1790,1,D,RX,ZP,D
14:11:57,MYOR,RG,1790,1,D,RX,ZP,D
14:11:56,MYOR,RG,1790,24,D,RX,ZP,D
14:11:55,MYOR,RG,1790,14,D,RX,ZP,D
14:11:43,MYOR,RG,1790,1,D,RX,ZP,D
14:11:43,MYOR,RG,1790,5,D,RX,CS,D
14:11:43,MYOR,RG,1790,7,D,RX,BK,D
14:11:29,MYOR,RG,1790,2,D,RX,BK,D
14:11:25,MYOR,RG,1790,2,D,RX,BK,D
14:11:15,MYOR,RG,1790,14,D,RX,BK,D
14:11:15,MYOR,RG,1790,2,D,RX,AK,F
14:11:14,MYOR,RG,1790,11,D,RX,AK,F
14:11:03,MYOR,RG,1790,1,D,RX,AK,F
14:11:02,MYOR,RG,1790,12,D,RX,AK,F
14:11:00,MYOR,RG,1790,1,D,RX,AK,F
14:10:55,MYOR,RG,1790,5,D,RX,AK,F
14:10:30,MYOR,RG,1790,1,D,RX,AK,F
14:10:29,MYOR,RG,1790,1,D,NI,AK,F
14:10:27,MYOR,RG,1790,22,D,RX,AK,F
14:10:26,MYOR,RG,1790,16,D,RX,AK,F
14:10:16,MYOR,RG,1790,1,D,RX,AK,F
14:10:10,MYOR,RG,1790,2,D,RX,AK,F
14:10:08,MYOR,RG,1790,1,D,RX,AK,F
14:10:06,MYOR,RG,1790,1,D,RX,AK,F
14:09:49,MYOR,RG,1790,3,D,XC,AK,F
14:09:48,MYOR,RG,1790,2,D,RX,AK,F
14:09:46,MYOR,RG,1790,5,D,RX,AK,F
14:09:45,MYOR,RG,1790,16,D,RX,AK,F
14:09:35,MYOR,RG,1790,2,D,RX,AK,F
14:09:29,MYOR,RG,1790,4,D,RX,AK,F
14:09:29,MYOR,RG,1790,6,D,RX,ZP,D
14:09:28,MYOR,RG,1790,12,D,RX,ZP,D
14:09:24,MYOR,RG,1790,53,D,RX,ZP,D
14:09:22,MYOR,RG,1790,2,D,RX,ZP,D
14:09:19,MYOR,RG,1790,1,D,RX,ZP,D
14:09:15,MYOR,RG,1790,3,D,RX,ZP,D
14:09:14,MYOR,RG,1790,1,D,RX,ZP,D
14:09:13,MYOR,RG,1790,13,D,RX,ZP,D
14:09:12,MYOR,RG,1790,28,D,RX,ZP,D
14:09:03,MYOR,RG,1790,14,D,RX,ZP,D
14:08:55,MYOR,RG,1790,2,D,RX,ZP,D
14:08:46,MYOR,RG,1790,10,D,RX,ZP,D
14:08:40,MYOR,RG,1790,17,D,RX,ZP,D
14:08:39,MYOR,RG,1790,1,D,RX,ZP,D
14:08:38,MYOR,RG,1790,5,D,RX,ZP,D
14:08:33,MYOR,RG,1790,1,D,RX,ZP,D
14:08:32,MYOR,RG,1790,11,D,RX,ZP,D
14:08:18,MYOR,RG,1790,13,D,RX,ZP,D
14:08:04,MYOR,RG,1790,18,D,RX,ZP,D
14:08:01,MYOR,RG,1790,2,D,RX,ZP,D
14:07:58,MYOR,RG,1790,1,D,RX,ZP,D
14:07:55,MYOR,RG,1790,2,D,RX,ZP,D
14:07:53,MYOR,RG,1790,1,D,RX,ZP,D
14:07:50,MYOR,RG,1790,9,D,RX,ZP,D
14:07:50,MYOR,RG,1790,2,D,RX,ZP,D
14:07:50,MYOR,RG,1790,3,D,RX,ZP,D
14:07:47,MYOR,RG,1790,15,D,RX,ZP,D
14:07:45,MYOR,RG,1790,4,D,RX,ZP,D
14:07:45,MYOR,RG,1790,7,D,RX,XC,D
14:07:45,MYOR,RG,1790,1,D,RX,DR,D
14:07:45,MYOR,RG,1790,51,D,RX,BK,F
14:07:43,MYOR,RG,1790,3,D,RX,BK,F
14:07:37,MYOR,RG,1790,2,D,RX,BK,F
14:07:34,MYOR,RG,1790,1,D,RX,BK,F
14:07:29,MYOR,RG,1790,5,D,RX,BK,F
14:07:29,MYOR,RG,1790,12,D,RX,BK,F
14:07:27,MYOR,RG,1790,18,D,RX,BK,F
14:07:27,MYOR,RG,1790,1,D,RX,BK,F
14:07:26,MYOR,RG,1790,1,D,RX,BK,F
14:07:24,MYOR,RG,1790,30,D,RX,BK,F
14:07:24,MYOR,RG,1790,3,D,RX,ZP,D
14:07:24,MYOR,RG,1785,1,D,YP,CS,D
14:07:24,MYOR,RG,1785,4,D,YP,CS,D
14:07:24,MYOR,RG,1785,77,D,YP,DX,F
14:07:17,MYOR,RG,1785,13,D,RX,DX,F
14:07:05,MYOR,RG,1785,1,D,RX,DX,F
14:07:01,MYOR,RG,1785,2,D,RX,DX,F
14:06:57,MYOR,RG,1785,1,D,LG,DX,F
14:06:53,MYOR,RG,1785,1,D,RX,DX,F
14:06:48,MYOR,RG,1785,5,D,LS,DX,F
14:06:48,MYOR,RG,1785,1,D,RX,DX,F
14:06:40,MYOR,RG,1785,2,D,RX,XL,D
14:06:37,MYOR,RG,1785,21,D,RX,BK,F
14:06:05,MYOR,RG,1780,5,D,PD,CS,D
14:06:05,MYOR,RG,1780,61,D,PD,BK,F
14:06:05,MYOR,RG,1780,14,D,PD,BK,D
14:06:05,MYOR,RG,1780,129,D,PD,DX,F
14:06:05,MYOR,RG,1780,126,D,PD,BK,F
14:06:05,MYOR,RG,1780,3,D,PD,CS,D
14:06:05,MYOR,RG,1780,1,D,PD,CS,D
14:06:05,MYOR,RG,1780,9,D,PD,DX,F
14:05:54,MYOR,RG,1780,2,D,RX,DX,F
14:05:36,MYOR,RG,1780,12,D,RX,DX,F
14:05:11,MYOR,RG,1775,2,D,LG,XC,D
14:05:04,MYOR,RG,1780,10,D,RX,DX,F
14:05:03,MYOR,RG,1780,18,D,RX,DX,F
14:04:59,MYOR,RG,1780,1,D,RX,DX,F
14:04:58,MYOR,RG,1780,12,D,RX,DX,F
14:04:57,MYOR,RG,1780,1,D,RX,DX,F
14:04:56,MYOR,RG,1780,1,D,RX,DX,F
14:04:51,MYOR,RG,1780,12,D,RX,DX,F
14:04:42,MYOR,RG,1780,5,D,RX,DX,F
14:04:41,MYOR,RG,1780,9,F,AK,DX,F
14:04:41,MYOR,RG,1780,9,F,AK,BK,D
14:04:41,MYOR,RG,1780,41,F,AK,DX,F
14:04:41,MYOR,RG,1780,2,D,RX,DX,F
14:04:41,MYOR,RG,1780,57,D,PD,DX,F
14:04:41,MYOR,RG,1780,13,D,PD,BK,D
14:04:41,MYOR,RG,1780,14,D,PD,BK,D
14:04:41,MYOR,RG,1780,113,D,PD,AK,F
14:04:41,MYOR,RG,1780,1,D,PD,CS,D
14:04:41,MYOR,RG,1780,2,D,PD,CS,D
14:04:41,MYOR,RG,1780,14,D,PD,BK,D
14:04:41,MYOR,RG,1780,3,D,PD,CS,D
14:04:41,MYOR,RG,1780,1,D,PD,CS,D
14:04:41,MYOR,RG,1780,14,D,PD,BK,D
14:04:41,MYOR,RG,1780,1,D,PD,CS,D
14:04:41,MYOR,RG,1780,3,D,PD,CS,D
14:04:41,MYOR,RG,1780,14,D,PD,BK,D
14:04:41,MYOR,RG,1780,165,D,PD,BK,F
14:04:41,MYOR,RG,1780,44,D,PD,BK,D
14:04:41,MYOR,RG,1780,1,D,PD,CS,D
14:04:41,MYOR,RG,1780,40,D,PD,DX,F
14:04:38,MYOR,RG,1775,4,D,LG,BK,F
14:04:38,MYOR,RG,1775,3,D,YP,BK,F
14:04:38,MYOR,RG,1775,16,D,CC,BK,F
14:04:35,MYOR,RG,1780,13,D,RX,DX,F
14:04:35,MYOR,RG,1780,1,D,RX,DX,F
14:04:34,MYOR,RG,1780,2,D,NI,DX,F
14:04:34,MYOR,RG,1775,13,D,CC,BK,F
14:04:33,MYOR,RG,1780,1,D,RX,DX,F
14:04:33,MYOR,RG,1775,14,D,CC,BK,D
14:04:30,MYOR,RG,1775,43,D,CC,BK,F
14:04:29,MYOR,RG,1780,2,D,RX,DX,F
14:04:28,MYOR,RG,1780,20,F,AK,DX,F
14:04:28,MYOR,RG,1780,4,F,AK,DX,F
14:04:27,MYOR,RG,1780,200,D,PD,DX,F
14:04:27,MYOR,RG,1780,2,D,RX,DX,F
14:04:16,MYOR,RG,1780,1,D,RX,DX,F
14:04:15,MYOR,RG,1780,43,D,RX,DX,F
14:04:14,MYOR,RG,1780,1,D,RX,DX,F
14:04:10,MYOR,RG,1780,1,D,RX,DX,F
14:04:08,MYOR,RG,1780,1,D,RX,DX,F
14:04:07,MYOR,RG,1780,2,F,AK,DX,F
14:03:19,MYOR,RG,1780,1,D,OD,DX,F
14:03:18,MYOR,RG,1775,14,D,CC,BK,D
14:03:13,MYOR,RG,1780,2,D,MI,DX,F
14:02:14,MYOR,RG,1775,13,D,CC,BK,D
14:01:12,MYOR,RG,1775,13,D,CC,BK,D
13:58:50,MYOR,RG,1775,23,D,CC,BK,F
13:58:48,MYOR,RG,1775,50,D,CC,CC,D
13:58:04,MYOR,RG,1775,1,D,CC,BK,F
13:58:04,MYOR,RG,1775,13,D,EP,BK,F
13:58:03,MYOR,RG,1780,1,D,XC,DX,F
13:58:01,MYOR,RG,1780,88,D,CC,DX,F
13:57:13,MYOR,RG,1780,2,D,YP,DX,F
13:56:37,MYOR,RG,1780,6,D,YP,DX,F
13:56:13,MYOR,RG,1780,1,D,XC,DX,F
13:56:03,MYOR,RG,1780,1,D,CC,DX,F
13:55:51,MYOR,RG,1780,1,D,NI,XL,D
13:55:44,MYOR,RG,1775,7,D,EP,BK,F
13:55:44,MYOR,RG,1775,5,D,YP,BK,F
13:55:44,MYOR,RG,1775,1,D,YP,BK,F
13:55:44,MYOR,RG,1775,1,D,PD,BK,F
13:55:44,MYOR,RG,1775,1,D,PD,BK,F
13:55:44,MYOR,RG,1775,1,D,SQ,BK,F
13:55:44,MYOR,RG,1775,6,D,XA,BK,F
13:55:41,MYOR,RG,1775,4,D,XA,BK,F
13:55:41,MYOR,RG,1775,1,D,XC,BK,F
13:55:41,MYOR,RG,1775,9,D,PD,BK,F
13:55:36,MYOR,RG,1775,41,D,PD,BK,F
13:55:36,MYOR,RG,1775,5,D,YP,BK,F
13:55:36,MYOR,RG,1775,3,D,XC,BK,F
13:55:36,MYOR,RG,1775,3,D,NI,BK,F
13:55:36,MYOR,RG,1775,5,D,KK,BK,F
13:55:36,MYOR,RG,1775,1,D,NI,BK,F
13:55:36,MYOR,RG,1775,1,D,YP,BK,F
13:55:36,MYOR,RG,1775,3,D,KK,BK,F
13:55:30,MYOR,RG,1775,37,D,KK,BK,F
13:55:30,MYOR,RG,1775,1,D,YP,BK,F
13:55:30,MYOR,RG,1775,200,D,YP,BK,F
13:55:30,MYOR,RG,1775,5,D,YP,BK,F
13:55:30,MYOR,RG,1775,20,D,CC,BK,F
13:55:30,MYOR,RG,1775,8,D,SQ,BK,F
13:55:30,MYOR,RG,1775,5,D,PD,BK,F
13:55:30,MYOR,RG,1775,5,D,YP,BK,F
13:55:30,MYOR,RG,1775,20,D,YP,BK,F
13:55:30,MYOR,RG,1775,13,D,PD,BK,F
13:55:30,MYOR,RG,1775,1,D,YP,BK,F
13:55:30,MYOR,RG,1775,1,D,PD,BK,F
13:55:30,MYOR,RG,1775,1,D,YP,BK,F
13:55:30,MYOR,RG,1775,1,D,PD,BK,F
13:55:30,MYOR,RG,1775,5,D,IF,BK,F
13:55:29,MYOR,RG,1780,2,D,DX,ZP,D
13:55:29,MYOR,RG,1780,15,D,YP,ZP,D
13:55:29,MYOR,RG,1780,1,D,CC,ZP,D
13:55:29,MYOR,RG,1780,1,D,GR,ZP,D
13:55:29,MYOR,RG,1780,2,D,CC,ZP,D
13:55:29,MYOR,RG,1780,17,D,YP,ZP,D
13:55:29,MYOR,RG,1780,2,D,XC,ZP,D
13:55:29,MYOR,RG,1780,1,D,NI,ZP,D
13:55:29,MYOR,RG,1780,10,D,CC,ZP,D
13:55:29,MYOR,RG,1780,2,D,PD,ZP,D
13:55:29,MYOR,RG,1780,1,D,XC,ZP,D
13:55:29,MYOR,RG,1780,2,D,XC,ZP,D
13:55:29,MYOR,RG,1780,5,D,NI,ZP,D
13:55:29,MYOR,RG,1780,1,D,YP,ZP,D
13:55:29,MYOR,RG,1780,5,D,XL,ZP,D
13:55:29,MYOR,RG,1780,1,D,CC,ZP,D
13:55:29,MYOR,RG,1780,1,D,XL,ZP,D
13:55:29,MYOR,RG,1780,115,D,XC,ZP,D
13:55:29,MYOR,RG,1780,1,D,XL,ZP,D
13:55:29,MYOR,RG,1780,100,D,OD,ZP,D
13:55:29,MYOR,RG,1780,9,D,YP,ZP,D
13:55:29,MYOR,RG,1780,2,D,YP,ZP,D
13:55:29,MYOR,RG,1780,3,D,XC,ZP,D
13:55:29,MYOR,RG,1780,2,D,KK,ZP,D
13:55:29,MYOR,RG,1780,1,D,PD,ZP,D
13:55:29,MYOR,RG,1780,1,D,PD,ZP,D
13:55:29,MYOR,RG,1780,50,D,PD,ZP,D
13:55:29,MYOR,RG,1780,1,D,LG,ZP,D
13:55:29,MYOR,RG,1780,10,D,PD,ZP,D
13:55:29,MYOR,RG,1780,1,D,PD,ZP,D
13:55:29,MYOR,RG,1780,5,D,NI,ZP,D
13:55:29,MYOR,RG,1780,60,D,YP,ZP,D
13:55:29,MYOR,RG,1780,1,D,DH,ZP,D
13:55:29,MYOR,RG,1780,10,D,AI,ZP,D
13:55:29,MYOR,RG,1780,10,D,PD,ZP,D
13:55:29,MYOR,RG,1780,5,D,XC,ZP,D
13:55:29,MYOR,RG,1780,1,D,YP,ZP,D
13:55:29,MYOR,RG,1780,3,D,PD,ZP,D
13:55:29,MYOR,RG,1780,3,D,PD,ZP,D
13:55:29,MYOR,RG,1780,1,D,KK,ZP,D
13:55:29,MYOR,RG,1780,10,D,SQ,ZP,D
13:55:29,MYOR,RG,1780,5,D,SQ,ZP,D
13:55:29,MYOR,RG,1780,5,D,YP,ZP,D
13:55:29,MYOR,RG,1780,2,D,XC,ZP,D
13:55:29,MYOR,RG,1780,1,D,XL,ZP,D
13:55:29,MYOR,RG,1780,25,D,TF,ZP,D
13:55:29,MYOR,RG,1780,100,D,LS,ZP,D
13:55:29,MYOR,RG,1780,1,D,PD,ZP,D
13:55:29,MYOR,RG,1780,1,D,PD,ZP,D
13:55:29,MYOR,RG,1780,1,D,XC,ZP,D
13:55:29,MYOR,RG,1780,1,D,YP,ZP,D
13:55:29,MYOR,RG,1780,2,D,AT,ZP,D
13:55:29,MYOR,RG,1780,2,D,PD,ZP,D
13:55:29,MYOR,RG,1780,10,D,NI,ZP,D
13:55:29,MYOR,RG,1780,1,D,XC,ZP,D
13:55:29,MYOR,RG,1780,1,D,XC,ZP,D
13:55:29,MYOR,RG,1780,2,D,KK,ZP,D
13:55:29,MYOR,RG,1780,500,D,OD,ZP,D
13:55:29,MYOR,RG,1780,6,D,CP,ZP,D
13:55:29,MYOR,RG,1780,1,D,YP,ZP,D
13:55:29,MYOR,RG,1780,1,D,XC,ZP,D
13:55:29,MYOR,RG,1780,9,D,SQ,ZP,D
13:55:29,MYOR,RG,1780,10,D,PD,ZP,D
13:55:29,MYOR,RG,1780,20,D,YP,ZP,D
13:55:29,MYOR,RG,1780,1,D,NI,ZP,D
13:55:29,MYOR,RG,1780,50,D,PD,ZP,D
13:55:29,MYOR,RG,1780,6,D,PD,ZP,D
13:55:29,MYOR,RG,1780,13,D,PD,ZP,D
13:55:29,MYOR,RG,1780,10,D,YP,ZP,D
13:55:29,MYOR,RG,1780,2,D,NI,ZP,D
13:55:29,MYOR,RG,1780,5,D,KK,ZP,D
13:55:29,MYOR,RG,1780,3,D,XC,ZP,D
13:55:29,MYOR,RG,1780,10,D,SQ,ZP,D
13:55:29,MYOR,RG,1780,1,D,PD,ZP,D
13:55:29,MYOR,RG,1780,7,D,XC,ZP,D
13:55:29,MYOR,RG,1780,1,D,YP,ZP,D
13:55:29,MYOR,RG,1780,1,D,XC,ZP,D
13:55:29,MYOR,RG,1780,2,D,XC,ZP,D
13:55:29,MYOR,RG,1780,11,D,PD,ZP,D
13:55:29,MYOR,RG,1780,5,D,XL,ZP,D
13:55:29,MYOR,RG,1780,30,D,CP,ZP,D
13:55:29,MYOR,RG,1780,1,D,PD,ZP,D
13:55:29,MYOR,RG,1780,5,D,XC,ZP,D
13:55:29,MYOR,RG,1780,280,D,YP,ZP,D
13:55:29,MYOR,RG,1780,1,D,PD,ZP,D
13:55:29,MYOR,RG,1780,50,D,NI,ZP,D
13:55:29,MYOR,RG,1780,5,D,XC,ZP,D
13:55:29,MYOR,RG,1780,8,D,XC,ZP,D
13:55:29,MYOR,RG,1780,11,D,YP,ZP,D
13:55:29,MYOR,RG,1780,10,D,YP,ZP,D
13:55:29,MYOR,RG,1780,1,D,PD,ZP,D
13:55:29,MYOR,RG,1780,5,D,XC,ZP,D
13:55:29,MYOR,RG,1780,5,D,YP,ZP,D
13:55:29,MYOR,RG,1780,29,D,BQ,ZP,D
13:55:24,MYOR,RG,1780,19,D,BQ,BK,F
13:55:20,MYOR,RG,1780,13,D,BQ,BK,F
13:55:16,MYOR,RG,1780,67,D,BQ,BK,F
13:55:16,MYOR,RG,1785,4,D,XC,CS,D
13:55:16,MYOR,RG,1785,1,D,XC,CS,D
13:55:11,MYOR,RG,1780,5,D,BQ,CD,D
13:55:11,MYOR,RG,1780,67,D,BQ,BK,F
13:55:11,MYOR,RG,1780,248,D,PD,BK,F
13:55:11,MYOR,RG,1780,10,D,SQ,BK,F
13:55:11,MYOR,RG,1780,10,D,CC,BK,F
13:55:11,MYOR,RG,1780,3,D,DH,BK,F
13:55:11,MYOR,RG,1780,1,D,XC,BK,F
13:55:08,MYOR,RG,1785,33,F,AK,BK,F
13:55:08,MYOR,RG,1785,39,F,AK,BK,F
13:55:08,MYOR,RG,1785,31,F,AK,BK,F
13:55:06,MYOR,RG,1785,1,F,AK,CS,D
13:55:06,MYOR,RG,1785,8,F,AK,CS,D
13:55:06,MYOR,RG,1785,300,D,YP,ZP,D
13:55:06,MYOR,RG,1785,39,F,AK,ZP,D
13:55:06,MYOR,RG,1785,12,D,RX,ZP,D
13:55:06,MYOR,RG,1785,6,D,RX,ZP,D
13:55:06,MYOR,RG,1785,3,D,RX,ZP,D
13:55:06,MYOR,RG,1785,15,D,RX,ZP,D
13:55:06,MYOR,RG,1785,1,D,RX,ZP,D
13:55:06,MYOR,RG,1785,37,D,RX,ZP,D
13:55:06,MYOR,RG,1785,1,D,RX,ZP,D
13:55:06,MYOR,RG,1785,1,D,RX,ZP,D
13:55:06,MYOR,RG,1785,2,D,RX,ZP,D
13:55:06,MYOR,RG,1785,15,D,RX,ZP,D
13:55:06,MYOR,RG,1785,1,D,DH,ZP,D
13:55:06,MYOR,RG,1785,10,D,CC,ZP,D
13:55:06,MYOR,RG,1785,5,D,RX,ZP,D
13:55:06,MYOR,RG,1785,9,D,RX,ZP,D
13:55:06,MYOR,RG,1785,18,D,RX,ZP,D
13:55:06,MYOR,RG,1785,24,D,RX,ZP,D
13:55:06,MYOR,RG,1785,103,D,RX,ZP,D
13:55:06,MYOR,RG,1785,3,D,RX,ZP,D
13:55:06,MYOR,RG,1785,1,D,RX,ZP,D
13:55:06,MYOR,RG,1785,1,D,RX,ZP,D
13:55:06,MYOR,RG,1785,4,D,RX,ZP,D
13:55:06,MYOR,RG,1785,22,D,RX,ZP,D
13:55:06,MYOR,RG,1785,2,D,RX,ZP,D
13:55:06,MYOR,RG,1785,3,D,DR,ZP,D
13:55:06,MYOR,RG,1785,3,D,YP,ZP,D
13:55:06,MYOR,RG,1785,1,D,GR,ZP,D
13:55:06,MYOR,RG,1785,5,D,PD,ZP,D
13:55:06,MYOR,RG,1785,11,D,RX,ZP,D
13:55:06,MYOR,RG,1785,1,D,RX,ZP,D
13:55:06,MYOR,RG,1785,6,D,RX,ZP,D
13:55:06,MYOR,RG,1785,22,D,RX,ZP,D
13:55:06,MYOR,RG,1785,28,D,RX,ZP,D
13:55:06,MYOR,RG,1785,2,D,RX,ZP,D
13:55:06,MYOR,RG,1785,1,D,RX,ZP,D
13:55:06,MYOR,RG,1785,158,D,RX,ZP,D
13:55:06,MYOR,RG,1785,5,D,RX,ZP,D
13:55:06,MYOR,RG,1785,1,D,RX,ZP,D
13:55:06,MYOR,RG,1785,3,D,RX,ZP,D
13:55:06,MYOR,RG,1785,1,D,RX,ZP,D
13:55:06,MYOR,RG,1785,1,D,RX,ZP,D
13:55:06,MYOR,RG,1785,1,D,RX,ZP,D
13:55:06,MYOR,RG,1785,5,D,RX,ZP,D
13:55:06,MYOR,RG,1785,1,D,RX,ZP,D
13:55:06,MYOR,RG,1785,26,D,RX,ZP,D
13:55:06,MYOR,RG,1785,2,D,RX,ZP,D
13:55:06,MYOR,RG,1785,25,D,YP,ZP,D
13:55:06,MYOR,RG,1785,2,D,YP,ZP,D
13:55:06,MYOR,RG,1785,5,D,PD,ZP,D
13:55:06,MYOR,RG,1785,1,D,LG,ZP,D
13:55:06,MYOR,RG,1785,30,D,RS,ZP,D
13:55:06,MYOR,RG,1785,7,D,RX,ZP,D
13:55:06,MYOR,RG,1785,15,D,RX,ZP,D
13:55:06,MYOR,RG,1785,30,D,RX,ZP,D
13:55:06,MYOR,RG,1785,37,D,RX,ZP,D
13:55:06,MYOR,RG,1785,3,D,RX,ZP,D
13:55:06,MYOR,RG,1785,1,D,RX,ZP,D
13:55:06,MYOR,RG,1785,175,D,RX,ZP,D
13:55:06,MYOR,RG,1785,6,D,RX,ZP,D
13:55:06,MYOR,RG,1785,3,D,RX,ZP,D
13:55:06,MYOR,RG,1785,2,D,RX,ZP,D
13:55:06,MYOR,RG,1785,6,D,RX,ZP,D
13:55:06,MYOR,RG,1785,34,D,RX,ZP,D
13:55:06,MYOR,RG,1785,2,D,RX,ZP,D
13:55:06,MYOR,RG,1785,10,D,XL,ZP,D
13:55:06,MYOR,RG,1785,1,D,XC,ZP,D
13:55:06,MYOR,RG,1785,30,F,AK,ZP,D
13:55:06,MYOR,RG,1785,200,D,YP,ZP,D
13:55:06,MYOR,RG,1785,1,D,RX,ZP,D
13:55:06,MYOR,RG,1785,2,D,RX,ZP,D
13:55:06,MYOR,RG,1785,1,D,RX,ZP,D
13:55:06,MYOR,RG,1785,1,D,RX,ZP,D
13:55:06,MYOR,RG,1785,32,D,RX,ZP,D
13:55:06,MYOR,RG,1785,1,D,RX,ZP,D
13:55:06,MYOR,RG,1785,1,D,KK,ZP,D
13:55:06,MYOR,RG,1785,31,F,AK,ZP,D
13:55:06,MYOR,RG,1785,1,D,PD,ZP,D
13:55:06,MYOR,RG,1785,46,F,AK,ZP,D
13:55:06,MYOR,RG,1785,1,D,PD,ZP,D
13:55:06,MYOR,RG,1785,3,D,XL,ZP,D
13:55:06,MYOR,RG,1785,1,D,YP,ZP,D
13:55:06,MYOR,RG,1785,50,D,YP,ZP,D
13:55:06,MYOR,RG,1785,11,D,YP,ZP,D
13:55:06,MYOR,RG,1785,10,D,YP,ZP,D
13:55:06,MYOR,RG,1785,5,D,XC,ZP,D
13:55:06,MYOR,RG,1785,1,D,XC,ZP,D
13:55:06,MYOR,RG,1785,3,D,CC,ZP,D
13:55:06,MYOR,RG,1785,10,D,PD,ZP,D
13:55:06,MYOR,RG,1785,10,D,PD,ZP,D
13:55:06,MYOR,RG,1785,50,D,PD,ZP,D
13:55:06,MYOR,RG,1785,230,D,SQ,ZP,D
13:55:06,MYOR,RG,1785,1,D,LG,ZP,D
13:55:06,MYOR,RG,1785,5,D,YB,ZP,D
13:55:06,MYOR,RG,1785,1,D,XC,ZP,D
13:55:06,MYOR,RG,1785,1,D,XL,ZP,D
13:55:06,MYOR,RG,1785,1,D,KK,ZP,D
13:55:06,MYOR,RG,1785,1,D,XL,ZP,D
13:55:06,MYOR,RG,1785,1,D,NI,ZP,D
13:55:06,MYOR,RG,1785,1,D,XC,ZP,D
13:55:06,MYOR,RG,1785,2,D,PD,ZP,D
13:55:06,MYOR,RG,1785,1,D,XC,ZP,D
13:55:06,MYOR,RG,1785,10,D,XC,ZP,D
13:55:06,MYOR,RG,1785,1,D,NI,ZP,D
13:55:06,MYOR,RG,1785,10,D,IF,ZP,D
13:55:06,MYOR,RG,1785,1,D,CP,ZP,D
13:55:06,MYOR,RG,1785,2,D,NI,ZP,D
13:55:06,MYOR,RG,1785,20,D,OD,ZP,D
13:55:06,MYOR,RG,1785,1,D,PD,ZP,D
13:55:06,MYOR,RG,1785,20,D,NI,ZP,D
13:55:06,MYOR,RG,1785,1,D,PD,ZP,D
13:55:06,MYOR,RG,1785,1,D,YP,ZP,D
13:55:06,MYOR,RG,1785,1,D,XC,ZP,D
13:55:06,MYOR,RG,1785,2,D,YP,ZP,D
13:55:06,MYOR,RG,1785,4,D,KK,ZP,D
13:55:06,MYOR,RG,1785,2,D,XC,ZP,D
13:55:06,MYOR,RG,1785,3,D,YP,ZP,D
13:55:06,MYOR,RG,1785,2,D,OD,ZP,D
13:55:06,MYOR,RG,1785,1,D,XC,ZP,D
13:55:06,MYOR,RG,1785,2,D,XC,ZP,D
13:55:06,MYOR,RG,1785,2,D,XC,ZP,D
13:55:06,MYOR,RG,1785,10,D,YP,ZP,D
13:55:06,MYOR,RG,1785,340,D,YP,ZP,D
13:54:51,MYOR,RG,1790,1,D,RX,ZP,D
13:54:45,MYOR,RG,1790,1,D,RX,ZP,D
13:54:43,MYOR,RG,1790,1,D,RX,ZP,D
13:54:37,MYOR,RG,1790,22,D,RX,ZP,D
13:54:30,MYOR,RG,1790,40,F,AK,ZP,D
13:53:50,MYOR,RG,1790,2,D,RX,ZP,D
13:53:47,MYOR,RG,1790,25,D,PD,ZP,D
13:53:40,MYOR,RG,1790,12,D,RX,ZP,D
13:53:37,MYOR,RG,1790,2,D,RX,ZP,D
13:53:37,MYOR,RG,1790,1,D,RX,ZP,D
13:53:33,MYOR,RG,1790,2,D,RX,ZP,D
13:53:18,MYOR,RG,1790,1,D,XC,ZP,D
13:53:11,MYOR,RG,1790,1,D,RX,ZP,D
13:53:08,MYOR,RG,1790,13,D,RX,ZP,D
13:52:39,MYOR,RG,1790,11,D,RX,ZP,D
13:52:35,MYOR,RG,1790,26,D,RX,ZP,D
13:52:23,MYOR,RG,1790,12,D,RX,ZP,D
13:52:13,MYOR,RG,1790,5,D,RX,ZP,D
13:52:09,MYOR,RG,1790,11,D,RX,ZP,D
13:52:05,MYOR,RG,1790,1,D,RX,ZP,D
13:51:48,MYOR,RG,1790,1,D,RX,ZP,D
13:51:34,MYOR,RG,1790,1,D,CC,ZP,D
13:51:31,MYOR,RG,1790,12,D,RX,ZP,D
13:51:30,MYOR,RG,1790,2,D,RX,ZP,D
13:51:19,MYOR,RG,1790,1,D,YP,ZP,D
13:51:10,MYOR,RG,1790,1,D,RX,ZP,D
13:51:05,MYOR,RG,1790,39,D,YP,ZP,D
13:51:05,MYOR,RG,1790,4,D,YP,CS,D
13:51:05,MYOR,RG,1790,2,D,YP,CS,D
13:51:05,MYOR,RG,1790,1,D,YP,CS,D
13:51:05,MYOR,RG,1790,9,D,YP,YP,D
13:51:01,MYOR,RG,1790,24,D,RX,DX,F
13:51:00,MYOR,RG,1790,2,D,RX,DX,F
13:50:51,MYOR,RG,1790,2,D,RX,DX,F
13:50:46,MYOR,RG,1790,6,D,XL,DX,F
13:50:26,MYOR,RG,1790,2,F,AK,DX,F
13:50:26,MYOR,RG,1790,4,F,AK,DX,F
13:50:26,MYOR,RG,1790,7,D,XC,DX,F
13:50:26,MYOR,RG,1790,2,D,XC,CS,D
13:50:26,MYOR,RG,1790,1,D,XC,CS,D
13:50:26,MYOR,RG,1790,1,D,XC,PD,D
13:50:26,MYOR,RG,1790,14,D,XC,CC,D
13:49:45,MYOR,RG,1790,1,D,RX,CC,D
13:49:35,MYOR,RG,1790,14,D,RX,CC,D
13:49:10,MYOR,RG,1790,1,D,RX,CC,D
13:48:51,MYOR,RG,1790,67,F,AK,CC,D
13:48:41,MYOR,RG,1790,1,D,RX,CC,D
13:48:25,MYOR,RG,1790,1,D,RX,CC,D
13:48:06,MYOR,RG,1790,32,D,RX,CC,D
13:47:52,MYOR,RG,1790,1,D,RX,CC,D
13:47:50,MYOR,RG,1790,1,D,RX,CC,D
13:47:49,MYOR,RG,1790,4,D,RX,CC,D
13:47:49,MYOR,RG,1790,3,D,RX,CC,D
13:47:43,MYOR,RG,1790,49,D,RX,CC,D
13:47:43,MYOR,RG,1790,11,D,RX,CC,D
13:47:40,MYOR,RG,1790,1,D,RX,CC,D
13:47:40,MYOR,RG,1790,1,D,RX,BK,F
13:47:36,MYOR,RG,1790,6,D,RX,BK,F
13:47:32,MYOR,RG,1790,13,D,RX,BK,F
13:47:32,MYOR,RG,1790,13,D,RX,BK,F
13:47:32,MYOR,RG,1790,1,D,XC,BK,F
13:46:51,MYOR,RG,1790,1,D,XC,BK,F
13:46:26,MYOR,RG,1785,12,D,YP,XC,D
13:45:21,MYOR,RG,1790,10,D,XC,BK,F
13:44:47,MYOR,RG,1790,2,D,XC,BK,F
13:44:43,MYOR,RG,1790,15,D,XC,BK,F
13:44:03,MYOR,RG,1790,1,D,RX,BK,F
13:43:58,MYOR,RG,1790,1,D,RX,BK,F
13:43:53,MYOR,RG,1790,29,D,RX,BK,F
13:43:45,MYOR,RG,1790,1,D,RX,BK,F
13:43:44,MYOR,RG,1790,1,D,RX,BK,F
13:43:42,MYOR,RG,1790,1,D,RX,BK,F
13:42:52,MYOR,RG,1790,1,D,LG,BK,F
13:41:07,MYOR,RG,1790,14,D,YP,BK,F
13:41:07,MYOR,RG,1790,4,D,YP,CS,D
13:41:07,MYOR,RG,1790,1,D,YP,CS,D
13:41:07,MYOR,RG,1790,81,D,YP,ZP,D
13:41:06,MYOR,RG,1790,1,D,XC,ZP,D
13:38:30,MYOR,RG,1790,1,D,PD,ZP,D
13:36:05,MYOR,RG,1785,19,D,YP,NI,D
13:34:27,MYOR,RG,1785,1,D,YP,XL,D
13:33:41,MYOR,RG,1790,3,D,XC,ZP,D
13:32:20,MYOR,RG,1790,1,D,RX,ZP,D
13:32:20,MYOR,RG,1790,2,D,RX,ZP,D
13:32:20,MYOR,RG,1790,2,D,RX,ZP,D
13:32:20,MYOR,RG,1790,7,D,RX,ZP,D
13:32:20,MYOR,RG,1790,13,D,RX,ZP,D
13:32:20,MYOR,RG,1790,13,D,RX,ZP,D
13:32:20,MYOR,RG,1790,1,D,RX,ZP,D
13:32:20,MYOR,RG,1790,13,D,RX,ZP,D
13:32:20,MYOR,RG,1790,45,D,RX,ZP,D
13:32:20,MYOR,RG,1790,2,D,RX,ZP,D
13:32:20,MYOR,RG,1790,1,D,RX,ZP,D
13:32:20,MYOR,RG,1790,43,F,AK,ZP,D
13:32:20,MYOR,RG,1790,21,F,AK,ZP,D
13:30:11,MYOR,RG,1790,19,F,AK,AK,F
13:30:06,MYOR,RG,1790,1,F,AK,XL,D
13:30:06,MYOR,RG,1790,4,F,AK,XC,D
13:30:06,MYOR,RG,1790,1,F,AK,XC,D
13:30:06,MYOR,RG,1790,1,F,AK,XC,D
13:30:06,MYOR,RG,1790,2,F,AK,XL,D
13:30:06,MYOR,RG,1790,52,F,AK,BK,F
13:30:05,MYOR,RG,1790,2,D,XL,BK,F
13:30:05,MYOR,RG,1790,2,D,XL,BK,F
13:30:05,MYOR,RG,1790,1,D,CC,BK,F
13:30:04,MYOR,RG,1790,2,D,CC,BK,F
13:30:03,MYOR,RG,1790,1,D,YP,BK,F
13:30:03,MYOR,RG,1785,170,D,YP,DX,F
13:30:03,MYOR,RG,1790,6,D,XC,BK,F
13:30:03,MYOR,RG,1790,1,D,XC,BK,F
13:30:02,MYOR,RG,1790,2,D,XC,BK,F
13:30:02,MYOR,RG,1790,1,D,XC,BK,F
13:30:02,MYOR,RG,1790,10,D,YP,BK,F
13:30:02,MYOR,RG,1790,11,D,YP,YP,D
13:30:02,MYOR,RG,1790,5,D,YP,DR,D
13:30:02,MYOR,RG,1790,10,D,YP,EP,D
13:30:02,MYOR,RG,1790,1,D,YP,CS,D
13:30:02,MYOR,RG,1790,1,D,YP,CS,D
13:30:02,MYOR,RG,1790,2,D,YP,CS,D
13:30:02,MYOR,RG,1790,1,D,YP,CS,D
13:30:02,MYOR,RG,1790,1,D,YP,XC,D
13:30:02,MYOR,RG,1790,3,D,YP,CS,D
13:30:02,MYOR,RG,1790,55,D,YP,DX,F
13:30:02,MYOR,RG,1790,2,D,PD,DX,F
13:30:02,MYOR,RG,1790,10,D,PD,DX,F
13:30:02,MYOR,RG,1785,2,D,YP,PD,D
13:30:01,MYOR,RG,1790,1,D,KK,DX,F
13:30:01,MYOR,RG,1790,30,D,EP,DX,F
13:30:01,MYOR,RG,1790,5,D,DH,DX,F
13:30:01,MYOR,RG,1790,1,D,DH,DX,F
13:30:01,MYOR,RG,1790,50,D,EP,DX,F
11:29:53,MYOR,RG,1790,2,D,AK,DX,F
11:29:53,MYOR,RG,1790,1,F,AK,DX,F
11:29:53,MYOR,RG,1790,1,F,AK,AK,F
11:29:53,MYOR,RG,1790,2,F,AK,AK,F
11:29:53,MYOR,RG,1790,1,F,AK,AK,F
11:28:38,MYOR,RG,1790,1,D,AK,AK,F
11:28:24,MYOR,RG,1790,9,D,AK,AK,F
11:28:23,MYOR,RG,1785,25,D,YP,BK,F
11:28:23,MYOR,RG,1790,1,D,AK,AK,F
11:28:23,MYOR,RG,1790,10,D,AK,AK,F
11:28:23,MYOR,RG,1790,26,F,AK,AK,F
11:28:08,MYOR,RG,1790,1,D,AK,AK,F
11:28:08,MYOR,RG,1790,5,F,AK,AK,F
11:27:36,MYOR,RG,1790,1,D,AK,AK,F
11:27:36,MYOR,RG,1790,1,D,YP,AK,F
11:27:26,MYOR,RG,1790,1,D,AK,AK,F
11:27:26,MYOR,RG,1790,1,D,AK,AK,F
11:27:26,MYOR,RG,1790,5,D,AK,AK,F
11:27:25,MYOR,RG,1785,13,D,YP,BK,F
11:27:23,MYOR,RG,1790,5,D,AK,AK,F
11:27:23,MYOR,RG,1790,13,F,AK,AK,F
11:27:08,MYOR,RG,1790,2,D,AK,AK,F
11:27:08,MYOR,RG,1790,5,F,AK,AK,F
11:27:08,MYOR,RG,1790,1,F,AK,CS,D
11:27:08,MYOR,RG,1790,1,F,AK,CS,D
11:24:53,MYOR,RG,1790,3,D,AK,CS,D
11:24:43,MYOR,RG,1790,2,D,CC,BK,F
11:24:43,MYOR,RG,1790,1,D,KK,BK,F
11:24:43,MYOR,RG,1790,1,D,AK,BK,F
11:24:43,MYOR,RG,1790,2,D,XC,BK,F
11:24:38,MYOR,RG,1795,1,D,AK,ZP,D
11:24:38,MYOR,RG,1795,12,D,AK,ZP,D
11:24:08,MYOR,RG,1795,1,D,AK,ZP,D
11:21:05,MYOR,RG,1795,33,D,PD,ZP,D
11:20:15,MYOR,RG,1790,4,D,AK,DX,F
11:20:15,MYOR,RG,1790,10,D,AK,DX,F
11:20:15,MYOR,RG,1790,1,D,AK,DX,F
11:20:15,MYOR,RG,1790,19,D,AK,DX,F
11:20:15,MYOR,RG,1790,3,D,AK,DX,F
11:18:22,MYOR,RG,1785,18,D,YP,BK,F
11:18:22,MYOR,RG,1785,1,D,XC,BK,F
11:18:22,MYOR,RG,1785,1,D,YP,BK,F
11:18:22,MYOR,RG,1785,1,D,DR,BK,F
11:18:20,MYOR,RG,1785,2,D,DR,BK,F
11:18:20,MYOR,RG,1785,4,D,XA,BK,F
11:18:20,MYOR,RG,1785,5,D,KK,BK,F
11:18:20,MYOR,RG,1785,5,D,YP,BK,F
11:18:20,MYOR,RG,1785,10,D,SQ,BK,F
11:18:17,MYOR,RG,1790,3,D,AK,BK,F
11:18:17,MYOR,RG,1790,1,D,AK,BK,F
11:18:17,MYOR,RG,1790,4,D,AK,BK,F
11:18:17,MYOR,RG,1790,7,D,AK,BK,F
11:18:17,MYOR,RG,1790,7,D,AK,BK,F
11:18:14,MYOR,RG,1790,71,D,AK,DX,F
11:18:12,MYOR,RG,1790,137,D,AK,BK,F
11:18:10,MYOR,RG,1795,3,D,AK,ZP,D
11:18:09,MYOR,RG,1790,22,F,AK,AK,F
11:18:09,MYOR,RG,1790,17,F,AK,AK,F
11:18:09,MYOR,RG,1790,4,F,AK,AK,F
11:18:09,MYOR,RG,1790,1,D,XC,ZP,D
11:18:09,MYOR,RG,1790,2,D,RX,ZP,D
11:18:09,MYOR,RG,1790,4,D,RX,ZP,D
11:18:09,MYOR,RG,1790,2,D,RX,ZP,D
11:18:09,MYOR,RG,1790,10,D,RX,ZP,D
11:18:09,MYOR,RG,1790,3,D,RX,ZP,D
11:18:09,MYOR,RG,1790,22,D,RX,ZP,D
11:18:09,MYOR,RG,1790,2,D,RX,ZP,D
11:18:09,MYOR,RG,1790,100,D,RX,ZP,D
11:18:09,MYOR,RG,1790,17,D,RX,ZP,D
11:18:09,MYOR,RG,1790,1,D,RX,ZP,D
11:18:09,MYOR,RG,1790,3,D,RX,ZP,D
11:18:09,MYOR,RG,1790,2,D,RX,ZP,D
11:18:09,MYOR,RG,1790,1,D,RX,ZP,D
11:18:09,MYOR,RG,1790,1,D,RX,ZP,D
11:18:09,MYOR,RG,1790,1,D,RX,ZP,D
11:18:09,MYOR,RG,1790,1,D,RX,ZP,D
11:18:09,MYOR,RG,1790,53,D,CC,ZP,D
11:18:09,MYOR,RG,1790,5,D,AK,ZP,D
11:18:09,MYOR,RG,1790,1,D,PD,ZP,D
11:18:09,MYOR,RG,1790,1,D,PD,ZP,D
11:18:09,MYOR,RG,1790,13,D,NI,ZP,D
11:18:09,MYOR,RG,1790,3,D,YP,ZP,D
11:18:09,MYOR,RG,1790,1,D,NI,ZP,D
11:18:09,MYOR,RG,1790,1,D,RX,ZP,D
11:18:09,MYOR,RG,1790,3,D,RX,ZP,D
11:18:09,MYOR,RG,1790,3,D,RX,ZP,D
11:18:09,MYOR,RG,1790,6,D,RX,ZP,D
11:18:09,MYOR,RG,1790,23,F,AK,ZP,D
11:18:09,MYOR,RG,1790,10,D,IF,ZP,D
11:18:09,MYOR,RG,1790,2,D,CC,ZP,D
11:18:09,MYOR,RG,1790,52,D,RX,ZP,D
11:18:09,MYOR,RG,1790,1,D,RX,ZP,D
11:18:09,MYOR,RG,1790,17,D,RX,ZP,D
11:18:09,MYOR,RG,1790,2,D,RX,ZP,D
11:18:09,MYOR,RG,1790,1,D,RX,ZP,D
11:18:09,MYOR,RG,1790,1,D,RX,ZP,D
11:18:09,MYOR,RG,1790,1,D,RX,ZP,D
11:18:09,MYOR,RG,1790,1,D,RX,ZP,D
11:18:09,MYOR,RG,1790,133,D,CC,ZP,D
11:18:09,MYOR,RG,1790,1,D,AK,ZP,D
11:18:09,MYOR,RG,1790,1,D,XL,ZP,D
11:18:09,MYOR,RG,1790,1,D,YP,ZP,D
11:18:09,MYOR,RG,1790,1,D,AK,ZP,D
11:18:09,MYOR,RG,1790,50,D,EP,ZP,D
11:18:09,MYOR,RG,1790,5,D,OD,ZP,D
11:18:09,MYOR,RG,1790,5,D,DR,ZP,D
11:18:09,MYOR,RG,1790,2,D,RX,ZP,D
11:18:09,MYOR,RG,1790,5,D,RX,ZP,D
11:18:09,MYOR,RG,1790,23,D,XL,ZP,D
11:18:09,MYOR,RG,1790,10,D,RX,ZP,D
11:18:09,MYOR,RG,1790,11,D,RX,ZP,D
11:18:09,MYOR,RG,1790,3,D,RX,ZP,D
11:18:09,MYOR,RG,1790,3,D,RX,ZP,D
11:18:09,MYOR,RG,1790,11,D,RX,ZP,D
11:18:09,MYOR,RG,1790,1,D,RX,ZP,D
11:18:09,MYOR,RG,1790,67,D,RX,ZP,D
11:18:09,MYOR,RG,1790,2,D,RX,ZP,D
11:18:09,MYOR,RG,1790,5,D,AK,ZP,D
11:18:09,MYOR,RG,1790,1,D,LG,ZP,D
11:18:09,MYOR,RG,1790,1,D,PD,ZP,D
11:18:09,MYOR,RG,1790,1,D,XC,ZP,D
11:18:09,MYOR,RG,1790,1,D,XC,ZP,D
11:18:09,MYOR,RG,1790,22,F,AK,ZP,D
11:18:09,MYOR,RG,1790,5,D,PD,ZP,D
11:18:09,MYOR,RG,1790,1,D,RX,ZP,D
11:18:09,MYOR,RG,1790,1,D,SQ,ZP,D
11:18:09,MYOR,RG,1790,3,D,RX,ZP,D
11:18:09,MYOR,RG,1790,4,D,RX,ZP,D
11:18:09,MYOR,RG,1790,1,D,XC,ZP,D
11:18:09,MYOR,RG,1790,8,D,RX,ZP,D
11:18:09,MYOR,RG,1790,1,D,RX,ZP,D
11:18:09,MYOR,RG,1790,40,D,RX,ZP,D
11:18:09,MYOR,RG,1790,2,D,RX,ZP,D
11:18:09,MYOR,RG,1790,1,D,RX,ZP,D
11:18:09,MYOR,RG,1790,9,D,RX,ZP,D
11:18:09,MYOR,RG,1790,23,F,AK,ZP,D
11:18:09,MYOR,RG,1790,1,D,GR,ZP,D
11:18:09,MYOR,RG,1790,2,D,YP,ZP,D
11:18:09,MYOR,RG,1790,2,D,YP,ZP,D
11:18:09,MYOR,RG,1790,17,D,AK,ZP,D
11:18:09,MYOR,RG,1790,11,D,AK,ZP,D
11:18:09,MYOR,RG,1790,2,D,AK,ZP,D
11:18:09,MYOR,RG,1790,209,D,AK,ZP,D
11:18:09,MYOR,RG,1790,1,D,LG,ZP,D
11:18:09,MYOR,RG,1790,20,D,PD,ZP,D
11:18:09,MYOR,RG,1790,10,D,PD,ZP,D
11:18:09,MYOR,RG,1790,10,D,DH,ZP,D
11:18:09,MYOR,RG,1790,10,D,DH,ZP,D
11:18:09,MYOR,RG,1790,1,D,YP,ZP,D
11:18:09,MYOR,RG,1790,50,D,CC,ZP,D
11:18:09,MYOR,RG,1790,2,D,SQ,ZP,D
11:18:09,MYOR,RG,1790,5,D,YP,ZP,D
11:18:09,MYOR,RG,1790,20,D,PD,ZP,D
11:18:09,MYOR,RG,1790,1,D,PD,ZP,D
11:18:09,MYOR,RG,1790,2,D,XC,ZP,D
11:18:09,MYOR,RG,1790,10,D,YP,ZP,D
11:18:09,MYOR,RG,1790,8,D,PD,ZP,D
11:18:09,MYOR,RG,1790,1,D,XC,ZP,D
11:18:09,MYOR,RG,1790,100,D,YP,ZP,D
11:18:09,MYOR,RG,1790,16,F,AK,ZP,D
11:18:09,MYOR,RG,1790,26,D,YP,ZP,D
11:17:29,MYOR,RG,1795,1,D,YP,ZP,D
11:17:26,MYOR,RG,1795,1,D,AK,ZP,D
11:17:25,MYOR,RG,1795,1,D,RX,ZP,D
11:17:23,MYOR,RG,1795,1,D,AK,ZP,D
11:17:23,MYOR,RG,1795,1,D,AK,ZP,D
11:17:23,MYOR,RG,1795,9,D,AK,ZP,D
11:17:23,MYOR,RG,1795,14,F,AK,ZP,D
11:17:23,MYOR,RG,1795,1,F,AK,CS,D
11:17:23,MYOR,RG,1795,2,F,AK,CS,D
11:17:23,MYOR,RG,1795,8,F,AK,AZ,D
11:17:13,MYOR,RG,1795,1,D,AK,CS,D
11:17:12,MYOR,RG,1795,1,D,RX,CS,D
11:17:12,MYOR,RG,1795,1,D,RX,BK,F
11:17:08,MYOR,RG,1795,1,D,RX,BK,F
11:16:48,MYOR,RG,1795,6,D,AK,BK,F
11:16:48,MYOR,RG,1795,17,D,RX,BK,F
11:16:39,MYOR,RG,1795,1,D,AK,BK,F
11:16:39,MYOR,RG,1795,1,D,RX,BK,F
11:16:02,MYOR,RG,1795,1,D,RX,BK,F
11:15:10,MYOR,RG,1795,1,D,AK,BK,F
11:15:10,MYOR,RG,1795,4,D,AK,DX,F
11:15:09,MYOR,RG,1795,13,D,RX,DX,F
11:14:53,MYOR,RG,1795,1,D,AK,DX,F
11:14:53,MYOR,RG,1795,1,D,AK,DX,F
11:14:53,MYOR,RG,1795,10,D,AK,DX,F
11:14:53,MYOR,RG,1795,25,F,AK,DX,F
11:14:53,MYOR,RG,1795,1,F,AK,CS,D
11:13:56,MYOR,RG,1795,1,D,RX,XL,D
11:13:48,MYOR,RG,1795,1,D,RX,XL,D
11:13:39,MYOR,RG,1795,2,D,AK,XL,D
11:13:38,MYOR,RG,1795,6,D,XL,XL,D
11:13:33,MYOR,RG,1795,1,D,AK,XL,D
11:13:32,MYOR,RG,1795,1,D,RX,XL,D
11:13:15,MYOR,RG,1795,1,D,AK,XL,D
11:13:15,MYOR,RG,1795,1,D,AK,XL,D
11:13:14,MYOR,RG,1795,1,D,RX,XL,D
11:11:53,MYOR,RG,1795,1,D,AK,XL,D
11:11:53,MYOR,RG,1795,11,D,AK,XL,D
11:11:53,MYOR,RG,1795,23,F,AK,XL,D
11:11:53,MYOR,RG,1795,1,F,AK,YP,D
11:11:53,MYOR,RG,1795,8,F,AK,DX,F
11:10:22,MYOR,RG,1795,1,D,AK,DX,F
11:10:21,MYOR,RG,1790,1,D,YP,IF,D
11:07:45,MYOR,RG,1795,1,D,XL,DX,F
11:07:39,MYOR,RG,1795,1,D,AK,DX,F
11:07:38,MYOR,RG,1795,1,D,AK,DX,F
11:07:38,MYOR,RG,1795,1,D,AK,DX,F
11:07:38,MYOR,RG,1795,1,D,AK,DX,F
11:07:38,MYOR,RG,1795,1,D,AK,DX,F
11:07:38,MYOR,RG,1795,17,D,AK,DX,F
11:07:38,MYOR,RG,1795,13,F,AK,DX,F
11:07:38,MYOR,RG,1795,33,F,AK,BK,F
11:07:08,MYOR,RG,1795,1,D,XL,BK,F
11:07:03,MYOR,RG,1795,1,D,AK,BK,F
11:07:02,MYOR,RG,1790,3,D,YP,XL,D
11:06:23,MYOR,RG,1795,2,D,AK,BK,F
11:06:07,MYOR,RG,1795,1,D,PD,BK,F
11:06:00,MYOR,RG,1795,1,D,AK,BK,F
11:06:00,MYOR,RG,1795,2,D,AK,BK,F
11:06:00,MYOR,RG,1795,1,D,AK,BK,F
11:06:00,MYOR,RG,1795,19,D,AK,BK,F
11:06:00,MYOR,RG,1795,1,D,AK,CS,D
11:06:00,MYOR,RG,1795,2,D,AK,CS,D
11:06:00,MYOR,RG,1795,13,D,AK,ZP,D
11:06:00,MYOR,RG,1795,98,D,CC,ZP,D
11:05:58,MYOR,RG,1795,1,D,AK,ZP,D
11:05:57,MYOR,RG,1795,4,D,AK,ZP,D
11:05:57,MYOR,RG,1790,11,D,YP,XL,D
11:04:53,MYOR,RG,1795,1,D,AK,ZP,D
11:04:53,MYOR,RG,1795,1,D,RX,ZP,D
11:04:23,MYOR,RG,1795,1,D,AK,ZP,D
11:04:23,MYOR,RG,1795,7,D,AK,ZP,D
11:04:22,MYOR,RG,1795,20,D,OD,ZP,D
11:04:09,MYOR,RG,1795,1,D,RX,ZP,D
11:04:08,MYOR,RG,1795,2,D,AK,ZP,D
11:03:51,MYOR,RG,1795,1,D,RX,ZP,D
11:03:40,MYOR,RG,1795,1,D,RX,ZP,D
11:03:31,MYOR,RG,1795,1,D,AK,ZP,D
11:03:31,MYOR,RG,1795,1,D,AK,ZP,D
11:03:31,MYOR,RG,1795,1,D,AK,ZP,D
11:03:31,MYOR,RG,1795,11,D,AK,ZP,D
11:03:30,MYOR,RG,1795,30,D,AZ,ZP,D
11:03:26,MYOR,RG,1795,1,D,RX,ZP,D
11:03:08,MYOR,RG,1795,11,D,AK,ZP,D
11:03:08,MYOR,RG,1795,1,D,RX,ZP,D
11:03:08,MYOR,RG,1795,23,F,AK,ZP,D
11:02:32,MYOR,RG,1795,1,D,AK,ZP,D
11:02:31,MYOR,RG,1790,5,D,YP,AZ,D
11:01:53,MYOR,RG,1795,1,D,AK,ZP,D
11:01:38,MYOR,RG,1795,17,D,AK,ZP,D
11:01:38,MYOR,RG,1795,19,D,AK,DX,F
11:01:01,MYOR,RG,1795,1,D,SQ,DX,F
11:00:53,MYOR,RG,1795,3,D,AK,DX,F
11:00:36,MYOR,RG,1795,1,D,YP,DX,F
11:00:04,MYOR,RG,1795,2,D,AK,DX,F
11:00:03,MYOR,RG,1795,9,D,RX,DX,F
10:59:52,MYOR,RG,1795,2,D,RX,DX,F
10:59:52,MYOR,RG,1795,4,D,RX,DX,F
10:59:51,MYOR,RG,1795,9,D,RX,DX,F
10:59:46,MYOR,RG,1795,3,D,RX,DX,F
10:59:46,MYOR,RG,1795,4,D,RX,BK,F
10:59:44,MYOR,RG,1795,1,D,RX,BK,F
10:59:44,MYOR,RG,1795,22,D,RX,BK,F
10:59:44,MYOR,RG,1795,3,D,RX,CS,D
10:59:44,MYOR,RG,1795,3,D,RX,CS,D
10:59:44,MYOR,RG,1795,1,D,RX,CS,D
10:59:44,MYOR,RG,1795,10,D,RX,YP,D
10:59:44,MYOR,RG,1795,5,D,RX,XC,D
10:59:44,MYOR,RG,1795,10,D,RX,BK,F
10:59:43,MYOR,RG,1795,1,D,AK,BK,F
10:59:43,MYOR,RG,1795,3,D,AK,BK,F
10:59:43,MYOR,RG,1795,2,D,AK,BK,F
10:59:42,MYOR,RG,1795,17,D,AK,BK,F
10:59:42,MYOR,RG,1795,3,D,AK,CS,D
10:59:42,MYOR,RG,1795,29,D,AK,AK,F
10:59:42,MYOR,RG,1795,129,D,OD,AK,F
10:59:42,MYOR,RG,1795,1,D,OD,CS,D
10:59:42,MYOR,RG,1795,1,D,OD,CS,D
10:59:42,MYOR,RG,1795,2,D,OD,CS,D
10:59:42,MYOR,RG,1795,7,D,OD,BK,F
10:58:23,MYOR,RG,1795,13,D,AK,BK,F
10:58:23,MYOR,RG,1795,1,D,AK,CS,D
10:58:23,MYOR,RG,1795,2,D,AK,CS,D
10:58:23,MYOR,RG,1795,8,D,AK,BK,F
10:56:38,MYOR,RG,1795,2,D,AK,BK,F
10:56:38,MYOR,RG,1795,1,D,AK,BK,F
10:56:37,MYOR,RG,1795,61,F,AK,BK,F
10:55:54,MYOR,RG,1795,1,D,AK,BK,F
10:55:53,MYOR,RG,1795,5,D,AK,BK,F
10:55:53,MYOR,RG,1795,1,D,AK,CS,D
10:55:53,MYOR,RG,1795,1,D,AK,CS,D
10:55:53,MYOR,RG,1795,15,D,AK,ZP,D
10:55:39,MYOR,RG,1795,1,D,YP,ZP,D
10:55:23,MYOR,RG,1795,2,D,AK,ZP,D
10:55:23,MYOR,RG,1795,1,D,AK,ZP,D
10:54:49,MYOR,RG,1790,60,D,YP,SQ,D
10:54:44,MYOR,RG,1795,27,D,AK,ZP,D
10:54:44,MYOR,RG,1795,1,D,RX,ZP,D
10:54:37,MYOR,RG,1795,2,D,RX,ZP,D
10:54:35,MYOR,RG,1795,1,D,AK,ZP,D
10:54:35,MYOR,RG,1795,1,D,AK,ZP,D
10:54:35,MYOR,RG,1795,8,D,RX,ZP,D
10:54:31,MYOR,RG,1795,2,D,RX,ZP,D
10:54:26,MYOR,RG,1795,42,D,RX,ZP,D
10:54:21,MYOR,RG,1795,1,D,RX,ZP,D
10:54:18,MYOR,RG,1795,10,D,RX,ZP,D
10:54:18,MYOR,RG,1795,4,D,RX,ZP,D
10:54:17,MYOR,RG,1795,1,D,AK,ZP,D
10:54:16,MYOR,RG,1795,1,D,AK,ZP,D
10:54:16,MYOR,RG,1795,10,D,AK,ZP,D
10:54:15,MYOR,RG,1795,3,D,RX,ZP,D
10:54:10,MYOR,RG,1795,1,D,XC,ZP,D
10:52:07,MYOR,RG,1790,1,D,YP,XC,D
10:51:40,MYOR,RG,1790,10,D,YP,XC,D
10:51:08,MYOR,RG,1795,5,D,AK,ZP,D
10:50:34,MYOR,RG,1795,3,D,CC,ZP,D
10:50:23,MYOR,RG,1795,1,D,AK,ZP,D
10:50:08,MYOR,RG,1795,4,D,AK,ZP,D
10:49:53,MYOR,RG,1795,101,D,AK,ZP,D
10:49:52,MYOR,RG,1795,2,F,AK,ZP,D
10:49:52,MYOR,RG,1795,1,F,AK,CS,D
10:49:52,MYOR,RG,1795,2,F,AK,CS,D
10:49:52,MYOR,RG,1795,2,F,AK,CS,D
10:49:52,MYOR,RG,1795,45,F,AK,DX,F
10:49:22,MYOR,RG,1795,2,D,PD,DX,F
10:48:40,MYOR,RG,1790,7,D,YP,AK,F
10:48:32,MYOR,RG,1790,60,D,YP,SQ,D
10:48:15,MYOR,RG,1790,1,D,YP,AK,F
10:48:15,MYOR,RG,1790,2,D,YP,AK,F
10:47:53,MYOR,RG,1790,12,D,YP,CS,D
10:47:23,MYOR,RG,1795,1,D,AK,DX,F
10:46:22,MYOR,RG,1795,30,D,YP,DX,F
10:45:08,MYOR,RG,1795,10,D,AK,DX,F
10:44:53,MYOR,RG,1795,6,D,AK,DX,F
10:42:13,MYOR,RG,1795,1,D,NI,DX,F
10:41:38,MYOR,RG,1795,70,D,AK,DX,F
10:41:38,MYOR,RG,1795,73,D,AK,BK,F
10:41:38,MYOR,RG,1795,1,D,AK,CS,D
10:41:38,MYOR,RG,1795,1,D,AK,CS,D
10:41:38,MYOR,RG,1795,10,D,AK,BK,F
10:40:23,MYOR,RG,1795,2,D,AK,BK,F
10:39:29,MYOR,RG,1790,1,D,YP,PD,D
10:39:08,MYOR,RG,1795,8,D,AK,BK,F
10:38:23,MYOR,RG,1795,6,D,AK,BK,F
10:31:22,MYOR,RG,1790,1,D,XC,LG,D
10:30:27,MYOR,RG,1795,1,D,XL,BK,F
10:30:18,MYOR,RG,1790,3,D,PD,CS,D
10:30:18,MYOR,RG,1795,15,F,AK,BK,F
10:30:18,MYOR,RG,1795,25,F,AK,BK,F
10:30:18,MYOR,RG,1795,18,F,AK,BK,F
10:30:18,MYOR,RG,1795,1,F,AK,BK,F
10:30:18,MYOR,RG,1795,9,F,AK,ZP,D
10:30:18,MYOR,RG,1795,17,F,AK,ZP,D
10:30:18,MYOR,RG,1795,1,D,GR,ZP,D
10:30:18,MYOR,RG,1795,2,D,RX,ZP,D
10:30:18,MYOR,RG,1795,8,D,RX,ZP,D
10:30:18,MYOR,RG,1795,44,D,RX,ZP,D
10:30:18,MYOR,RG,1795,1,D,RX,ZP,D
10:30:18,MYOR,RG,1795,7,D,RX,ZP,D
10:30:18,MYOR,RG,1795,5,D,NI,ZP,D
10:30:18,MYOR,RG,1795,145,D,CC,ZP,D
10:30:18,MYOR,RG,1795,25,D,XC,ZP,D
10:30:18,MYOR,RG,1795,2,D,RX,ZP,D
10:30:18,MYOR,RG,1795,7,D,RX,ZP,D
10:30:18,MYOR,RG,1795,13,D,RX,ZP,D
10:30:18,MYOR,RG,1795,16,D,RX,ZP,D
10:30:18,MYOR,RG,1795,1,D,RX,ZP,D
10:30:18,MYOR,RG,1795,50,D,RX,ZP,D
10:30:18,MYOR,RG,1795,2,D,RX,ZP,D
10:30:18,MYOR,RG,1795,2,D,RX,ZP,D
10:30:18,MYOR,RG,1795,3,D,RX,ZP,D
10:30:18,MYOR,RG,1795,1,D,RX,ZP,D
10:30:18,MYOR,RG,1795,8,D,RX,ZP,D
10:30:18,MYOR,RG,1795,1,D,RX,ZP,D
10:30:18,MYOR,RG,1795,1,D,RX,ZP,D
10:30:18,MYOR,RG,1795,1,D,RX,ZP,D
10:30:18,MYOR,RG,1795,1,D,RX,ZP,D
10:30:18,MYOR,RG,1795,1,D,RX,ZP,D
10:30:18,MYOR,RG,1795,1,D,RX,ZP,D
10:30:18,MYOR,RG,1795,1,D,RX,ZP,D
10:30:18,MYOR,RG,1795,17,F,AK,ZP,D
10:30:18,MYOR,RG,1795,1,D,RX,ZP,D
10:30:18,MYOR,RG,1795,1,D,RX,ZP,D
10:30:18,MYOR,RG,1795,1,D,RX,ZP,D
10:30:18,MYOR,RG,1795,1,D,RX,ZP,D
10:30:18,MYOR,RG,1795,4,D,AK,ZP,D
10:30:18,MYOR,RG,1795,4,D,AK,ZP,D
10:30:18,MYOR,RG,1795,2,D,AK,ZP,D
10:30:18,MYOR,RG,1795,2,D,AK,ZP,D
10:30:18,MYOR,RG,1795,1,D,AK,ZP,D
10:30:18,MYOR,RG,1795,1,D,AK,ZP,D
10:30:18,MYOR,RG,1795,42,D,AK,ZP,D
10:30:18,MYOR,RG,1795,47,D,AK,ZP,D
10:30:07,MYOR,RG,1800,44,F,AK,ZP,D
10:28:57,MYOR,RG,1795,2,D,AK,LG,D
10:28:22,MYOR,RG,1795,25,D,AK,PD,D
10:27:52,MYOR,RG,1800,1,D,RX,ZP,D
10:27:42,MYOR,RG,1800,10,D,RX,ZP,D
10:27:39,MYOR,RG,1800,14,D,RX,ZP,D
10:27:14,MYOR,RG,1800,10,D,XL,ZP,D
10:26:52,MYOR,RG,1800,1,D,RX,ZP,D
10:26:09,MYOR,RG,1795,23,D,AK,AT,D
10:25:29,MYOR,RG,1795,20,D,AK,XC,D
10:24:52,MYOR,RG,1800,26,F,AK,ZP,D
10:23:15,MYOR,RG,1800,1,D,RX,ZP,D
10:23:02,MYOR,RG,1800,1,D,RX,ZP,D
10:22:59,MYOR,RG,1800,1,D,RX,ZP,D
10:22:59,MYOR,RG,1800,4,D,RX,ZP,D
10:22:56,MYOR,RG,1800,2,D,RX,ZP,D
10:22:55,MYOR,RG,1800,1,D,RX,ZP,D
10:22:42,MYOR,RG,1800,7,D,RX,ZP,D
10:22:40,MYOR,RG,1800,28,D,RX,ZP,D
10:22:39,MYOR,RG,1800,1,D,RX,ZP,D
10:22:35,MYOR,RG,1800,1,D,RX,ZP,D
10:22:19,MYOR,RG,1800,2,D,RX,ZP,D
10:22:18,MYOR,RG,1800,8,D,RX,ZP,D
10:22:16,MYOR,RG,1800,1,D,RX,ZP,D
10:22:08,MYOR,RG,1795,24,D,AK,BK,F
