Time,Stock,Brd,Price,Qty,BT,BC,SC,ST
15:12:11,MYOR,RG,1580,2,D,DR,XC,D
15:10:28,MYOR,RG,1580,50,D,DR,YU,D
15:10:28,MYOR,RG,1580,27,D,DR,YU,D
15:09:54,MYOR,RG,1580,173,D,ZP,YU,D
15:09:54,MYOR,RG,1580,27,D,ZP,KK,D
15:09:54,MYOR,RG,1580,3,D,CC,KK,D
15:09:41,MYOR,RG,1580,180,D,ZP,KK,D
15:09:41,MYOR,RG,1580,20,D,ZP,DX,D
15:08:59,MYOR,RG,1580,10,D,YP,DX,D
15:08:37,MYOR,RG,1580,1,D,XC,DX,D
15:07:35,MYOR,RG,1580,169,D,ZP,DX,D
15:07:35,MYOR,RG,1580,31,D,ZP,RF,D
15:07:20,MYOR,RG,1580,1,D,XC,RF,D
15:06:59,MYOR,RG,1580,1,D,PD,RF,D
15:06:31,MYOR,RG,1580,394,D,ZP,RF,D
15:06:31,MYOR,RG,1580,6,D,ZP,CC,D
15:06:29,MYOR,RG,1580,10,D,YP,CC,D
15:04:15,MYOR,RG,1580,100,D,ZP,CC,D
15:04:09,MYOR,RG,1580,34,D,ZP,CC,D
15:04:09,MYOR,RG,1580,276,D,ZP,ZP,F
15:04:02,MYOR,RG,1580,5,D,DR,ZP,F
15:04:02,MYOR,RG,1580,2,D,CC,ZP,F
15:04:02,MYOR,RG,1580,1,D,GR,ZP,F
15:04:02,MYOR,RG,1580,20,D,CC,ZP,F
15:04:02,MYOR,RG,1580,1,D,XC,ZP,F
15:04:02,MYOR,RG,1580,25,D,GR,ZP,F
15:04:02,MYOR,RG,1580,10,D,TP,ZP,F
15:04:02,MYOR,RG,1580,1,D,XC,ZP,F
15:04:02,MYOR,RG,1580,200,D,LG,ZP,F
15:04:02,MYOR,RG,1580,1,D,DR,ZP,F
15:04:02,MYOR,RG,1580,10,D,PD,ZP,F
15:04:02,MYOR,RG,1580,1,D,YP,ZP,F
15:04:02,MYOR,RG,1580,1,D,XC,ZP,F
15:04:02,MYOR,RG,1580,5,D,CP,ZP,F
15:04:02,MYOR,RG,1580,2,D,OD,ZP,F
15:04:02,MYOR,RG,1580,439,D,ZP,ZP,F
15:03:57,MYOR,RG,1580,1,D,ZP,YB,D
15:03:48,MYOR,RG,1580,25,D,ZP,NI,D
15:03:44,MYOR,RG,1580,35,D,ZP,ZP,F
15:03:44,MYOR,RG,1580,5,D,YP,ZP,F
15:03:44,MYOR,RG,1580,500,D,ZP,ZP,F
15:03:44,MYOR,RG,1580,50,D,YP,ZP,F
15:03:44,MYOR,RG,1580,1,D,XC,ZP,F
15:03:44,MYOR,RG,1580,1,D,NI,ZP,F
15:03:44,MYOR,RG,1580,25,D,YP,ZP,F
15:03:44,MYOR,RG,1580,20,D,PD,ZP,F
15:03:44,MYOR,RG,1580,100,D,YP,ZP,F
15:03:44,MYOR,RG,1580,5,D,NI,ZP,F
15:03:44,MYOR,RG,1580,5,D,NI,ZP,F
15:03:44,MYOR,RG,1580,9,D,XC,ZP,F
15:03:44,MYOR,RG,1580,1,D,XC,ZP,F
15:03:44,MYOR,RG,1580,50,D,NI,ZP,F
15:03:44,MYOR,RG,1580,1,D,PD,ZP,F
15:03:44,MYOR,RG,1580,1,D,XC,ZP,F
15:03:44,MYOR,RG,1580,5,D,AT,ZP,F
15:03:44,MYOR,RG,1580,3,D,YP,ZP,F
15:03:44,MYOR,RG,1580,5,D,PD,ZP,F
15:03:44,MYOR,RG,1580,5,D,PD,ZP,F
15:03:44,MYOR,RG,1580,1,D,PD,ZP,F
15:03:44,MYOR,RG,1580,1,D,CC,ZP,F
15:03:44,MYOR,RG,1580,171,D,YP,ZP,F
15:01:35,MYOR,RG,1580,20,D,YP,PD,D
15:01:34,MYOR,RG,1580,1,D,YP,PD,D
15:00:00,MYOR,RG,1580,1,D,YP,XL,D
15:00:00,MYOR,RG,1580,34,D,YP,AI,D
15:00:00,MYOR,RG,1580,1,D,YP,TF,D
15:00:00,MYOR,RG,1580,7,D,YP,YP,D
15:00:00,MYOR,RG,1580,10,D,YP,PD,D
15:00:00,MYOR,RG,1580,10,D,YP,NI,D
15:00:00,MYOR,RG,1580,45,D,YP,DX,F
15:00:00,MYOR,RG,1580,1,D,PD,DX,F
15:00:00,MYOR,RG,1580,1,D,YP,DX,F
15:00:00,MYOR,RG,1580,3,D,DH,DX,F
15:00:00,MYOR,RG,1580,366,D,ZP,DX,F
15:00:00,MYOR,RG,1580,190,D,NI,DX,F
15:00:00,MYOR,RG,1580,25,D,LG,DX,F
15:00:00,MYOR,RG,1580,50,D,LG,DX,F
15:00:00,MYOR,RG,1580,50,D,LG,DX,F
15:00:00,MYOR,RG,1580,1,D,XC,DX,F
15:00:00,MYOR,RG,1580,2,D,XC,DX,F
15:00:00,MYOR,RG,1580,1,D,KK,DX,F
15:00:00,MYOR,RG,1580,93,F,KZ,DX,F
15:00:00,MYOR,RG,1580,46,F,KZ,ZP,F
14:49:23,MYOR,RG,1580,1,D,ZP,ZP,F
14:49:16,MYOR,RG,1580,2,D,ZP,ZP,F
14:49:14,MYOR,RG,1590,2,D,PD,XC,D
14:49:14,MYOR,RG,1590,1,D,PD,XC,D
14:49:12,MYOR,RG,1590,2,D,BB,XC,D
14:49:12,MYOR,RG,1590,1,D,BB,GR,D
14:49:12,MYOR,RG,1590,2,D,BB,YP,D
14:49:09,MYOR,RG,1590,9,D,BB,YP,D
14:48:58,MYOR,RG,1580,35,D,ZP,ZP,F
14:48:48,MYOR,RG,1585,23,D,BB,DX,F
14:48:48,MYOR,RG,1585,302,D,SQ,DX,F
14:48:44,MYOR,RG,1590,1,D,BB,CC,D
14:48:44,MYOR,RG,1590,3,D,BB,DH,D
14:48:43,MYOR,RG,1585,98,D,SQ,DX,F
14:48:33,MYOR,RG,1585,1,D,NI,AK,F
14:48:32,MYOR,RG,1585,35,D,SQ,AK,F
14:48:32,MYOR,RG,1585,70,D,SQ,ZP,F
14:48:32,MYOR,RG,1585,5,D,SQ,PD,D
14:48:32,MYOR,RG,1585,1,D,SQ,SQ,D
14:48:32,MYOR,RG,1585,2,D,SQ,AK,F
14:48:32,MYOR,RG,1585,20,D,SQ,AK,F
14:48:32,MYOR,RG,1585,17,D,SQ,LS,D
14:48:30,MYOR,RG,1585,3,D,BB,LS,D
14:48:30,MYOR,RG,1580,1,D,ZP,ZP,F
14:48:22,MYOR,RG,1585,2,D,BB,DX,F
14:48:18,MYOR,RG,1585,2,D,BB,DX,F
14:48:18,MYOR,RG,1580,1,D,ZP,ZP,F
14:48:17,MYOR,RG,1585,1,D,TP,DX,F
14:48:07,MYOR,RG,1585,1,D,BB,DX,F
14:48:07,MYOR,RG,1580,2,D,ZP,AK,F
14:48:06,MYOR,RG,1580,32,D,ZP,ZP,F
14:48:01,MYOR,RG,1580,2,D,ZP,AK,F
14:48:00,MYOR,RG,1585,28,D,BB,DX,F
14:48:00,MYOR,RG,1580,1,D,ZP,AK,F
14:47:59,MYOR,RG,1585,4,F,AK,DX,F
14:47:59,MYOR,RG,1585,1,F,AK,XC,D
14:47:59,MYOR,RG,1585,5,F,AK,CC,D
14:47:59,MYOR,RG,1585,8,F,AK,CC,D
14:47:59,MYOR,RG,1585,1,F,AK,PD,D
14:47:58,MYOR,RG,1580,6,D,ZP,AK,F
14:47:58,MYOR,RG,1585,9,D,CC,PD,D
14:47:58,MYOR,RG,1585,10,D,CC,CC,D
14:47:58,MYOR,RG,1585,81,D,CC,DX,F
14:47:09,MYOR,RG,1585,1,F,AK,DX,F
14:47:02,MYOR,RG,1580,6,D,ZP,ZP,F
14:46:56,MYOR,RG,1585,29,D,BB,DX,F
14:46:18,MYOR,RG,1580,20,D,ZP,ZP,F
14:46:07,MYOR,RG,1580,21,D,ZP,ZP,F
14:46:06,MYOR,RG,1585,100,D,CC,DX,F
14:45:54,MYOR,RG,1580,4,D,ZP,YU,D
14:45:54,MYOR,RG,1580,96,D,SQ,YU,D
14:45:51,MYOR,RG,1580,20,D,SQ,ZP,F
14:45:48,MYOR,RG,1580,50,D,SQ,YU,D
14:45:44,MYOR,RG,1585,1,D,YU,DX,F
14:45:44,MYOR,RG,1585,44,D,BB,DX,F
14:45:39,MYOR,RG,1580,8,D,SQ,ZP,F
14:45:38,MYOR,RG,1580,2,D,SQ,ZP,F
14:45:37,MYOR,RG,1580,1,D,SQ,XL,D
14:45:32,MYOR,RG,1580,41,D,SQ,ZP,F
14:45:31,MYOR,RG,1580,50,D,SQ,YU,D
14:45:23,MYOR,RG,1580,200,D,SQ,YU,D
14:45:20,MYOR,RG,1580,1,D,SQ,ZP,F
14:45:05,MYOR,RG,1580,1,D,SQ,ZP,F
14:45:04,MYOR,RG,1585,4,D,PD,DX,F
14:44:58,MYOR,RG,1580,5,D,SQ,CC,D
14:44:39,MYOR,RG,1580,2,D,SQ,ZP,F
14:44:37,MYOR,RG,1585,1,D,PD,DX,F
14:44:34,MYOR,RG,1580,10,D,SQ,PD,D
14:44:21,MYOR,RG,1580,13,D,SQ,ZP,F
14:43:59,MYOR,RG,1585,65,D,BB,DX,F
14:42:28,MYOR,RG,1580,1,D,SQ,ZP,F
14:42:27,MYOR,RG,1585,1,D,XC,DX,F
14:42:20,MYOR,RG,1580,2,D,SQ,NI,D
14:42:15,MYOR,RG,1585,1,D,PD,DX,F
14:41:26,MYOR,RG,1580,18,D,SQ,ZP,F
14:41:20,MYOR,RG,1585,87,D,BB,DX,F
14:40:43,MYOR,RG,1580,1,D,SQ,EP,D
14:40:22,MYOR,RG,1580,22,D,SQ,ZP,F
14:39:54,MYOR,RG,1580,110,D,SQ,YP,D
14:39:37,MYOR,RG,1580,8,D,SQ,ZP,F
14:39:20,MYOR,RG,1585,35,D,ES,DX,F
14:38:15,MYOR,RG,1580,11,D,SQ,ZP,F
14:38:15,MYOR,RG,1585,1,D,XC,DX,F
14:37:52,MYOR,RG,1585,26,D,BB,DX,F
14:37:52,MYOR,RG,1585,28,D,BB,LG,D
14:37:27,MYOR,RG,1580,2,D,SQ,CC,D
14:37:00,MYOR,RG,1580,2,D,SQ,ZP,F
14:36:49,MYOR,RG,1580,10,D,SQ,CC,D
14:36:33,MYOR,RG,1580,48,D,SQ,ZP,F
14:36:23,MYOR,RG,1580,200,D,SQ,OD,D
14:36:20,MYOR,RG,1585,27,D,ES,LG,D
14:36:20,MYOR,RG,1585,5,D,ES,YU,D
14:36:00,MYOR,RG,1580,2,D,SQ,ZP,F
14:35:55,MYOR,RG,1585,10,D,YP,YU,D
14:35:21,MYOR,RG,1580,1,D,SQ,ZP,F
14:35:11,MYOR,RG,1580,7,D,SQ,CC,D
14:34:21,MYOR,RG,1580,38,D,SQ,ZP,F
14:34:14,MYOR,RG,1580,7,D,SQ,ZP,F
14:34:13,MYOR,RG,1580,10,D,SQ,DX,F
14:34:13,MYOR,RG,1580,3,D,XC,DX,F
14:34:13,MYOR,RG,1580,171,D,YP,DX,F
14:33:59,MYOR,RG,1585,32,D,ES,YU,D
14:33:22,MYOR,RG,1585,1,D,XC,YU,D
14:33:18,MYOR,RG,1580,29,D,YP,ZP,F
14:33:18,MYOR,RG,1580,1,D,XC,ZP,F
14:33:18,MYOR,RG,1580,1,D,XC,ZP,F
14:33:18,MYOR,RG,1580,10,D,XC,ZP,F
14:33:17,MYOR,RG,1585,1,D,PD,YU,D
14:33:08,MYOR,RG,1580,200,D,ZP,YP,D
14:32:41,MYOR,RG,1580,2,D,BB,XL,D
14:32:17,MYOR,RG,1580,10,D,BB,ZP,F
14:32:17,MYOR,RG,1580,4,D,NI,ZP,F
14:31:55,MYOR,RG,1585,1,D,YP,YU,D
14:31:50,MYOR,RG,1585,65,D,ES,YU,D
14:31:50,MYOR,RG,1580,2,D,NI,ZP,F
14:31:44,MYOR,RG,1585,10,D,TP,YU,D
14:31:22,MYOR,RG,1580,8,D,NI,ZP,F
14:31:16,MYOR,RG,1585,38,D,BB,YU,D
14:30:51,MYOR,RG,1580,3,D,NI,CC,D
14:29:32,MYOR,RG,1580,11,D,NI,ZP,F
14:29:24,MYOR,RG,1580,13,D,NI,XC,D
14:29:18,MYOR,RG,1585,41,D,BB,YU,D
14:28:27,MYOR,RG,1580,1,D,NI,ZP,F
14:28:12,MYOR,RG,1585,3,D,XC,YU,D
14:27:51,MYOR,RG,1580,1,D,NI,ZP,F
14:27:33,MYOR,RG,1580,3,D,NI,XC,D
14:27:32,MYOR,RG,1585,1,D,XC,YU,D
14:27:27,MYOR,RG,1580,4,D,NI,ZP,F
14:27:16,MYOR,RG,1585,1,D,YP,YU,D
14:27:15,MYOR,RG,1585,21,D,BB,YU,D
14:27:12,MYOR,RG,1585,1,D,EP,YU,D
14:26:04,MYOR,RG,1585,3,D,DH,YU,D
14:25:32,MYOR,RG,1585,2,D,XC,YU,D
14:25:27,MYOR,RG,1575,9,D,ZP,ZP,F
14:25:26,MYOR,RG,1580,1,D,PD,ZP,F
14:25:26,MYOR,RG,1580,1,D,EP,ZP,F
14:25:20,MYOR,RG,1585,50,D,KK,YU,D
14:25:08,MYOR,RG,1575,2,D,ZP,ZP,F
14:24:58,MYOR,RG,1585,38,D,BB,YU,D
14:24:57,MYOR,RG,1580,6,D,BB,PD,D
14:24:57,MYOR,RG,1575,8,D,ZP,ZP,F
14:24:56,MYOR,RG,1580,4,D,BB,YU,D
14:24:41,MYOR,RG,1575,21,D,ZP,ZP,F
14:24:40,MYOR,RG,1580,46,F,CC,YU,D
14:24:29,MYOR,RG,1580,1,F,CC,YU,D
14:24:29,MYOR,RG,1575,41,D,ZP,ZP,F
14:24:28,MYOR,RG,1580,3,D,KK,YU,D
14:24:28,MYOR,RG,1580,2,D,BB,YU,D
14:24:28,MYOR,RG,1580,94,D,PD,YU,D
14:24:22,MYOR,RG,1580,6,D,PD,YU,D
14:24:22,MYOR,RG,1580,50,D,CC,YU,D
14:24:22,MYOR,RG,1580,50,D,NI,YU,D
14:24:22,MYOR,RG,1580,94,F,CC,YU,D
14:24:21,MYOR,RG,1580,20,F,CC,ZP,F
14:24:17,MYOR,RG,1580,100,F,CC,YU,D
14:24:06,MYOR,RG,1580,16,F,CC,ZP,F
14:23:56,MYOR,RG,1585,1,D,PD,YU,D
14:23:51,MYOR,RG,1585,76,D,NI,YU,D
14:22:26,MYOR,RG,1580,1,F,CC,PD,D
14:22:22,MYOR,RG,1580,2,F,CC,ZP,F
14:21:58,MYOR,RG,1585,9,D,XC,YU,D
14:21:50,MYOR,RG,1580,1,F,CC,ZP,F
14:21:49,MYOR,RG,1585,1,D,PD,YU,D
14:21:34,MYOR,RG,1580,5,F,CC,ZP,F
14:21:33,MYOR,RG,1580,1,D,AT,XC,D
14:21:28,MYOR,RG,1585,89,D,PD,YU,D
14:21:28,MYOR,RG,1585,10,D,PD,PD,D
14:21:28,MYOR,RG,1585,1,D,PD,XC,D
14:21:23,MYOR,RG,1575,9,D,ZP,ZP,F
14:21:22,MYOR,RG,1580,2,F,CC,ZP,F
14:20:55,MYOR,RG,1580,20,F,CC,ZP,F
14:20:54,MYOR,RG,1580,15,F,CC,YU,D
14:20:54,MYOR,RG,1580,35,D,ZP,YU,D
14:20:46,MYOR,RG,1580,41,D,ZP,ZP,F
14:20:46,MYOR,RG,1580,100,D,ZP,YU,D
14:20:42,MYOR,RG,1580,200,D,ZP,YU,D
14:20:28,MYOR,RG,1580,118,D,ZP,DX,F
14:20:28,MYOR,RG,1580,6,D,ZP,ZP,F
14:20:26,MYOR,RG,1575,8,F,CC,ZP,F
14:20:10,MYOR,RG,1575,3,F,CC,ZP,F
14:20:10,MYOR,RG,1575,3,D,KK,ZP,F
14:20:10,MYOR,RG,1575,1,D,NI,ZP,F
14:20:10,MYOR,RG,1575,10,D,XL,ZP,F
14:20:09,MYOR,RG,1580,137,D,ZP,DX,F
14:20:08,MYOR,RG,1580,11,D,ZP,ZP,F
14:20:08,MYOR,RG,1580,18,D,ZP,ZP,F
14:20:08,MYOR,RG,1580,301,D,ZP,DX,F
14:20:08,MYOR,RG,1580,10,D,ZP,PD,D
14:20:08,MYOR,RG,1580,5,D,ZP,XL,D
14:20:08,MYOR,RG,1580,18,D,ZP,DX,F
14:20:01,MYOR,RG,1580,49,F,AK,DX,F
14:20:01,MYOR,RG,1580,4,F,AK,DX,F
14:20:01,MYOR,RG,1580,197,D,ZP,DX,F
14:20:01,MYOR,RG,1580,303,D,ZP,YU,D
14:19:37,MYOR,RG,1575,1,D,XL,AZ,D
14:19:35,MYOR,RG,1575,1,D,XL,ZP,F
14:19:25,MYOR,RG,1575,10,D,XL,YP,D
14:18:22,MYOR,RG,1575,3,D,XL,ZP,F
14:18:22,MYOR,RG,1580,1,D,XL,YU,D
14:18:10,MYOR,RG,1575,25,D,XL,YU,D
14:18:10,MYOR,RG,1575,9,D,XA,YU,D
14:18:10,MYOR,RG,1575,16,D,XC,YU,D
14:17:58,MYOR,RG,1575,2,D,XC,ZP,F
14:17:50,MYOR,RG,1580,1,D,XC,YU,D
14:17:46,MYOR,RG,1575,21,D,XC,YU,D
14:17:46,MYOR,RG,1575,2,D,PD,YU,D
14:17:46,MYOR,RG,1575,3,D,XL,YU,D
14:17:46,MYOR,RG,1575,1,D,PD,YU,D
14:17:46,MYOR,RG,1575,1,D,PD,YU,D
14:17:46,MYOR,RG,1575,10,D,AT,YU,D
14:17:46,MYOR,RG,1575,12,D,CC,YU,D
14:16:36,MYOR,RG,1580,1,D,PD,YU,D
14:16:19,MYOR,RG,1575,3,D,CC,ZP,F
14:16:10,MYOR,RG,1575,35,D,CC,YU,D
14:16:10,MYOR,RG,1575,5,D,NI,YU,D
14:16:10,MYOR,RG,1575,5,D,EP,YU,D
14:16:10,MYOR,RG,1575,1,D,OD,YU,D
14:16:10,MYOR,RG,1575,4,D,CC,YU,D
14:15:58,MYOR,RG,1580,2,D,DR,YU,D
14:15:45,MYOR,RG,1575,10,D,GR,ZP,F
14:15:31,MYOR,RG,1580,192,D,NI,YU,D
14:15:31,MYOR,RG,1580,34,D,NI,ZP,F
14:15:31,MYOR,RG,1580,3,D,NI,DH,D
14:15:31,MYOR,RG,1580,100,D,NI,YJ,D
14:15:31,MYOR,RG,1580,100,D,NI,OD,D
14:15:31,MYOR,RG,1580,94,D,NI,DX,F
14:15:31,MYOR,RG,1580,5,D,NI,CC,D
14:15:31,MYOR,RG,1580,100,D,NI,YP,D
14:15:31,MYOR,RG,1580,10,D,NI,XL,D
14:15:31,MYOR,RG,1580,6,D,NI,HP,D
14:15:31,MYOR,RG,1580,1,D,NI,XC,D
14:15:31,MYOR,RG,1580,167,D,NI,DX,F
14:15:31,MYOR,RG,1580,4,D,NI,AK,F
14:15:31,MYOR,RG,1580,12,D,NI,XC,D
14:15:31,MYOR,RG,1580,5,D,NI,AK,F
14:15:31,MYOR,RG,1580,1,D,NI,DH,D
14:15:31,MYOR,RG,1580,30,D,NI,DX,F
14:15:21,MYOR,RG,1580,4,D,PD,DX,F
14:15:03,MYOR,RG,1580,1,D,OD,DX,F
14:14:47,MYOR,RG,1580,2,D,PD,DX,F
14:14:44,MYOR,RG,1575,9,D,NI,ZP,F
14:14:25,MYOR,RG,1575,127,D,NI,DX,F
14:14:25,MYOR,RG,1575,13,D,NI,DX,F
14:14:25,MYOR,RG,1575,20,D,PD,DX,F
14:14:25,MYOR,RG,1575,9,F,CC,DX,F
14:13:43,MYOR,RG,1575,6,F,CC,ZP,F
14:13:42,MYOR,RG,1575,10,F,CC,YB,D
14:13:35,MYOR,RG,1575,110,F,CC,DX,F
14:12:02,MYOR,RG,1575,6,F,CC,ZP,F
14:11:55,MYOR,RG,1575,58,F,CC,YU,D
14:11:55,MYOR,RG,1575,5,D,YP,YU,D
14:11:55,MYOR,RG,1575,37,D,BB,YU,D
14:11:51,MYOR,RG,1575,2,D,BB,ZP,F
14:11:43,MYOR,RG,1575,1,D,BB,YP,D
14:11:43,MYOR,RG,1575,49,D,CC,YP,D
14:11:40,MYOR,RG,1575,1,D,CC,ZP,F
14:11:40,MYOR,RG,1575,1,D,SQ,ZP,F
14:11:30,MYOR,RG,1575,3,D,SQ,ZP,F
14:11:26,MYOR,RG,1575,1,D,SQ,ZP,F
14:11:26,MYOR,RG,1575,26,D,SQ,ZP,F
14:11:25,MYOR,RG,1575,100,D,SQ,YU,D
14:11:22,MYOR,RG,1575,11,D,SQ,AK,F
14:11:20,MYOR,RG,1575,63,D,SQ,YU,D
14:11:20,MYOR,RG,1575,196,D,BB,YU,D
14:11:20,MYOR,RG,1575,4,D,CC,YU,D
14:11:20,MYOR,RG,1575,49,D,YP,YU,D
14:11:20,MYOR,RG,1575,8,D,BB,YU,D
14:11:20,MYOR,RG,1575,1,D,YP,YU,D
14:11:20,MYOR,RG,1575,10,D,GR,YU,D
14:11:20,MYOR,RG,1575,128,D,PD,YU,D
14:11:20,MYOR,RG,1575,10,D,YP,YU,D
14:11:20,MYOR,RG,1575,9,D,CC,YU,D
14:11:20,MYOR,RG,1575,10,D,GR,YU,D
14:11:20,MYOR,RG,1575,1,D,SQ,YU,D
14:11:20,MYOR,RG,1575,5,D,YP,YU,D
14:11:20,MYOR,RG,1575,2,D,PD,YU,D
14:11:20,MYOR,RG,1575,4,D,PD,YU,D
14:11:06,MYOR,RG,1575,1,D,PD,ZP,F
14:11:06,MYOR,RG,1575,1,D,PD,ZP,F
14:11:03,MYOR,RG,1575,24,D,PD,AK,F
14:10:50,MYOR,RG,1575,7,D,PD,ZP,F
14:10:50,MYOR,RG,1575,1,D,XC,ZP,F
14:10:49,MYOR,RG,1575,1,D,XC,ZP,F
14:10:49,MYOR,RG,1575,8,D,XC,ZP,F
14:10:40,MYOR,RG,1575,32,D,XC,CC,D
14:10:40,MYOR,RG,1575,30,D,PD,CC,D
14:10:40,MYOR,RG,1575,10,D,KK,CC,D
14:10:40,MYOR,RG,1575,5,D,XC,CC,D
14:10:40,MYOR,RG,1575,73,D,HP,CC,D
14:10:40,MYOR,RG,1580,1,D,NI,DX,F
14:10:39,MYOR,RG,1575,7,D,HP,ZP,F
14:10:39,MYOR,RG,1575,2,D,XL,ZP,F
14:10:39,MYOR,RG,1575,1,D,PD,ZP,F
14:10:39,MYOR,RG,1575,4,D,PD,DX,F
14:10:39,MYOR,RG,1575,4,D,PD,DX,F
14:10:39,MYOR,RG,1575,7,D,SQ,DX,F
14:10:39,MYOR,RG,1575,1,D,PD,DX,F
14:10:39,MYOR,RG,1575,8,D,LG,DX,F
14:10:39,MYOR,RG,1575,10,D,YP,DX,F
14:10:39,MYOR,RG,1575,90,D,YP,DX,F
14:10:39,MYOR,RG,1575,10,D,SQ,DX,F
14:10:39,MYOR,RG,1575,10,D,KK,DX,F
14:10:39,MYOR,RG,1575,25,D,EP,DX,F
14:10:39,MYOR,RG,1575,10,D,CC,DX,F
14:10:39,MYOR,RG,1575,5,D,NI,DX,F
14:10:39,MYOR,RG,1575,1,D,AT,DX,F
14:10:39,MYOR,RG,1575,1,D,XC,DX,F
14:10:35,MYOR,RG,1575,1,D,YP,ZP,F
14:10:35,MYOR,RG,1575,3,D,YP,ZP,F
14:10:34,MYOR,RG,1575,7,D,YP,DX,F
14:10:34,MYOR,RG,1575,1,D,PD,DX,F
14:10:34,MYOR,RG,1575,10,D,YP,DX,F
14:10:34,MYOR,RG,1575,5,D,YP,DX,F
14:10:34,MYOR,RG,1575,3,D,XC,DX,F
14:10:34,MYOR,RG,1575,2,D,XC,DX,F
14:10:34,MYOR,RG,1575,10,D,NI,DX,F
14:10:34,MYOR,RG,1575,147,D,NI,DX,F
14:10:17,MYOR,RG,1575,68,D,NI,AK,F
14:10:16,MYOR,RG,1580,1,D,YP,DX,F
14:08:29,MYOR,RG,1575,5,D,NI,YB,D
14:08:21,MYOR,RG,1575,10,D,NI,ZP,F
14:08:08,MYOR,RG,1575,27,D,NI,ZP,F
14:08:08,MYOR,RG,1575,200,D,NI,YU,D
14:08:02,MYOR,RG,1575,343,D,NI,YU,D
14:08:02,MYOR,RG,1575,1,D,PD,YU,D
14:08:02,MYOR,RG,1575,1,D,YU,YU,D
14:08:02,MYOR,RG,1575,1,D,XC,YU,D
14:08:02,MYOR,RG,1575,6,D,PD,YU,D
14:08:02,MYOR,RG,1575,50,D,YP,YU,D
14:08:02,MYOR,RG,1575,5,D,YP,YU,D
14:08:02,MYOR,RG,1575,10,D,YP,YU,D
14:08:02,MYOR,RG,1575,22,D,XC,YU,D
14:08:02,MYOR,RG,1575,2,D,KK,YU,D
14:08:02,MYOR,RG,1575,3,D,KK,YU,D
14:08:02,MYOR,RG,1575,30,D,NI,YU,D
14:08:02,MYOR,RG,1575,1,D,XC,YU,D
14:08:02,MYOR,RG,1575,10,D,NI,YU,D
14:08:02,MYOR,RG,1575,1,D,PD,YU,D
14:08:02,MYOR,RG,1575,1,D,XL,YU,D
14:08:02,MYOR,RG,1575,13,D,KK,YU,D
14:07:59,MYOR,RG,1575,5,D,KK,ZP,F
14:07:59,MYOR,RG,1580,2,D,DR,DX,F
14:07:34,MYOR,RG,1575,12,D,KK,ZP,F
14:07:34,MYOR,RG,1575,1,D,EP,ZP,F
14:07:34,MYOR,RG,1575,1,D,XC,ZP,F
14:07:34,MYOR,RG,1575,2,D,EP,ZP,F
14:07:33,MYOR,RG,1575,100,D,EP,YU,D
14:07:33,MYOR,RG,1575,2,D,EP,ZP,F
14:07:28,MYOR,RG,1575,54,D,EP,YU,D
14:07:28,MYOR,RG,1575,3,D,XC,YU,D
14:07:28,MYOR,RG,1575,1,D,YP,YU,D
14:07:28,MYOR,RG,1575,1,D,XC,YU,D
14:07:28,MYOR,RG,1575,30,D,BB,YU,D
14:07:28,MYOR,RG,1575,3,D,PD,YU,D
14:07:28,MYOR,RG,1575,1,D,CC,YU,D
14:07:28,MYOR,RG,1575,1,D,YP,YU,D
14:07:28,MYOR,RG,1575,206,D,DH,YU,D
14:07:27,MYOR,RG,1580,30,D,BB,DX,F
14:07:25,MYOR,RG,1575,5,D,DH,ZP,F
14:07:24,MYOR,RG,1575,10,D,DH,ZP,F
14:07:23,MYOR,RG,1575,29,D,DH,YU,D
14:07:23,MYOR,RG,1575,3,D,YP,YU,D
14:07:23,MYOR,RG,1575,2,D,NI,YU,D
14:07:23,MYOR,RG,1575,5,D,XC,YU,D
14:07:23,MYOR,RG,1575,1,D,PD,YU,D
14:07:23,MYOR,RG,1575,1,D,PD,YU,D
14:07:23,MYOR,RG,1575,1,D,OD,YU,D
14:07:23,MYOR,RG,1575,50,D,CC,YU,D
14:07:23,MYOR,RG,1575,1,D,YP,YU,D
14:07:23,MYOR,RG,1575,5,D,PD,YU,D
14:07:23,MYOR,RG,1575,2,D,YP,YU,D
14:07:17,MYOR,RG,1575,3,D,YP,YU,D
14:07:17,MYOR,RG,1575,5,D,YP,YU,D
14:07:17,MYOR,RG,1575,5,D,PD,YU,D
14:07:17,MYOR,RG,1575,5,D,YP,YU,D
14:07:17,MYOR,RG,1575,3,D,YP,YU,D
14:07:17,MYOR,RG,1575,5,D,PD,YU,D
14:07:17,MYOR,RG,1575,10,D,PD,YU,D
14:07:17,MYOR,RG,1575,2,D,PD,YU,D
14:07:17,MYOR,RG,1575,6,D,XC,YU,D
14:07:17,MYOR,RG,1575,1,D,SQ,YU,D
14:07:17,MYOR,RG,1575,1,D,PD,YU,D
14:07:17,MYOR,RG,1575,6,D,XC,YU,D
14:07:17,MYOR,RG,1575,7,D,XC,YU,D
14:07:17,MYOR,RG,1575,1,D,XC,YU,D
14:07:17,MYOR,RG,1575,4,D,PD,YU,D
14:07:17,MYOR,RG,1575,10,D,TF,YU,D
14:07:17,MYOR,RG,1575,2,D,PD,YU,D
14:07:17,MYOR,RG,1575,10,D,KK,YU,D
14:07:17,MYOR,RG,1575,30,D,PD,YU,D
14:07:17,MYOR,RG,1575,1,D,XC,YU,D
14:07:17,MYOR,RG,1575,1,D,XC,YU,D
14:07:17,MYOR,RG,1575,4,D,XL,YU,D
14:07:17,MYOR,RG,1575,1,D,XC,YU,D
14:07:17,MYOR,RG,1575,1,D,CC,YU,D
14:07:17,MYOR,RG,1575,5,D,PD,YU,D
14:07:17,MYOR,RG,1575,1,D,PD,YU,D
14:07:17,MYOR,RG,1575,3,D,XC,YU,D
14:07:17,MYOR,RG,1575,1,D,NI,YU,D
14:07:17,MYOR,RG,1575,2,D,XL,YU,D
14:07:17,MYOR,RG,1575,15,D,XC,YU,D
14:07:17,MYOR,RG,1575,7,D,DH,YU,D
14:07:17,MYOR,RG,1575,42,D,GR,YU,D
14:07:15,MYOR,RG,1575,1,D,GR,ZP,F
14:07:01,MYOR,RG,1580,20,D,NI,DX,F
14:06:56,MYOR,RG,1575,1,D,GR,ZP,F
14:06:28,MYOR,RG,1575,6,D,GR,XC,D
14:06:21,MYOR,RG,1575,4,D,GR,AK,F
14:06:21,MYOR,RG,1580,3,D,XC,DX,F
14:05:55,MYOR,RG,1575,8,D,GR,ZP,F
14:05:54,MYOR,RG,1580,2,D,PD,DX,F
14:05:48,MYOR,RG,1575,2,D,GR,ZP,F
14:05:47,MYOR,RG,1575,150,D,GR,SQ,D
14:05:44,MYOR,RG,1580,34,D,BB,DX,F
14:04:38,MYOR,RG,1575,6,D,GR,ZP,F
14:04:24,MYOR,RG,1575,8,D,GR,NI,D
14:04:24,MYOR,RG,1575,111,D,GR,DX,F
14:04:04,MYOR,RG,1580,1,D,XC,DX,F
14:04:00,MYOR,RG,1575,3,D,GR,ZP,F
14:03:51,MYOR,RG,1575,31,D,GR,AK,F
14:03:50,MYOR,RG,1580,30,D,BB,DX,F
14:03:50,MYOR,RG,1580,1,D,BB,DX,F
14:03:13,MYOR,RG,1575,1,D,GR,ZP,F
14:02:55,MYOR,RG,1580,6,D,OD,DX,F
14:02:45,MYOR,RG,1580,1,D,YP,DX,F
14:02:21,MYOR,RG,1580,1,D,YU,DX,F
14:02:18,MYOR,RG,1575,2,D,GR,ZP,F
14:02:08,MYOR,RG,1580,33,D,BB,DX,F
14:02:04,MYOR,RG,1575,3,D,GR,ZP,F
14:02:04,MYOR,RG,1575,13,D,GR,CC,D
14:01:44,MYOR,RG,1575,16,D,GR,ZP,F
14:01:44,MYOR,RG,1575,50,D,GR,YU,D
14:01:36,MYOR,RG,1575,42,D,GR,YU,D
14:01:36,MYOR,RG,1575,58,D,GR,YU,D
14:01:28,MYOR,RG,1575,10,D,GR,ZP,F
14:01:28,MYOR,RG,1575,200,D,GR,YU,D
14:01:22,MYOR,RG,1575,6,D,GR,ZP,F
14:01:21,MYOR,RG,1575,200,D,GR,YU,D
14:01:13,MYOR,RG,1575,26,D,GR,DX,F
14:01:13,MYOR,RG,1575,1,D,AZ,DX,F
14:01:13,MYOR,RG,1575,5,D,PD,DX,F
14:01:13,MYOR,RG,1575,1,D,PD,DX,F
14:01:13,MYOR,RG,1575,4,D,YP,DX,F
14:01:13,MYOR,RG,1575,1,D,XA,DX,F
14:01:13,MYOR,RG,1575,1,D,PD,DX,F
14:01:13,MYOR,RG,1575,40,D,PD,DX,F
14:01:13,MYOR,RG,1575,1,D,CC,DX,F
14:01:13,MYOR,RG,1575,5,D,PD,DX,F
14:01:13,MYOR,RG,1575,1,D,PD,DX,F
14:01:13,MYOR,RG,1575,1,D,NI,DX,F
14:01:13,MYOR,RG,1575,19,D,PD,DX,F
14:01:12,MYOR,RG,1575,1,D,PD,XC,D
14:01:12,MYOR,RG,1575,9,D,YP,XC,D
14:00:49,MYOR,RG,1575,6,D,YP,ZP,F
14:00:26,MYOR,RG,1575,1,D,YP,ZP,F
14:00:25,MYOR,RG,1575,84,D,YP,DR,D
14:00:25,MYOR,RG,1575,16,D,YP,DR,D
14:00:16,MYOR,RG,1580,33,D,BB,DX,F
13:59:25,MYOR,RG,1575,5,D,YP,ZP,F
13:59:05,MYOR,RG,1575,79,D,YP,XC,D
13:59:05,MYOR,RG,1575,10,D,CC,XC,D
13:59:05,MYOR,RG,1575,1,D,PD,XC,D
13:59:05,MYOR,RG,1575,1,D,NI,XC,D
13:59:05,MYOR,RG,1575,1,D,NI,XC,D
13:59:05,MYOR,RG,1575,1,D,OD,XC,D
13:58:47,MYOR,RG,1575,2,D,OD,ZP,F
13:58:27,MYOR,RG,1580,33,D,BB,DX,F
13:58:26,MYOR,RG,1575,42,D,OD,ZP,F
13:58:25,MYOR,RG,1580,10,D,YP,DX,F
13:57:58,MYOR,RG,1575,155,D,OD,YP,D
13:57:58,MYOR,RG,1575,1,D,PD,YP,D
13:57:58,MYOR,RG,1575,1,D,DH,YP,D
13:57:58,MYOR,RG,1575,2,D,PD,YP,D
13:57:58,MYOR,RG,1575,1,D,KK,YP,D
13:57:58,MYOR,RG,1575,100,D,OD,YP,D
13:57:58,MYOR,RG,1575,1,D,PD,YP,D
13:57:58,MYOR,RG,1575,1,D,DH,YP,D
13:57:58,MYOR,RG,1575,10,D,PD,YP,D
13:57:58,MYOR,RG,1575,2,D,YP,YP,D
13:57:58,MYOR,RG,1575,1,D,PD,YP,D
13:57:58,MYOR,RG,1575,1,D,XC,YP,D
13:57:58,MYOR,RG,1575,1,D,PD,YP,D
13:57:58,MYOR,RG,1575,4,D,CD,YP,D
13:57:58,MYOR,RG,1575,5,D,KK,YP,D
13:57:58,MYOR,RG,1575,1,D,XL,YP,D
13:57:58,MYOR,RG,1575,5,D,GR,YP,D
13:57:58,MYOR,RG,1575,1,D,YP,YP,D
13:57:58,MYOR,RG,1575,1,D,XC,YP,D
13:57:58,MYOR,RG,1575,20,D,DR,YP,D
13:57:58,MYOR,RG,1575,10,D,PD,YP,D
13:57:58,MYOR,RG,1575,5,D,DR,YP,D
13:57:58,MYOR,RG,1575,10,D,PD,YP,D
13:57:58,MYOR,RG,1575,1,D,YB,YP,D
13:57:58,MYOR,RG,1575,2,D,YP,YP,D
13:57:58,MYOR,RG,1575,12,D,PD,YP,D
13:57:58,MYOR,RG,1575,1,D,NI,YP,D
13:57:58,MYOR,RG,1575,1,D,CP,YP,D
13:57:58,MYOR,RG,1575,1,D,XC,YP,D
13:57:58,MYOR,RG,1575,1,D,SQ,YP,D
13:57:58,MYOR,RG,1575,1,D,LG,YP,D
13:57:58,MYOR,RG,1575,1,D,PD,YP,D
13:57:58,MYOR,RG,1575,1,D,PD,YP,D
13:57:58,MYOR,RG,1575,1,D,NI,YP,D
13:57:58,MYOR,RG,1575,1,D,PD,YP,D
13:57:58,MYOR,RG,1575,1,D,XC,YP,D
13:57:58,MYOR,RG,1575,2,D,PD,YP,D
13:57:58,MYOR,RG,1575,10,D,CC,YP,D
13:57:58,MYOR,RG,1575,1,D,PD,YP,D
13:57:58,MYOR,RG,1575,25,D,CC,YP,D
13:57:58,MYOR,RG,1575,383,D,YP,YP,D
13:57:50,MYOR,RG,1575,1,D,YP,AK,F
13:57:49,MYOR,RG,1575,9,D,YP,XC,D
13:57:33,MYOR,RG,1575,1,D,YP,NI,D
13:57:15,MYOR,RG,1575,1,D,YP,ZP,F
13:57:02,MYOR,RG,1580,10,D,CC,DX,F
13:56:58,MYOR,RG,1580,10,D,PD,DX,F
13:56:52,MYOR,RG,1575,2,D,YP,ZP,F
13:56:35,MYOR,RG,1580,31,D,BB,DX,F
13:55:43,MYOR,RG,1575,7,D,YP,XC,D
13:55:35,MYOR,RG,1575,2,D,YP,ZP,F
13:55:19,MYOR,RG,1575,2,D,YP,ZP,F
13:55:18,MYOR,RG,1575,30,D,YP,CC,D
13:55:05,MYOR,RG,1575,15,D,YP,LS,D
13:54:59,MYOR,RG,1575,2,D,YP,ZP,F
13:54:58,MYOR,RG,1580,30,D,CC,DX,F
13:54:51,MYOR,RG,1580,31,D,BB,AK,F
13:54:21,MYOR,RG,1575,1,D,YP,PD,D
13:53:25,MYOR,RG,1575,2,D,YP,ZP,F
13:53:07,MYOR,RG,1580,32,D,BB,AK,F
13:52:34,MYOR,RG,1575,1,D,YP,KK,D
13:51:49,MYOR,RG,1575,1,D,YP,ZP,F
13:51:49,MYOR,RG,1580,1,D,PD,AK,F
13:51:19,MYOR,RG,1580,29,D,BB,AK,F
13:50:05,MYOR,RG,1575,1,D,YP,ZP,F
13:49:47,MYOR,RG,1580,5,D,SQ,AK,F
13:49:23,MYOR,RG,1580,1,D,PD,AK,F
13:49:08,MYOR,RG,1580,2,D,XC,AK,F
13:49:06,MYOR,RG,1575,1,D,YP,ZP,F
13:48:59,MYOR,RG,1575,20,D,YP,PD,D
13:48:35,MYOR,RG,1575,11,D,YP,ZP,F
13:48:17,MYOR,RG,1575,7,D,YP,DX,F
13:48:17,MYOR,RG,1575,6,D,XC,DX,F
13:48:17,MYOR,RG,1575,1,D,CC,DX,F
13:48:17,MYOR,RG,1575,1,D,YP,DX,F
13:48:17,MYOR,RG,1575,1,D,XC,DX,F
13:48:17,MYOR,RG,1575,1,D,SQ,DX,F
13:48:17,MYOR,RG,1575,1,D,OD,DX,F
13:48:17,MYOR,RG,1575,2,D,CC,DX,F
13:48:17,MYOR,RG,1575,5,D,XC,DX,F
13:48:17,MYOR,RG,1575,2,D,XC,DX,F
13:48:17,MYOR,RG,1575,1,D,PD,DX,F
13:48:17,MYOR,RG,1575,1,D,XC,DX,F
13:48:17,MYOR,RG,1575,52,D,KK,DX,F
13:48:17,MYOR,RG,1575,3,D,SQ,DX,F
13:48:17,MYOR,RG,1575,15,D,PD,DX,F
13:48:17,MYOR,RG,1575,2,D,KK,DX,F
13:48:17,MYOR,RG,1575,1,D,CC,DX,F
13:48:17,MYOR,RG,1575,5,D,PD,DX,F
13:48:17,MYOR,RG,1575,5,D,XC,DX,F
13:48:17,MYOR,RG,1575,25,D,CD,DX,F
13:48:17,MYOR,RG,1575,1,D,XC,DX,F
13:48:17,MYOR,RG,1575,20,D,TP,DX,F
13:48:17,MYOR,RG,1575,52,D,DR,DX,F
13:48:13,MYOR,RG,1575,5,D,DR,ZP,F
13:48:12,MYOR,RG,1575,91,D,DR,DX,F
13:47:39,MYOR,RG,1575,1,D,DR,ZP,F
13:47:29,MYOR,RG,1580,1,D,XC,AK,F
13:47:29,MYOR,RG,1580,3,D,XC,CC,D
13:47:29,MYOR,RG,1580,3,D,XC,YU,D
13:47:28,MYOR,RG,1575,9,D,DR,YP,D
13:47:19,MYOR,RG,1575,25,D,DR,ZP,F
13:47:13,MYOR,RG,1575,317,D,DR,NI,D
13:47:13,MYOR,RG,1575,1,D,PD,NI,D
13:47:13,MYOR,RG,1575,10,D,PD,NI,D
13:47:13,MYOR,RG,1575,52,D,LG,NI,D
13:47:13,MYOR,RG,1575,1,D,PD,NI,D
13:47:13,MYOR,RG,1575,1,D,PD,NI,D
13:47:13,MYOR,RG,1575,1,D,XC,NI,D
13:47:13,MYOR,RG,1575,5,D,SQ,NI,D
13:47:13,MYOR,RG,1575,112,D,AZ,NI,D
13:46:33,MYOR,RG,1575,2,D,AZ,ZP,F
13:46:31,MYOR,RG,1580,5,D,BB,YU,D
13:46:31,MYOR,RG,1580,20,D,XC,YU,D
13:46:17,MYOR,RG,1575,86,D,AZ,DX,F
13:46:17,MYOR,RG,1575,5,D,CC,DX,F
13:46:11,MYOR,RG,1575,5,D,CC,XC,D
13:46:11,MYOR,RG,1575,2,D,NI,XC,D
13:46:11,MYOR,RG,1575,2,D,XC,XC,D
13:46:11,MYOR,RG,1575,3,D,CC,XC,D
13:46:11,MYOR,RG,1575,8,D,NI,XC,D
13:45:59,MYOR,RG,1575,42,D,NI,ZP,F
13:45:59,MYOR,RG,1575,1,D,OD,ZP,F
13:45:59,MYOR,RG,1575,2,D,NI,ZP,F
13:45:59,MYOR,RG,1575,5,D,XA,ZP,F
13:45:59,MYOR,RG,1575,1,D,XL,ZP,F
13:45:59,MYOR,RG,1575,11,D,YP,ZP,F
13:45:54,MYOR,RG,1575,7,D,YP,ZP,F
13:45:54,MYOR,RG,1575,1,D,PD,ZP,F
13:45:54,MYOR,RG,1575,1,D,KK,ZP,F
13:45:54,MYOR,RG,1575,1,D,PD,ZP,F
13:45:53,MYOR,RG,1580,31,D,KK,ZP,F
13:45:52,MYOR,RG,1580,289,D,KK,YU,D
13:45:52,MYOR,RG,1580,10,D,CC,YU,D
13:45:52,MYOR,RG,1580,1,D,BB,YU,D
13:45:50,MYOR,RG,1580,20,D,BB,ZP,F
13:45:48,MYOR,RG,1580,92,D,BB,YU,D
13:45:48,MYOR,RG,1580,100,D,YP,YU,D
13:45:48,MYOR,RG,1580,4,D,XC,YU,D
13:45:48,MYOR,RG,1580,1,D,CC,YU,D
13:45:48,MYOR,RG,1580,3,D,CC,YU,D
13:45:43,MYOR,RG,1580,2,D,CC,ZP,F
13:45:43,MYOR,RG,1580,20,D,DX,ZP,F
13:45:43,MYOR,RG,1580,2,D,YP,ZP,F
13:45:43,MYOR,RG,1580,10,D,KK,ZP,F
13:45:43,MYOR,RG,1580,1,D,NI,ZP,F
13:45:43,MYOR,RG,1580,1,D,PD,ZP,F
13:45:43,MYOR,RG,1580,1,D,PD,ZP,F
13:45:43,MYOR,RG,1580,4,D,PD,ZP,F
13:45:42,MYOR,RG,1580,46,D,PD,YU,D
13:45:42,MYOR,RG,1580,1,D,XC,YU,D
13:45:42,MYOR,RG,1580,1,D,CP,YU,D
13:45:42,MYOR,RG,1580,52,D,YP,YU,D
13:45:37,MYOR,RG,1580,48,D,YP,YU,D
13:45:37,MYOR,RG,1580,1,D,PD,YU,D
13:45:37,MYOR,RG,1580,2,D,YP,YU,D
13:45:37,MYOR,RG,1580,25,D,LG,YU,D
13:45:37,MYOR,RG,1580,1,D,PD,YU,D
13:45:37,MYOR,RG,1580,1,D,XC,YU,D
13:45:37,MYOR,RG,1580,10,D,KK,YU,D
13:45:37,MYOR,RG,1580,8,D,NI,YU,D
13:45:37,MYOR,RG,1580,4,D,PD,YU,D
13:45:32,MYOR,RG,1580,6,D,PD,ZP,F
13:45:32,MYOR,RG,1580,30,D,YP,ZP,F
13:45:32,MYOR,RG,1580,5,D,YP,ZP,F
13:45:31,MYOR,RG,1580,45,D,YP,YU,D
13:45:31,MYOR,RG,1580,1,D,YP,YU,D
13:45:31,MYOR,RG,1580,20,D,CC,YU,D
13:45:31,MYOR,RG,1580,4,D,PD,YU,D
13:45:31,MYOR,RG,1580,10,D,CC,YU,D
13:45:31,MYOR,RG,1580,1,D,CC,YU,D
13:45:31,MYOR,RG,1580,1,D,CC,YU,D
13:45:31,MYOR,RG,1580,1,D,PD,YU,D
13:45:31,MYOR,RG,1580,5,D,YP,YU,D
13:45:31,MYOR,RG,1580,1,D,PD,YU,D
13:45:31,MYOR,RG,1580,3,D,XC,YU,D
13:45:31,MYOR,RG,1580,1,D,XC,YU,D
13:45:31,MYOR,RG,1580,4,D,XC,YU,D
13:45:31,MYOR,RG,1580,1,D,XC,YU,D
13:45:31,MYOR,RG,1580,2,D,PD,YU,D
13:45:25,MYOR,RG,1580,8,D,PD,YU,D
13:45:25,MYOR,RG,1580,12,D,XC,YU,D
13:45:25,MYOR,RG,1580,2,D,PD,YU,D
13:45:25,MYOR,RG,1580,40,D,PD,YU,D
13:45:25,MYOR,RG,1580,2,D,XC,YU,D
13:45:25,MYOR,RG,1580,1,D,XC,YU,D
13:45:25,MYOR,RG,1580,3,D,PD,YU,D
13:45:25,MYOR,RG,1580,1,D,XC,YU,D
13:45:25,MYOR,RG,1580,7,D,XC,YU,D
13:45:25,MYOR,RG,1580,1,D,DR,YU,D
13:45:25,MYOR,RG,1580,1,D,XC,YU,D
13:45:25,MYOR,RG,1580,4,D,XC,YU,D
13:45:25,MYOR,RG,1580,3,D,PD,YU,D
13:45:25,MYOR,RG,1580,3,D,XC,YU,D
13:45:25,MYOR,RG,1580,1,D,PD,YU,D
13:45:25,MYOR,RG,1580,5,D,EP,YU,D
13:45:25,MYOR,RG,1580,60,D,GR,YU,D
13:45:25,MYOR,RG,1580,30,D,SQ,YU,D
13:45:25,MYOR,RG,1580,5,D,CP,YU,D
13:45:25,MYOR,RG,1580,1,D,DH,YU,D
13:45:25,MYOR,RG,1580,1,D,KK,YU,D
13:45:25,MYOR,RG,1580,1,D,XC,YU,D
13:45:25,MYOR,RG,1580,1,D,XC,YU,D
13:45:25,MYOR,RG,1580,5,D,NI,YU,D
13:45:25,MYOR,RG,1580,1,D,BB,YU,D
13:45:25,MYOR,RG,1580,1,D,XL,YU,D
13:45:11,MYOR,RG,1580,1,D,SQ,ZP,F
13:45:11,MYOR,RG,1580,12,D,KK,ZP,F
13:45:05,MYOR,RG,1580,1,D,KK,ZP,F
13:45:04,MYOR,RG,1585,66,D,BB,AK,F
13:44:54,MYOR,RG,1585,2,D,NI,AK,F
13:44:52,MYOR,RG,1580,2,D,KK,ZP,F
13:44:36,MYOR,RG,1580,2,D,KK,ZP,F
13:44:35,MYOR,RG,1580,10,D,KK,CP,D
13:44:24,MYOR,RG,1585,10,D,PD,AK,F
13:44:19,MYOR,RG,1580,19,D,KK,ZP,F
13:44:11,MYOR,RG,1580,18,D,KK,DX,F
13:44:11,MYOR,RG,1580,3,D,XC,DX,F
13:44:11,MYOR,RG,1580,2,D,YP,DX,F
13:44:11,MYOR,RG,1580,2,D,XA,DX,F
13:44:11,MYOR,RG,1580,2,D,XL,DX,F
13:44:11,MYOR,RG,1580,66,D,CC,DX,F
13:43:35,MYOR,RG,1585,1,D,PD,AK,F
13:43:21,MYOR,RG,1580,4,D,CC,ZP,F
13:43:15,MYOR,RG,1580,20,D,CC,YP,D
13:42:57,MYOR,RG,1580,10,D,CC,ZP,F
13:42:57,MYOR,RG,1580,66,D,YP,ZP,F
13:42:52,MYOR,RG,1580,34,D,YP,DX,F
13:42:52,MYOR,RG,1580,3,D,PD,DX,F
13:42:52,MYOR,RG,1580,2,D,OD,DX,F
13:42:52,MYOR,RG,1580,1,D,XL,DX,F
13:42:52,MYOR,RG,1580,30,D,CC,DX,F
13:42:52,MYOR,RG,1580,5,D,CC,DX,F
13:42:52,MYOR,RG,1580,3,D,PD,DX,F
13:42:52,MYOR,RG,1580,3,D,DR,DX,F
13:42:52,MYOR,RG,1580,50,D,PD,DX,F
13:42:52,MYOR,RG,1580,1,D,XC,DX,F
13:42:52,MYOR,RG,1580,7,D,EP,DX,F
13:42:52,MYOR,RG,1580,16,D,KK,DX,F
13:42:52,MYOR,RG,1580,1,D,XC,DX,F
13:42:52,MYOR,RG,1580,5,D,XL,DX,F
13:42:52,MYOR,RG,1580,1,D,XL,DX,F
13:42:52,MYOR,RG,1580,1,D,XL,DX,F
13:42:52,MYOR,RG,1580,10,D,KK,DX,F
13:42:52,MYOR,RG,1580,1,D,XC,DX,F
13:42:52,MYOR,RG,1580,20,D,XC,DX,F
13:42:52,MYOR,RG,1580,2,D,YP,DX,F
13:42:52,MYOR,RG,1580,5,D,XC,DX,F
13:42:52,MYOR,RG,1580,10,D,XC,DX,F
13:42:52,MYOR,RG,1580,156,D,GR,DX,F
13:41:38,MYOR,RG,1580,54,D,GR,ZP,F
13:41:26,MYOR,RG,1580,290,D,GR,ZP,F
13:41:26,MYOR,RG,1580,127,D,CC,ZP,F
13:41:26,MYOR,RG,1585,48,D,DH,AK,F
13:41:26,MYOR,RG,1585,5,D,DH,CC,D
13:41:26,MYOR,RG,1585,185,D,DH,DX,F
13:41:26,MYOR,RG,1585,1,D,DH,AK,F
13:41:26,MYOR,RG,1585,11,D,DH,XC,D
13:41:26,MYOR,RG,1585,16,D,XL,XC,D
13:41:24,MYOR,RG,1580,73,D,CC,XL,D
13:41:24,MYOR,RG,1580,500,D,GR,XL,D
13:41:24,MYOR,RG,1580,3,D,SQ,XL,D
13:41:24,MYOR,RG,1580,5,D,PD,XL,D
13:41:24,MYOR,RG,1580,10,D,DR,XL,D
13:41:24,MYOR,RG,1580,20,D,CC,XL,D
13:41:24,MYOR,RG,1580,10,D,DH,XL,D
13:41:24,MYOR,RG,1580,4,D,XC,XL,D
13:41:24,MYOR,RG,1580,10,D,NI,XL,D
13:41:24,MYOR,RG,1580,30,D,PD,XL,D
13:41:24,MYOR,RG,1580,10,D,CC,XL,D
13:41:24,MYOR,RG,1580,76,D,PD,XL,D
13:41:24,MYOR,RG,1580,1,D,PD,XL,D
13:41:24,MYOR,RG,1580,30,D,PD,XL,D
13:41:24,MYOR,RG,1580,235,D,CC,XL,D
13:41:24,MYOR,RG,1580,1,D,SQ,XL,D
13:41:24,MYOR,RG,1580,1,D,PD,XL,D
13:41:24,MYOR,RG,1580,2,D,XC,XL,D
13:41:24,MYOR,RG,1580,2,D,SQ,XL,D
13:41:24,MYOR,RG,1580,2,D,DR,XL,D
13:41:24,MYOR,RG,1580,1,D,PD,XL,D
13:41:24,MYOR,RG,1580,1,D,XC,XL,D
13:41:24,MYOR,RG,1580,25,D,EP,XL,D
13:41:24,MYOR,RG,1580,1,D,LG,XL,D
13:41:24,MYOR,RG,1580,10,D,PD,XL,D
13:41:24,MYOR,RG,1580,1,D,PD,XL,D
13:41:24,MYOR,RG,1580,1,D,PD,XL,D
13:41:24,MYOR,RG,1580,1,D,DR,XL,D
13:41:24,MYOR,RG,1580,100,D,GR,XL,D
13:41:24,MYOR,RG,1580,1000,D,SQ,XL,D
13:41:24,MYOR,RG,1580,3,D,CC,XL,D
13:41:24,MYOR,RG,1580,1,D,YP,XL,D
13:41:24,MYOR,RG,1580,1,D,NI,XL,D
13:41:24,MYOR,RG,1580,2,D,XC,XL,D
13:41:24,MYOR,RG,1580,9,D,XL,XL,D
13:41:24,MYOR,RG,1580,20,D,PD,XL,D
13:41:24,MYOR,RG,1580,100,D,YP,XL,D
13:41:24,MYOR,RG,1580,100,D,YP,XL,D
13:41:24,MYOR,RG,1580,2,D,YP,XL,D
13:41:24,MYOR,RG,1580,96,D,DH,XL,D
13:41:21,MYOR,RG,1585,25,D,BB,XC,D
13:41:21,MYOR,RG,1585,22,D,BB,YP,D
13:41:21,MYOR,RG,1585,2,D,BB,AK,F
13:41:21,MYOR,RG,1585,18,D,BB,DX,F
13:41:05,MYOR,RG,1580,34,D,DH,AK,F
13:41:05,MYOR,RG,1585,1,D,XL,DX,F
13:37:41,MYOR,RG,1580,3,D,DH,XL,D
13:37:37,MYOR,RG,1585,64,D,BB,DX,F
13:37:34,MYOR,RG,1580,500,D,DH,GR,D
13:37:06,MYOR,RG,1585,1,D,YP,DX,F
13:37:01,MYOR,RG,1580,1,D,DH,XC,D
13:36:20,MYOR,RG,1580,6,D,DH,AK,F
13:36:19,MYOR,RG,1585,100,D,XC,DX,F
13:34:04,MYOR,RG,1585,1,D,XC,DX,F
13:33:43,MYOR,RG,1585,15,D,CC,DX,F
13:33:21,MYOR,RG,1580,30,D,DH,PD,D
13:33:04,MYOR,RG,1580,3,D,DH,NI,D
13:32:50,MYOR,RG,1580,345,D,DH,DX,F
13:32:24,MYOR,RG,1580,16,D,DH,PD,D
13:32:06,MYOR,RG,1585,20,D,GR,DX,F
13:31:14,MYOR,RG,1580,4,D,DH,OD,D
13:31:10,MYOR,RG,1585,5,D,XL,DX,F
13:31:08,MYOR,RG,1585,2,D,XL,DX,F
13:30:29,MYOR,RG,1580,321,D,DH,ZP,F
13:30:20,MYOR,RG,1585,1,D,XL,ZP,F
13:30:18,MYOR,RG,1585,11,D,NI,ZP,F
13:30:18,MYOR,RG,1585,7,D,NI,PD,D
13:30:18,MYOR,RG,1585,46,D,NI,AK,F
13:30:17,MYOR,RG,1580,1,D,DH,XC,D
13:30:14,MYOR,RG,1580,274,D,DH,ZP,F
13:30:13,MYOR,RG,1585,1,D,CC,AK,F
13:30:09,MYOR,RG,1585,1,D,PD,AK,F
13:30:08,MYOR,RG,1585,2,D,PD,AK,F
13:30:08,MYOR,RG,1580,2,D,DH,PD,D
13:30:07,MYOR,RG,1580,1,D,DH,XC,D
13:30:07,MYOR,RG,1585,30,D,CC,AK,F
13:30:07,MYOR,RG,1585,1,D,PD,AK,F
13:30:06,MYOR,RG,1580,10,D,DH,XC,D
13:30:06,MYOR,RG,1585,1,D,PD,XC,D
13:30:06,MYOR,RG,1585,32,D,PD,XC,D
13:30:05,MYOR,RG,1590,1,D,XC,YU,D
13:30:05,MYOR,RG,1585,8,D,PD,PD,D
13:30:05,MYOR,RG,1585,10,D,PD,KK,D
13:30:04,MYOR,RG,1580,35,D,DH,ZP,F
13:30:04,MYOR,RG,1580,6,D,DH,XC,D
13:30:04,MYOR,RG,1580,20,D,DH,CC,D
13:30:04,MYOR,RG,1585,1,D,PD,KK,D
13:30:04,MYOR,RG,1580,1,D,DH,PD,D
13:30:03,MYOR,RG,1580,10,D,DH,SQ,D
13:30:03,MYOR,RG,1585,1,D,PD,KK,D
13:30:02,MYOR,RG,1580,100,D,DH,ZP,F
13:30:02,MYOR,RG,1580,681,D,DH,ZP,F
13:30:02,MYOR,RG,1580,3,D,XC,ZP,F
13:30:02,MYOR,RG,1580,4,D,PD,ZP,F
13:30:02,MYOR,RG,1580,1,D,PD,ZP,F
13:30:02,MYOR,RG,1580,19,D,XC,ZP,F
13:30:02,MYOR,RG,1580,1,D,PD,ZP,F
13:30:02,MYOR,RG,1580,9,D,NI,ZP,F
13:30:02,MYOR,RG,1580,1,D,DR,ZP,F
13:30:02,MYOR,RG,1580,1,D,PD,ZP,F
13:30:02,MYOR,RG,1580,2,D,XC,ZP,F
13:30:02,MYOR,RG,1580,2,D,YP,ZP,F
13:30:02,MYOR,RG,1580,2,D,PD,ZP,F
13:30:02,MYOR,RG,1580,20,D,XC,ZP,F
13:30:02,MYOR,RG,1580,10,D,SQ,ZP,F
13:30:02,MYOR,RG,1580,5,D,YP,ZP,F
13:30:02,MYOR,RG,1580,1,D,YP,ZP,F
13:30:02,MYOR,RG,1580,67,D,XC,ZP,F
13:30:02,MYOR,RG,1580,1,D,NI,ZP,F
13:30:02,MYOR,RG,1580,54,D,DH,ZP,F
13:30:02,MYOR,RG,1585,1,D,PD,ZP,F
13:30:02,MYOR,RG,1585,115,D,EP,ZP,F
13:30:01,MYOR,RG,1585,2,D,EP,ZP,F
13:30:01,MYOR,RG,1585,150,D,EP,IU,D
13:30:01,MYOR,RG,1585,1,D,EP,PD,D
13:30:01,MYOR,RG,1585,16,D,EP,YU,D
13:30:01,MYOR,RG,1580,2,D,DH,YB,D
11:29:57,MYOR,RG,1580,2,D,DH,ZP,F
11:29:53,MYOR,RG,1580,10,D,DH,LS,D
11:29:42,MYOR,RG,1585,1,D,BB,YU,D
11:29:21,MYOR,RG,1580,1,D,DH,ZP,F
11:29:15,MYOR,RG,1580,3,D,DH,PD,D
11:29:04,MYOR,RG,1580,2,D,DH,ZP,F
11:29:03,MYOR,RG,1585,3,D,BB,YU,D
11:28:28,MYOR,RG,1585,5,D,PD,YU,D
11:28:24,MYOR,RG,1580,1,D,DH,OD,D
11:28:21,MYOR,RG,1580,2,D,DH,ZP,F
11:28:03,MYOR,RG,1580,10,D,DH,SQ,D
11:27:59,MYOR,RG,1580,62,D,DH,ZP,F
11:27:55,MYOR,RG,1580,303,D,DH,SQ,D
11:27:44,MYOR,RG,1580,2,D,DH,XL,D
11:27:17,MYOR,RG,1580,1,D,DH,ZP,F
11:27:13,MYOR,RG,1580,2,D,DH,XC,D
11:25:52,MYOR,RG,1580,15,D,DH,ZP,F
11:25:01,MYOR,RG,1585,3,D,XC,YU,D
11:25:01,MYOR,RG,1585,4,D,YP,YU,D
11:25:01,MYOR,RG,1585,2,D,XC,YU,D
11:25:01,MYOR,RG,1585,20,D,YP,YU,D
11:25:01,MYOR,RG,1585,2,D,BB,YU,D
11:25:01,MYOR,RG,1585,44,D,KK,YU,D
11:24:44,MYOR,RG,1590,1,D,BB,YU,D
11:23:55,MYOR,RG,1585,1,D,KK,ZP,F
11:23:40,MYOR,RG,1590,4,D,YP,YU,D
11:23:33,MYOR,RG,1585,1,D,KK,ZP,F
11:23:29,MYOR,RG,1585,4,D,KK,PD,D
11:23:17,MYOR,RG,1585,1,D,XL,PD,D
11:22:37,MYOR,RG,1580,1,D,DH,ZP,F
11:22:37,MYOR,RG,1590,2,D,BB,YU,D
11:22:31,MYOR,RG,1580,2,D,DH,ZP,F
11:22:31,MYOR,RG,1580,1,D,DH,EP,D
11:22:26,MYOR,RG,1580,10,D,DH,SQ,D
11:21:31,MYOR,RG,1580,4,D,DH,ZP,F
11:21:21,MYOR,RG,1590,25,D,OD,YU,D
11:20:55,MYOR,RG,1590,4,D,YP,YU,D
11:20:30,MYOR,RG,1585,4,D,BB,ZP,F
11:20:30,MYOR,RG,1585,10,D,BB,YU,D
11:19:03,MYOR,RG,1585,1,D,PD,YU,D
11:18:52,MYOR,RG,1585,1,D,PD,YU,D
11:18:34,MYOR,RG,1585,2,D,XA,YU,D
11:18:30,MYOR,RG,1580,6,D,DH,ZP,F
11:18:20,MYOR,RG,1585,19,D,BB,YU,D
11:18:19,MYOR,RG,1580,1,D,DH,ZP,F
11:18:18,MYOR,RG,1585,10,D,YP,YU,D
11:18:07,MYOR,RG,1580,1,D,DH,ZP,F
11:18:06,MYOR,RG,1585,1,D,XA,YU,D
11:18:02,MYOR,RG,1585,6,D,CC,YU,D
11:17:59,MYOR,RG,1580,2,D,DH,YB,D
11:17:59,MYOR,RG,1580,1,D,XC,YB,D
11:17:08,MYOR,RG,1580,1,D,XC,ZP,F
11:17:01,MYOR,RG,1585,1,D,XC,KK,D
11:16:22,MYOR,RG,1580,1,D,XC,ZP,F
11:16:22,MYOR,RG,1580,1,D,PD,ZP,F
11:16:13,MYOR,RG,1580,1,D,PD,ZP,F
11:16:12,MYOR,RG,1585,9,D,BB,KK,D
11:16:12,MYOR,RG,1585,3,D,BB,KK,D
11:15:52,MYOR,RG,1585,4,D,YP,KK,D
11:15:33,MYOR,RG,1580,1,D,PD,ZP,F
11:15:23,MYOR,RG,1580,2,D,PD,XC,D
11:15:23,MYOR,RG,1580,1,D,OD,XC,D
11:14:13,MYOR,RG,1580,4,D,OD,ZP,F
11:14:13,MYOR,RG,1580,1,D,OD,XC,D
11:14:03,MYOR,RG,1585,2,D,XL,KK,D
11:14:03,MYOR,RG,1585,2,D,BB,KK,D
11:14:03,MYOR,RG,1585,5,D,KK,KK,D
11:14:03,MYOR,RG,1590,13,D,BB,YU,D
11:13:02,MYOR,RG,1580,9,D,OD,ZP,F
11:13:02,MYOR,RG,1585,4,D,XC,ZP,F
11:13:02,MYOR,RG,1585,1,D,XC,OD,D
11:12:30,MYOR,RG,1585,61,D,BB,OD,D
11:11:47,MYOR,RG,1580,7,D,OD,ZP,F
11:11:26,MYOR,RG,1580,26,D,OD,KK,D
11:11:26,MYOR,RG,1585,2,D,BB,KK,D
11:11:26,MYOR,RG,1585,1,D,OD,KK,D
11:11:26,MYOR,RG,1585,3,D,PD,KK,D
11:11:26,MYOR,RG,1585,1,D,XL,KK,D
11:09:45,MYOR,RG,1580,1,D,OD,ZP,F
11:09:43,MYOR,RG,1590,5,D,XL,YU,D
11:09:41,MYOR,RG,1590,1,D,XC,YU,D
11:09:35,MYOR,RG,1580,2,D,OD,ZP,F
11:09:31,MYOR,RG,1590,5,D,XL,YU,D
11:09:28,MYOR,RG,1580,6,D,OD,XC,D
11:09:10,MYOR,RG,1580,9,D,OD,ZP,F
11:08:52,MYOR,RG,1590,11,D,BB,YU,D
11:08:52,MYOR,RG,1590,34,D,BB,IF,D
11:08:10,MYOR,RG,1580,1,D,OD,ZP,F
11:08:09,MYOR,RG,1585,1,D,XL,ZP,F
11:08:03,MYOR,RG,1580,10,D,OD,SQ,D
11:07:51,MYOR,RG,1580,2,D,OD,ZP,F
11:07:50,MYOR,RG,1585,19,D,CC,ZP,F
11:07:47,MYOR,RG,1585,100,D,CC,YU,D
11:07:47,MYOR,RG,1585,5,D,CC,ZP,F
11:07:47,MYOR,RG,1585,26,D,CC,KK,D
11:06:54,MYOR,RG,1580,4,D,OD,ZP,F
11:06:43,MYOR,RG,1580,17,D,OD,KK,D
11:05:51,MYOR,RG,1580,6,D,PD,ZP,F
11:05:28,MYOR,RG,1585,30,D,XL,KK,D
11:04:51,MYOR,RG,1580,2,D,PD,ZP,F
11:04:28,MYOR,RG,1580,2,D,PD,SQ,D
11:04:28,MYOR,RG,1580,1,D,PD,SQ,D
11:04:28,MYOR,RG,1580,2,D,XC,SQ,D
11:04:28,MYOR,RG,1580,1,D,XC,SQ,D
11:04:28,MYOR,RG,1580,4,D,KK,SQ,D
11:03:51,MYOR,RG,1580,1,D,KK,ZP,F
11:03:51,MYOR,RG,1580,9,D,PD,ZP,F
11:03:48,MYOR,RG,1580,5,D,PD,PD,D
11:03:48,MYOR,RG,1585,44,D,BB,KK,D
11:03:31,MYOR,RG,1580,3,D,PD,ZP,F
11:03:11,MYOR,RG,1580,2,D,PD,ZP,F
11:03:11,MYOR,RG,1580,1,D,PD,ZP,F
11:03:11,MYOR,RG,1580,3,D,TP,KK,D
11:03:11,MYOR,RG,1580,1,D,PD,KK,D
11:03:11,MYOR,RG,1580,5,D,GR,KK,D
11:03:11,MYOR,RG,1580,1,D,DH,KK,D
11:03:11,MYOR,RG,1580,7,D,XC,KK,D
11:03:08,MYOR,RG,1580,3,D,XC,SQ,D
11:03:08,MYOR,RG,1580,1,D,XC,SQ,D
11:03:08,MYOR,RG,1580,1,D,XC,SQ,D
11:03:08,MYOR,RG,1580,5,D,LG,SQ,D
11:02:21,MYOR,RG,1580,2,D,LG,ZP,F
11:02:02,MYOR,RG,1580,10,D,LG,SQ,D
11:01:19,MYOR,RG,1580,3,D,LG,ZP,F
11:01:19,MYOR,RG,1580,23,D,KK,ZP,F
11:01:18,MYOR,RG,1585,30,D,PD,ZP,F
11:01:06,MYOR,RG,1585,6,D,PD,OD,D
11:01:02,MYOR,RG,1585,116,D,PD,DX,F
11:01:02,MYOR,RG,1585,150,D,PD,YU,D
11:01:02,MYOR,RG,1585,42,D,PD,ZP,F
11:01:02,MYOR,RG,1585,113,D,PD,DX,F
11:00:56,MYOR,RG,1585,78,D,LG,DX,F
11:00:56,MYOR,RG,1585,1,D,LG,KK,D
11:00:56,MYOR,RG,1585,15,D,LG,CP,D
10:58:52,MYOR,RG,1580,2,D,KK,ZP,F
10:58:52,MYOR,RG,1580,4,D,XC,ZP,F
10:58:52,MYOR,RG,1580,1,D,PD,ZP,F
10:58:46,MYOR,RG,1585,35,D,BB,CP,D
10:58:22,MYOR,RG,1580,3,D,PD,ZP,F
10:58:11,MYOR,RG,1580,1,D,PD,ZP,F
10:58:11,MYOR,RG,1580,5,D,SQ,ZP,F
10:58:10,MYOR,RG,1585,16,D,BQ,DX,F
10:57:53,MYOR,RG,1585,30,D,PD,DX,F
10:56:51,MYOR,RG,1580,6,D,SQ,ZP,F
10:56:37,MYOR,RG,1580,30,D,SQ,LG,D
10:54:40,MYOR,RG,1580,1,D,SQ,ZP,F
10:54:35,MYOR,RG,1580,1,D,SQ,XC,D
10:54:34,MYOR,RG,1585,1,D,XL,DX,F
10:53:59,MYOR,RG,1580,1,D,SQ,XC,D
10:53:46,MYOR,RG,1580,38,D,SQ,ZP,F
10:53:36,MYOR,RG,1580,183,D,SQ,DX,F
10:53:32,MYOR,RG,1580,1,D,SQ,XC,D
10:53:30,MYOR,RG,1580,2,D,SQ,NI,D
10:53:06,MYOR,RG,1580,1,D,SQ,XC,D
10:52:21,MYOR,RG,1580,1,D,SQ,ZP,F
10:51:51,MYOR,RG,1585,1,D,XC,DX,F
10:51:48,MYOR,RG,1580,2,D,SQ,ZP,F
10:51:31,MYOR,RG,1585,8,D,GR,DX,F
10:51:31,MYOR,RG,1585,2,D,GR,YP,D
10:50:55,MYOR,RG,1580,20,D,SQ,ZP,F
10:50:55,MYOR,RG,1580,2,D,SQ,YP,D
10:50:35,MYOR,RG,1580,14,D,SQ,ZP,F
10:50:35,MYOR,RG,1585,2,D,BB,ZP,F
10:50:34,MYOR,RG,1585,1,D,XC,ZP,F
10:50:34,MYOR,RG,1585,1,D,PD,ZP,F
10:50:34,MYOR,RG,1585,8,D,KK,ZP,F
10:50:33,MYOR,RG,1585,2,D,KK,YU,D
10:50:33,MYOR,RG,1585,10,D,NI,YU,D
10:50:33,MYOR,RG,1585,10,D,GR,YU,D
10:50:33,MYOR,RG,1585,6,D,YP,YU,D
10:50:33,MYOR,RG,1585,1,D,OD,YU,D
10:50:33,MYOR,RG,1585,2,D,XC,YU,D
10:50:33,MYOR,RG,1585,4,D,YP,YU,D
10:50:33,MYOR,RG,1585,1,D,XC,YU,D
10:50:33,MYOR,RG,1585,34,D,BB,YU,D
10:50:33,MYOR,RG,1585,30,D,OD,YU,D
10:50:23,MYOR,RG,1585,100,D,OD,YU,D
10:50:20,MYOR,RG,1585,24,D,OD,XC,D
10:50:19,MYOR,RG,1585,1,D,OD,ZP,F
10:50:18,MYOR,RG,1590,2,D,YP,IF,D
10:49:53,MYOR,RG,1585,14,D,OD,ZP,F
10:49:52,MYOR,RG,1585,2,D,OD,IH,D
10:49:24,MYOR,RG,1585,3,D,OD,ZP,F
10:49:23,MYOR,RG,1585,70,D,OD,NI,F
10:49:12,MYOR,RG,1590,11,D,XC,IF,D
10:49:11,MYOR,RG,1585,5,D,OD,CC,D
10:49:00,MYOR,RG,1585,6,D,OD,ZP,F
10:48:54,MYOR,RG,1590,16,D,BB,IF,D
10:48:54,MYOR,RG,1590,1,D,BB,YP,D
10:48:54,MYOR,RG,1590,2,D,BB,NI,D
10:48:54,MYOR,RG,1590,6,D,BB,XL,D
10:48:54,MYOR,RG,1590,4,D,BB,XC,D
10:47:48,MYOR,RG,1585,1,D,OD,ZP,F
10:47:23,MYOR,RG,1585,2,D,OD,XL,D
10:45:51,MYOR,RG,1585,5,D,OD,ZP,F
10:45:42,MYOR,RG,1590,12,D,BB,XC,D
10:45:42,MYOR,RG,1590,15,D,BB,CP,D
10:45:18,MYOR,RG,1590,1,D,PD,CP,D
10:44:44,MYOR,RG,1585,32,D,OD,ZP,F
10:44:37,MYOR,RG,1585,182,D,OD,DX,F
10:43:57,MYOR,RG,1590,2,D,PD,CP,D
10:42:34,MYOR,RG,1590,12,D,BB,CP,D
10:42:34,MYOR,RG,1590,1,D,BB,XC,D
10:42:34,MYOR,RG,1590,15,D,BB,CC,D
10:42:30,MYOR,RG,1590,2,D,XL,CC,D
10:42:06,MYOR,RG,1590,3,D,XC,CC,D
10:42:01,MYOR,RG,1590,5,D,XL,PD,D
10:41:19,MYOR,RG,1590,1,D,KK,PD,D
10:40:36,MYOR,RG,1585,37,D,OD,XC,D
10:39:27,MYOR,RG,1590,4,D,BB,PD,D
10:39:27,MYOR,RG,1590,5,D,BB,DR,D
10:39:27,MYOR,RG,1590,18,D,BB,XC,D
10:38:15,MYOR,RG,1585,10,D,OD,XC,D
10:38:15,MYOR,RG,1585,1,D,OD,XL,D
10:38:15,MYOR,RG,1585,15,D,OD,XL,D
10:38:15,MYOR,RG,1585,42,D,OD,ZP,F
10:38:15,MYOR,RG,1585,17,D,OD,BK,F
10:38:15,MYOR,RG,1585,31,D,OD,YU,D
10:37:41,MYOR,RG,1580,26,D,SQ,ZP,F
10:37:27,MYOR,RG,1580,124,D,SQ,CD,D
10:36:37,MYOR,RG,1585,1,D,DR,YU,D
10:36:30,MYOR,RG,1580,6,D,SQ,ZP,F
10:36:20,MYOR,RG,1585,29,D,BB,YU,D
10:34:38,MYOR,RG,1580,6,D,SQ,ZP,F
10:34:38,MYOR,RG,1585,1,D,XC,YU,D
10:34:28,MYOR,RG,1585,30,D,PD,YU,D
10:33:21,MYOR,RG,1580,2,D,SQ,ZP,F
10:33:20,MYOR,RG,1585,1,D,PD,YU,D
10:33:08,MYOR,RG,1585,7,D,BB,YU,D
10:32:51,MYOR,RG,1580,2,D,SQ,XC,D
10:32:51,MYOR,RG,1580,3,D,SQ,ZP,F
10:32:32,MYOR,RG,1580,10,D,SQ,ZP,F
10:32:31,MYOR,RG,1585,4,D,BB,ZP,F
10:32:31,MYOR,RG,1585,1,D,XC,ZP,F
10:32:31,MYOR,RG,1585,3,D,PD,ZP,F
10:32:31,MYOR,RG,1585,1,D,XC,ZP,F
10:32:31,MYOR,RG,1585,1,D,PD,ZP,F
10:32:30,MYOR,RG,1585,1,D,PD,ZP,F
10:32:30,MYOR,RG,1585,11,D,YP,ZP,F
10:32:28,MYOR,RG,1585,89,D,YP,LG,D
10:32:28,MYOR,RG,1585,21,D,BB,LG,D
10:32:28,MYOR,RG,1585,1,D,SQ,LG,D
10:32:23,MYOR,RG,1585,1,D,SQ,ZP,F
10:32:22,MYOR,RG,1585,60,D,SQ,XC,D
10:32:15,MYOR,RG,1585,1,D,SQ,ZP,F
10:32:14,MYOR,RG,1585,5,D,SQ,PD,D
10:32:04,MYOR,RG,1585,1,D,SQ,YP,D
10:32:01,MYOR,RG,1585,20,D,SQ,ZP,F
10:31:30,MYOR,RG,1585,10,D,SQ,ZP,F
10:31:30,MYOR,RG,1585,100,D,SQ,YU,D
10:31:21,MYOR,RG,1585,50,D,SQ,YU,D
10:31:19,MYOR,RG,1585,6,D,SQ,ZP,F
10:31:12,MYOR,RG,1585,50,D,SQ,YU,D
10:30:44,MYOR,RG,1590,5,D,LG,XC,D
10:29:49,MYOR,RG,1590,3,D,BB,XC,D
10:29:28,MYOR,RG,1585,158,D,SQ,DX,F
10:29:27,MYOR,RG,1585,55,D,SQ,YU,D
10:29:26,MYOR,RG,1585,123,D,SQ,ZP,F
10:29:26,MYOR,RG,1585,2,D,SQ,NI,D
10:29:26,MYOR,RG,1585,17,D,SQ,BK,F
10:29:26,MYOR,RG,1585,16,D,SQ,XC,D
10:29:26,MYOR,RG,1585,100,D,SQ,YU,D
10:29:26,MYOR,RG,1585,15,D,SQ,BK,F
10:29:26,MYOR,RG,1585,209,D,SQ,DX,F
10:29:10,MYOR,RG,1580,5,D,SQ,ZP,F
10:29:01,MYOR,RG,1580,5,D,SQ,YU,D
10:29:00,MYOR,RG,1580,20,D,SQ,XC,D
10:28:21,MYOR,RG,1580,1,D,SQ,ZP,F
10:28:11,MYOR,RG,1585,1,D,XC,DX,F
10:28:09,MYOR,RG,1580,2,D,SQ,ZP,F
10:28:00,MYOR,RG,1580,7,D,SQ,YU,D
10:27:59,MYOR,RG,1585,6,D,YP,DX,F
10:26:18,MYOR,RG,1580,25,D,SQ,ZP,F
10:26:13,MYOR,RG,1580,3,D,SQ,YU,D
10:26:12,MYOR,RG,1580,9,D,SQ,YU,D
10:26:11,MYOR,RG,1585,10,D,BB,YU,D
10:26:10,MYOR,RG,1585,3,D,BB,ZP,F
10:26:09,MYOR,RG,1585,4,D,BB,YU,D
10:26:09,MYOR,RG,1585,96,D,YP,YU,D
10:25:17,MYOR,RG,1585,4,D,YP,YU,D
10:25:16,MYOR,RG,1590,10,D,BB,XC,D
10:24:31,MYOR,RG,1580,1,D,SQ,PD,D
10:24:15,MYOR,RG,1580,4,D,SQ,ZP,F
10:24:04,MYOR,RG,1580,5,D,SQ,YU,D
10:24:04,MYOR,RG,1590,4,D,BB,XC,D
10:24:04,MYOR,RG,1590,6,D,BB,BK,F
10:24:02,MYOR,RG,1580,1,D,SQ,XC,D
10:23:17,MYOR,RG,1580,9,D,SQ,ZP,F
10:23:04,MYOR,RG,1580,3,D,SQ,XC,D
10:22:59,MYOR,RG,1580,31,D,SQ,YU,D
10:22:58,MYOR,RG,1590,1,D,BB,BK,F
10:22:58,MYOR,RG,1590,9,D,BB,CD,D
10:22:49,MYOR,RG,1580,18,D,SQ,ZP,F
10:22:43,MYOR,RG,1580,1,D,SQ,ZP,F
10:22:42,MYOR,RG,1580,92,D,SQ,GR,D
10:22:15,MYOR,RG,1580,1,D,SQ,XC,D
10:22:00,MYOR,RG,1580,10,D,SQ,ZP,F
10:21:52,MYOR,RG,1580,1,D,SQ,YP,D
10:21:48,MYOR,RG,1580,14,D,SQ,YU,D
10:21:48,MYOR,RG,1580,2,D,SQ,ZP,F
10:21:48,MYOR,RG,1580,9,D,SQ,ZP,F
10:21:47,MYOR,RG,1585,2,D,BB,BK,F
10:21:47,MYOR,RG,1585,6,D,BB,ZP,F
10:21:47,MYOR,RG,1585,31,D,BB,YU,D
10:21:33,MYOR,RG,1580,16,D,SQ,YU,D
10:21:33,MYOR,RG,1580,25,D,SQ,ZP,F
10:21:32,MYOR,RG,1585,43,D,BB,YU,D
10:21:32,MYOR,RG,1585,26,D,XC,YU,D
10:21:29,MYOR,RG,1585,4,D,XC,ZP,F
10:21:28,MYOR,RG,1585,22,D,XC,YU,D
10:21:27,MYOR,RG,1585,52,D,XC,YU,D
10:21:27,MYOR,RG,1585,48,D,IF,YU,D
10:21:25,MYOR,RG,1585,2,D,IF,YU,D
10:21:24,MYOR,RG,1585,10,D,IF,ZP,F
10:21:23,MYOR,RG,1585,3,D,IF,YU,D
10:21:23,MYOR,RG,1585,16,D,XC,YU,D
10:21:22,MYOR,RG,1585,4,D,XC,YU,D
10:21:22,MYOR,RG,1585,43,D,BB,YU,D
10:21:22,MYOR,RG,1585,3,D,YP,YU,D
10:21:22,MYOR,RG,1585,34,D,YP,ZP,F
10:21:11,MYOR,RG,1585,23,D,YP,YU,D
10:21:10,MYOR,RG,1585,40,D,YP,YU,D
10:21:10,MYOR,RG,1585,100,D,CC,YU,D
10:20:38,MYOR,RG,1590,1,D,XC,CD,D
10:20:05,MYOR,RG,1590,1,D,PD,CD,D
10:20:04,MYOR,RG,1580,1,D,SQ,ZP,F
10:20:03,MYOR,RG,1590,1,D,XL,CD,D
10:19:47,MYOR,RG,1590,1,D,NI,CD,D
10:18:50,MYOR,RG,1580,17,D,SQ,ZP,F
10:18:42,MYOR,RG,1585,21,D,KK,ZP,F
10:18:42,MYOR,RG,1585,104,D,KK,DX,F
10:18:42,MYOR,RG,1585,45,D,KK,BK,F
10:18:42,MYOR,RG,1585,3,D,KK,XL,D
10:18:42,MYOR,RG,1585,1,D,KK,IN,D
10:18:42,MYOR,RG,1585,26,D,KK,YU,D
10:18:22,MYOR,RG,1585,10,D,GR,YU,D
10:17:58,MYOR,RG,1580,1,D,SQ,ZP,F
10:17:54,MYOR,RG,1580,2,D,SQ,XC,D
10:17:43,MYOR,RG,1580,20,D,SQ,ZP,F
10:17:32,MYOR,RG,1585,64,D,BB,YU,D
10:17:32,MYOR,RG,1585,33,D,BB,YU,D
10:17:21,MYOR,RG,1580,2,D,SQ,ZP,F
10:16:50,MYOR,RG,1585,10,D,YP,YU,D
10:16:26,MYOR,RG,1585,1,D,NI,YU,D
10:16:15,MYOR,RG,1580,1,D,SQ,ZP,F
10:15:56,MYOR,RG,1585,6,D,XC,YU,D
10:15:56,MYOR,RG,1585,1,D,XC,XC,D
10:15:33,MYOR,RG,1580,1,D,SQ,ZP,F
10:15:21,MYOR,RG,1580,1,D,SQ,PD,D
10:15:03,MYOR,RG,1580,51,D,SQ,ZP,F
10:15:00,MYOR,RG,1585,123,D,CC,CC,F
10:15:00,MYOR,RG,1585,11,D,CC,YU,D
10:15:00,MYOR,RG,1585,29,D,CC,YU,D
10:15:00,MYOR,RG,1585,59,D,CC,YU,D
10:15:00,MYOR,RG,1585,28,D,CC,DX,F
10:13:04,MYOR,RG,1580,2,D,SQ,ZP,F
10:12:58,MYOR,RG,1585,10,D,KK,DX,F
10:12:53,MYOR,RG,1585,1,D,PD,DX,F
10:12:52,MYOR,RG,1580,1,D,SQ,ZP,F
10:12:36,MYOR,RG,1585,3,D,XC,DX,F
10:12:20,MYOR,RG,1580,1,D,SQ,PD,D
10:11:52,MYOR,RG,1580,6,D,SQ,ZP,F
10:11:40,MYOR,RG,1585,30,D,NI,DX,F
10:10:23,MYOR,RG,1580,2,D,SQ,PD,D
10:09:18,MYOR,RG,1580,1,D,SQ,ZP,F
10:09:14,MYOR,RG,1580,3,D,SQ,PD,D
10:08:21,MYOR,RG,1580,3,D,SQ,ZP,F
10:08:13,MYOR,RG,1580,13,D,SQ,CC,D
10:07:51,MYOR,RG,1580,6,D,SQ,ZP,F
10:07:40,MYOR,RG,1585,30,D,CC,DX,F
10:07:08,MYOR,RG,1580,6,D,SQ,ZP,F
10:06:59,MYOR,RG,1585,30,D,KK,DX,F
10:06:36,MYOR,RG,1580,37,D,SQ,ZP,F
10:06:34,MYOR,RG,1585,2,D,BB,DX,F
10:06:34,MYOR,RG,1585,30,D,BB,BK,F
10:06:33,MYOR,RG,1580,50,D,SQ,YU,D
10:06:25,MYOR,RG,1580,100,D,SQ,YU,D
10:05:21,MYOR,RG,1580,1,D,SQ,ZP,F
10:05:15,MYOR,RG,1580,5,D,SQ,AZ,D
10:04:51,MYOR,RG,1580,4,D,SQ,ZP,F
10:04:25,MYOR,RG,1580,20,D,SQ,PD,D
10:03:40,MYOR,RG,1580,1,D,SQ,ZP,F
10:03:34,MYOR,RG,1585,1,D,PD,BK,F
10:03:28,MYOR,RG,1585,1,D,XL,BK,F
10:03:25,MYOR,RG,1580,1,D,SQ,NI,D
10:03:04,MYOR,RG,1580,1,D,SQ,ZP,F
10:02:55,MYOR,RG,1580,5,D,SQ,YP,D
10:01:52,MYOR,RG,1580,10,D,SQ,ZP,F
10:01:22,MYOR,RG,1585,50,D,PD,BK,F
10:00:19,MYOR,RG,1580,2,D,SQ,ZP,F
10:00:19,MYOR,RG,1580,1,D,SQ,XC,D
9:59:56,MYOR,RG,1580,8,D,SQ,NI,D
9:59:43,MYOR,RG,1580,4,D,SQ,ZP,F
9:59:25,MYOR,RG,1580,21,D,SQ,XC,D
9:58:21,MYOR,RG,1580,5,D,SQ,ZP,F
9:57:56,MYOR,RG,1580,25,D,SQ,PD,D
9:57:19,MYOR,RG,1580,3,D,SQ,ZP,F
9:56:57,MYOR,RG,1580,5,D,SQ,DR,D
9:56:57,MYOR,RG,1580,1,D,XC,DR,D
9:56:57,MYOR,RG,1580,2,D,BB,DR,D
9:56:57,MYOR,RG,1580,3,D,CC,DR,D
9:55:12,MYOR,RG,1580,2,D,CC,ZP,F
9:54:53,MYOR,RG,1585,10,D,PD,BK,F
9:53:13,MYOR,RG,1580,4,D,CC,ZP,F
9:53:05,MYOR,RG,1580,21,D,CC,LG,D
9:52:58,MYOR,RG,1580,6,D,CC,ZP,F
9:52:53,MYOR,RG,1580,30,D,CC,CC,D
9:52:49,MYOR,RG,1580,6,D,CC,ZP,F
9:52:32,MYOR,RG,1580,1,D,CC,ZP,F
9:52:32,MYOR,RG,1585,30,D,CC,BK,F
9:52:23,MYOR,RG,1585,1,D,YP,BK,F
9:52:12,MYOR,RG,1580,7,D,CC,ZP,F
9:51:58,MYOR,RG,1580,18,D,CC,BK,F
9:51:56,MYOR,RG,1580,2,D,CC,PD,D
9:51:56,MYOR,RG,1580,18,D,XL,PD,D
9:51:55,MYOR,RG,1580,2,D,XL,ZP,F
9:51:47,MYOR,RG,1580,5,D,XL,XC,D
9:51:47,MYOR,RG,1580,1,D,YP,XC,D
9:51:47,MYOR,RG,1580,7,D,GR,XC,D
9:51:31,MYOR,RG,1580,3,D,GR,ZP,F
9:51:31,MYOR,RG,1580,4,D,DR,ZP,F
9:51:31,MYOR,RG,1585,1,D,XC,ZP,F
9:51:25,MYOR,RG,1580,35,D,DR,BK,F
9:51:22,MYOR,RG,1580,24,D,DR,ZP,F
9:51:21,MYOR,RG,1580,1,D,DR,ZP,F
9:51:21,MYOR,RG,1580,16,D,DR,BK,F
9:51:20,MYOR,RG,1580,102,D,DR,ZP,F
9:51:19,MYOR,RG,1580,18,D,DR,ZP,F
9:51:19,MYOR,RG,1580,2,D,PD,ZP,F
9:51:19,MYOR,RG,1580,15,D,NI,ZP,F
9:51:19,MYOR,RG,1580,5,D,YP,ZP,F
9:51:19,MYOR,RG,1580,7,D,YP,ZP,F
9:51:19,MYOR,RG,1580,12,D,BB,ZP,F
9:51:19,MYOR,RG,1580,47,D,GR,ZP,F
9:51:17,MYOR,RG,1585,3,D,BB,DX,F
9:51:17,MYOR,RG,1585,290,D,SQ,DX,F
9:51:17,MYOR,RG,1585,309,D,SQ,YU,D
9:51:16,MYOR,RG,1585,92,D,SQ,YU,D
9:51:16,MYOR,RG,1585,267,D,SQ,BK,F
9:51:16,MYOR,RG,1585,146,D,SQ,ZP,F
9:51:16,MYOR,RG,1585,127,D,SQ,YU,D
9:51:16,MYOR,RG,1585,537,D,SQ,DX,F
9:51:16,MYOR,RG,1585,44,D,SQ,YU,D
9:51:16,MYOR,RG,1585,4,D,SQ,ZP,F
9:51:16,MYOR,RG,1585,184,D,SQ,YU,D
9:51:05,MYOR,RG,1580,2,D,GR,ZP,F
9:51:03,MYOR,RG,1580,2,D,GR,YU,D
9:51:02,MYOR,RG,1585,8,D,BB,YU,D
9:50:21,MYOR,RG,1580,1,D,GR,ZP,F
9:50:06,MYOR,RG,1580,1,D,GR,ZP,F
9:50:06,MYOR,RG,1580,2,D,GR,YU,D
9:50:05,MYOR,RG,1580,1,D,GR,ZP,F
9:50:05,MYOR,RG,1585,8,D,BB,YU,D
9:50:03,MYOR,RG,1580,3,D,GR,PD,D
9:49:43,MYOR,RG,1580,2,D,GR,YU,D
9:49:41,MYOR,RG,1580,5,D,GR,ZP,F
9:49:36,MYOR,RG,1580,4,D,GR,YU,D
9:49:35,MYOR,RG,1580,2,D,GR,ZP,F
9:49:34,MYOR,RG,1580,20,D,GR,CC,D
9:49:12,MYOR,RG,1580,2,D,GR,YU,D
9:49:11,MYOR,RG,1590,9,D,BB,CD,D
9:48:29,MYOR,RG,1580,3,D,GR,YU,D
9:48:28,MYOR,RG,1590,10,D,PD,CD,D
9:48:12,MYOR,RG,1590,7,D,BB,CD,D
9:47:21,MYOR,RG,1580,1,D,GR,YU,D
9:47:20,MYOR,RG,1580,2,D,GR,YU,D
9:47:18,MYOR,RG,1590,6,D,BB,CD,D
9:47:18,MYOR,RG,1590,3,D,BB,BK,F
9:46:51,MYOR,RG,1580,2,D,CC,YU,D
9:46:22,MYOR,RG,1590,8,D,BB,BK,F
9:46:18,MYOR,RG,1580,1,D,XC,YU,D
9:46:00,MYOR,RG,1580,1,D,YP,YU,D
9:45:59,MYOR,RG,1575,7,D,YP,IF,D
9:45:47,MYOR,RG,1575,3,D,YP,XC,D
9:45:38,MYOR,RG,1590,7,D,CC,BK,F
9:45:38,MYOR,RG,1580,1,D,CC,YU,D
9:45:27,MYOR,RG,1590,10,D,BB,ZP,F
9:45:27,MYOR,RG,1580,1,D,BB,YU,D
9:45:26,MYOR,RG,1580,2,D,BB,YU,D
9:45:26,MYOR,RG,1580,1,D,BB,YU,D
9:45:26,MYOR,RG,1580,2,D,BB,BK,F
9:44:33,MYOR,RG,1575,1,D,YP,ZP,F
9:44:33,MYOR,RG,1580,1,D,PD,BK,F
9:44:23,MYOR,RG,1575,3,D,YP,ZP,F
9:44:23,MYOR,RG,1580,12,D,BB,BK,F
9:44:23,MYOR,RG,1580,3,D,BB,YU,D
9:44:12,MYOR,RG,1580,1,D,XC,YU,D
9:44:10,MYOR,RG,1580,11,D,CC,YU,D
9:44:10,MYOR,RG,1580,67,D,CC,BK,F
9:44:10,MYOR,RG,1580,1,D,CC,YU,D
9:44:10,MYOR,RG,1580,21,D,CC,YU,D
9:44:02,MYOR,RG,1580,1,D,XC,YU,D
9:44:02,MYOR,RG,1580,1,D,XC,YU,D
9:43:58,MYOR,RG,1575,6,D,YP,ZP,F
9:43:58,MYOR,RG,1575,10,D,SQ,ZP,F
9:43:58,MYOR,RG,1575,4,D,PD,ZP,F
9:43:56,MYOR,RG,1580,1,D,BB,YU,D
9:43:56,MYOR,RG,1580,98,D,CC,YU,D
9:43:43,MYOR,RG,1580,2,D,CC,ZP,F
9:43:34,MYOR,RG,1590,1,D,NI,CC,F
9:43:26,MYOR,RG,1575,7,D,PD,XL,D
9:43:03,MYOR,RG,1575,1,D,PD,ZP,F
9:42:59,MYOR,RG,1580,2,D,YP,YU,D
9:42:58,MYOR,RG,1580,1,D,YP,YU,D
9:42:58,MYOR,RG,1580,3,D,YP,YU,D
9:42:58,MYOR,RG,1580,16,D,YP,BK,F
9:42:58,MYOR,RG,1580,3,D,YP,YU,D
9:42:43,MYOR,RG,1580,5,D,GR,YU,D
9:42:41,MYOR,RG,1575,1,D,PD,ZP,F
9:42:36,MYOR,RG,1575,1,D,PD,ZP,F
9:42:36,MYOR,RG,1580,3,D,BB,YU,D
9:42:36,MYOR,RG,1580,5,D,BB,BK,F
9:42:15,MYOR,RG,1575,1,D,PD,ZP,F
9:42:15,MYOR,RG,1580,16,D,XC,BK,F
9:42:08,MYOR,RG,1580,30,D,NI,BK,F
9:42:04,MYOR,RG,1580,18,D,SQ,BK,F
9:42:04,MYOR,RG,1580,7,D,SQ,YU,D
9:41:54,MYOR,RG,1580,1,D,PD,YU,D
9:41:10,MYOR,RG,1580,9,D,PD,YU,D
9:41:10,MYOR,RG,1580,1,D,PD,YU,D
9:40:33,MYOR,RG,1575,16,D,PD,ZP,F
9:40:29,MYOR,RG,1575,12,D,PD,ZP,F
9:40:28,MYOR,RG,1580,1,F,OD,ZP,F
9:40:27,MYOR,RG,1580,1,F,OD,YU,D
9:40:27,MYOR,RG,1580,79,D,BB,YU,D
9:40:19,MYOR,RG,1580,1,D,BB,YU,D
9:40:19,MYOR,RG,1580,1,D,KK,YU,D
9:40:18,MYOR,RG,1580,11,D,KK,YU,D
9:40:18,MYOR,RG,1580,8,D,KK,ZP,F
9:40:17,MYOR,RG,1580,50,D,KK,YU,D
9:40:13,MYOR,RG,1580,7,D,KK,YU,D
9:40:13,MYOR,RG,1580,3,D,KK,ZP,F
9:40:12,MYOR,RG,1580,30,D,KK,YU,D
9:39:57,MYOR,RG,1580,28,D,KK,YU,D
9:39:56,MYOR,RG,1580,2,D,KK,YU,D
9:39:56,MYOR,RG,1580,128,D,KK,DX,F
9:39:55,MYOR,RG,1580,25,D,KK,ZP,F
9:39:55,MYOR,RG,1580,18,D,KK,YU,D
9:39:55,MYOR,RG,1580,6,D,KK,SQ,D
9:39:55,MYOR,RG,1580,50,D,KK,YU,D
9:39:55,MYOR,RG,1580,22,D,KK,YU,D
9:39:55,MYOR,RG,1580,125,D,KK,DX,F
9:39:55,MYOR,RG,1580,15,D,KK,XC,D
9:39:55,MYOR,RG,1580,18,D,KK,YU,D
9:39:55,MYOR,RG,1580,34,D,KK,BK,F
9:39:55,MYOR,RG,1580,19,D,KK,DX,F
9:39:53,MYOR,RG,1575,1,D,PD,XC,D
9:39:16,MYOR,RG,1575,1,D,PD,ZP,F
9:38:50,MYOR,RG,1580,1,D,XL,DX,F
9:38:32,MYOR,RG,1580,1,D,XC,DX,F
9:38:27,MYOR,RG,1575,9,D,PD,ZP,F
9:38:20,MYOR,RG,1575,46,D,PD,PD,D
9:38:20,MYOR,RG,1575,1,D,XL,PD,D
9:38:20,MYOR,RG,1575,6,D,YP,PD,D
9:38:20,MYOR,RG,1575,2,D,XC,PD,D
9:38:20,MYOR,RG,1575,5,D,YP,PD,D
9:38:20,MYOR,RG,1575,120,D,KK,PD,D
9:38:18,MYOR,RG,1580,8,D,TP,DX,F
9:37:50,MYOR,RG,1575,1,D,KK,ZP,F
9:37:35,MYOR,RG,1580,15,D,GR,DX,F
9:37:26,MYOR,RG,1580,1,D,XC,DX,F
9:36:46,MYOR,RG,1575,3,D,KK,ZP,F
9:36:25,MYOR,RG,1580,50,D,BB,DX,F
9:36:22,MYOR,RG,1580,1,D,XC,DX,F
9:36:20,MYOR,RG,1580,5,D,PD,DX,F
9:36:14,MYOR,RG,1580,1,D,SQ,DX,F
9:36:03,MYOR,RG,1575,1,D,KK,ZP,F
9:35:56,MYOR,RG,1580,20,D,DR,DX,F
9:35:41,MYOR,RG,1580,1,D,XC,YU,D
9:34:13,MYOR,RG,1575,2,D,KK,ZP,F
9:34:09,MYOR,RG,1575,23,D,KK,XC,D
9:34:08,MYOR,RG,1580,1,D,YP,YU,D
9:32:20,MYOR,RG,1575,10,D,KK,XC,D
9:32:20,MYOR,RG,1580,1,D,KK,DX,F
9:32:20,MYOR,RG,1580,11,D,KK,ZP,F
9:32:20,MYOR,RG,1580,23,D,KK,YU,D
9:32:20,MYOR,RG,1580,23,D,KK,YU,D
9:32:20,MYOR,RG,1580,131,D,KK,DX,F
9:32:20,MYOR,RG,1580,3,D,KK,YU,D
9:32:20,MYOR,RG,1580,17,D,KK,BK,F
9:32:20,MYOR,RG,1580,1,D,KK,YU,D
9:32:18,MYOR,RG,1575,7,D,KK,ZP,F
9:32:13,MYOR,RG,1580,1,D,XC,YU,D
9:32:09,MYOR,RG,1575,33,D,KK,YP,D
9:32:09,MYOR,RG,1575,1,D,PD,YP,D
9:32:09,MYOR,RG,1575,1,D,PD,YP,D
9:32:09,MYOR,RG,1575,50,D,GR,YP,D
9:32:09,MYOR,RG,1575,3,D,PD,YP,D
9:32:09,MYOR,RG,1575,57,D,FS,YP,D
9:32:08,MYOR,RG,1575,1,D,FS,ZP,F
9:31:56,MYOR,RG,1575,10,D,FS,ZP,F
9:31:56,MYOR,RG,1580,6,D,XL,YU,D
9:31:40,MYOR,RG,1595,15,D,EP,YU,D
9:31:40,MYOR,RG,1595,13,D,EP,YU,D
9:31:40,MYOR,RG,1595,17,D,EP,YU,D
9:31:40,MYOR,RG,1595,100,D,EP,EP,D
9:31:40,MYOR,RG,1595,10,D,EP,AT,D
9:31:40,MYOR,RG,1595,100,D,EP,YU,D
9:31:40,MYOR,RG,1595,50,D,EP,YU,D
9:31:40,MYOR,RG,1595,2,D,EP,ZP,F
9:31:40,MYOR,RG,1590,2,D,EP,AT,D
9:31:40,MYOR,RG,1590,12,D,EP,XL,D
9:31:40,MYOR,RG,1590,3,D,EP,XC,D
9:31:40,MYOR,RG,1590,50,D,EP,CC,D
9:31:40,MYOR,RG,1590,7,D,EP,ZP,F
9:31:40,MYOR,RG,1585,6,D,EP,ZP,F
9:31:40,MYOR,RG,1585,25,D,EP,AK,F
9:31:40,MYOR,RG,1585,18,D,EP,BK,F
9:31:40,MYOR,RG,1585,50,D,EP,CC,D
9:31:40,MYOR,RG,1580,1,D,EP,XC,D
9:31:40,MYOR,RG,1580,16,D,EP,BK,F
9:31:40,MYOR,RG,1580,3,D,EP,YU,D
9:30:55,MYOR,RG,1575,1,D,FS,ZP,F
9:30:50,MYOR,RG,1580,7,D,EP,ZP,F
9:30:50,MYOR,RG,1580,93,D,EP,AK,F
9:30:50,MYOR,RG,1580,1,D,BB,AK,F
9:30:50,MYOR,RG,1580,19,D,BB,YU,D
9:30:50,MYOR,RG,1580,20,D,BB,BK,F
9:30:50,MYOR,RG,1580,2,D,BB,YU,D
9:30:50,MYOR,RG,1580,2,D,BB,YU,D
9:30:50,MYOR,RG,1580,3,D,BB,NI,D
9:30:50,MYOR,RG,1580,2,D,BB,YU,D
9:30:23,MYOR,RG,1575,1,D,FS,ZP,F
9:30:22,MYOR,RG,1580,1,D,PD,YU,D
9:30:05,MYOR,RG,1580,3,D,GR,YU,D
9:30:05,MYOR,RG,1580,15,D,GR,BK,F
9:30:05,MYOR,RG,1580,3,D,GR,NI,D
9:30:05,MYOR,RG,1580,3,D,GR,YU,D
9:30:05,MYOR,RG,1580,1,D,GR,YU,D
9:30:03,MYOR,RG,1575,1,D,FS,ZP,F
9:30:01,MYOR,RG,1580,1,D,PD,YU,D
9:30:01,MYOR,RG,1580,4,D,PD,XC,D
9:30:01,MYOR,RG,1580,10,D,PD,YU,D
9:29:43,MYOR,RG,1580,1,D,XL,YU,D
9:29:38,MYOR,RG,1575,1,D,FS,ZP,F
9:29:37,MYOR,RG,1575,10,D,FS,XC,D
9:29:30,MYOR,RG,1575,7,D,FS,KK,D
9:29:28,MYOR,RG,1575,2,D,FS,ZP,F
9:29:10,MYOR,RG,1575,9,D,FS,CC,D
9:29:10,MYOR,RG,1575,10,D,XC,CC,D
9:29:10,MYOR,RG,1575,10,D,KK,CC,D
9:29:10,MYOR,RG,1575,2,D,XA,CC,D
9:29:10,MYOR,RG,1575,1,D,PD,CC,D
9:29:10,MYOR,RG,1575,1,D,OD,CC,D
9:29:10,MYOR,RG,1575,2,D,XL,CC,D
9:27:44,MYOR,RG,1575,2,D,XL,ZP,F
9:27:42,MYOR,RG,1580,34,D,GR,YU,D
9:27:42,MYOR,RG,1580,16,D,GR,BK,F
9:26:33,MYOR,RG,1575,2,D,XL,ZP,F
9:26:33,MYOR,RG,1575,7,D,TP,ZP,F
9:26:32,MYOR,RG,1580,1,D,DX,BK,F
9:26:29,MYOR,RG,1580,5,D,CC,BK,F
9:26:20,MYOR,RG,1580,17,D,NI,BK,F
9:26:20,MYOR,RG,1580,36,D,NI,YU,D
9:26:20,MYOR,RG,1580,5,D,NI,ZP,F
9:26:20,MYOR,RG,1580,202,D,NI,DX,F
9:26:18,MYOR,RG,1575,3,D,TP,XC,D
9:26:14,MYOR,RG,1575,1,D,TP,ZP,F
9:26:13,MYOR,RG,1575,1,D,TP,XC,D
9:26:07,MYOR,RG,1575,10,D,TP,NI,D
9:26:06,MYOR,RG,1575,1,D,TP,ZP,F
9:26:01,MYOR,RG,1580,2,D,CC,DX,F
9:26:01,MYOR,RG,1580,3,D,CC,YU,D
9:26:00,MYOR,RG,1580,7,D,CD,YU,D
9:25:57,MYOR,RG,1580,10,D,CC,YU,D
9:25:48,MYOR,RG,1575,1,D,TP,ZP,F
9:25:48,MYOR,RG,1575,10,D,NI,ZP,F
9:25:48,MYOR,RG,1575,29,D,KK,ZP,F
9:25:44,MYOR,RG,1595,14,D,EP,YU,D
9:25:44,MYOR,RG,1595,31,D,EP,YU,D
9:25:44,MYOR,RG,1595,200,D,EP,EP,D
9:25:44,MYOR,RG,1595,100,D,EP,YU,D
9:25:44,MYOR,RG,1590,1,D,EP,XC,D
9:25:44,MYOR,RG,1590,100,D,EP,YU,D
9:25:44,MYOR,RG,1590,96,D,EP,AK,F
9:25:44,MYOR,RG,1585,96,D,EP,AK,F
9:25:44,MYOR,RG,1585,82,D,EP,YU,D
9:25:44,MYOR,RG,1580,2,D,EP,YU,D
9:25:44,MYOR,RG,1580,12,D,EP,ZP,F
9:25:44,MYOR,RG,1580,3,D,EP,YU,D
9:25:44,MYOR,RG,1580,13,D,EP,YU,D
9:25:44,MYOR,RG,1580,25,D,EP,BK,F
9:25:44,MYOR,RG,1580,14,D,EP,XC,D
9:25:44,MYOR,RG,1580,37,D,EP,YU,D
9:25:44,MYOR,RG,1580,174,D,EP,DX,F
9:25:42,MYOR,RG,1575,2,D,KK,PD,D
9:25:31,MYOR,RG,1575,1,D,KK,ZP,F
9:25:22,MYOR,RG,1580,9,D,CD,DX,F
9:25:17,MYOR,RG,1580,2,D,BB,DX,F
9:25:08,MYOR,RG,1580,11,D,GR,DX,F
9:25:08,MYOR,RG,1580,14,D,GR,YU,D
9:25:08,MYOR,RG,1580,2,D,GR,YU,D
9:25:08,MYOR,RG,1580,23,D,GR,YU,D
9:24:33,MYOR,RG,1580,2,D,PD,YU,D
9:24:28,MYOR,RG,1575,16,D,KK,ZP,F
9:24:26,MYOR,RG,1575,2,D,KK,ZP,F
9:24:26,MYOR,RG,1575,5,D,KK,ZP,F
9:24:26,MYOR,RG,1575,2,D,XC,ZP,F
9:24:26,MYOR,RG,1575,10,D,AT,ZP,F
9:24:26,MYOR,RG,1575,1,D,GR,ZP,F
9:24:26,MYOR,RG,1575,2,D,XC,ZP,F
9:24:26,MYOR,RG,1575,3,D,XC,ZP,F
9:24:26,MYOR,RG,1575,1,D,CC,ZP,F
9:24:25,MYOR,RG,1580,1,D,SQ,YU,D
9:24:25,MYOR,RG,1580,3,D,CC,YU,D
9:24:25,MYOR,RG,1580,44,D,BB,YU,D
9:24:25,MYOR,RG,1580,27,D,EP,YU,D
9:24:19,MYOR,RG,1580,20,D,EP,YU,D
9:24:18,MYOR,RG,1580,108,D,EP,AK,F
9:24:18,MYOR,RG,1585,2,D,XC,YU,D
9:24:18,MYOR,RG,1580,3,D,EP,ZP,F
9:24:12,MYOR,RG,1580,1,D,EP,YU,D
9:24:11,MYOR,RG,1580,1,D,EP,YU,D
9:24:11,MYOR,RG,1580,5,D,EP,ZP,F
9:24:10,MYOR,RG,1580,11,D,EP,XL,D
9:23:59,MYOR,RG,1580,5,D,EP,YU,D
9:23:58,MYOR,RG,1580,19,D,EP,CC,D
9:23:58,MYOR,RG,1580,1,D,XL,CC,D
9:23:58,MYOR,RG,1580,8,D,CC,ZP,F
9:23:38,MYOR,RG,1580,6,D,CC,YU,D
9:23:37,MYOR,RG,1585,16,D,PD,YU,D
9:23:37,MYOR,RG,1585,17,D,PD,YU,D
9:23:03,MYOR,RG,1580,1,D,CC,ZP,F
9:22:57,MYOR,RG,1580,3,D,CC,XC,D
9:22:57,MYOR,RG,1580,1,D,XL,YU,D
9:22:57,MYOR,RG,1580,4,D,XL,YU,D
9:22:57,MYOR,RG,1580,1,D,XL,ZP,F
9:22:57,MYOR,RG,1580,1,D,XL,XC,D
9:22:57,MYOR,RG,1580,5,D,XL,PD,D
9:22:57,MYOR,RG,1580,13,D,XL,YP,D
9:22:56,MYOR,RG,1580,2,D,XC,YP,D
9:22:47,MYOR,RG,1580,1,D,PD,YP,D
9:21:13,MYOR,RG,1580,1,D,XC,YP,D
9:21:01,MYOR,RG,1575,1,D,CC,ZP,F
9:20:48,MYOR,RG,1575,3,D,CC,PD,D
9:20:45,MYOR,RG,1580,10,D,XL,YP,D
9:20:42,MYOR,RG,1580,1,D,NI,YP,D
9:20:39,MYOR,RG,1580,1,D,YP,YP,D
9:20:24,MYOR,RG,1580,9,D,AI,YP,D
9:20:14,MYOR,RG,1575,3,D,NI,XL,D
9:20:14,MYOR,RG,1575,1,D,PD,XL,D
9:20:14,MYOR,RG,1575,9,D,CD,XL,D
9:20:14,MYOR,RG,1575,6,D,PD,XL,D
9:20:14,MYOR,RG,1575,1,D,SQ,XL,D
9:20:11,MYOR,RG,1580,1,D,XC,YP,D
9:18:38,MYOR,RG,1580,18,D,BB,YP,D
9:18:33,MYOR,RG,1575,20,D,SQ,ZP,F
9:18:30,MYOR,RG,1575,9,D,SQ,ZP,F
9:18:29,MYOR,RG,1580,100,D,BB,YP,D
9:18:28,MYOR,RG,1580,1,D,XL,YP,D
9:18:28,MYOR,RG,1580,1,D,XA,YP,D
9:18:28,MYOR,RG,1580,9,D,PD,YP,D
9:18:28,MYOR,RG,1580,1,D,XC,YP,D
9:18:28,MYOR,RG,1580,1,D,PD,YP,D
9:18:28,MYOR,RG,1580,1,D,XC,YP,D
9:18:28,MYOR,RG,1580,5,D,CC,YP,D
9:18:28,MYOR,RG,1580,7,D,BB,YP,D
9:18:28,MYOR,RG,1580,7,D,XC,YP,D
9:18:28,MYOR,RG,1580,1,D,GR,YP,D
9:18:28,MYOR,RG,1580,9,D,BB,YP,D
9:18:18,MYOR,RG,1580,2,D,BB,ZP,F
9:18:15,MYOR,RG,1580,5,D,BB,PD,D
9:18:08,MYOR,RG,1585,3,D,XC,YU,D
9:18:08,MYOR,RG,1580,4,D,BB,XC,D
9:17:37,MYOR,RG,1580,1,D,BB,AK,F
9:17:20,MYOR,RG,1580,8,D,BB,ZP,F
9:17:16,MYOR,RG,1585,30,D,XC,YU,D
9:17:11,MYOR,RG,1580,6,D,BB,XC,D
9:16:40,MYOR,RG,1585,1,D,EP,XL,D
9:16:26,MYOR,RG,1580,2,D,YP,NI,D
9:14:54,MYOR,RG,1580,2,D,YP,ZP,F
9:14:45,MYOR,RG,1580,1,D,YP,AK,F
9:14:44,MYOR,RG,1580,1,D,YP,AK,F
9:14:44,MYOR,RG,1580,1,D,BB,AK,F
9:14:43,MYOR,RG,1580,4,D,BB,AK,F
9:14:43,MYOR,RG,1580,1,D,XL,AK,F
9:14:23,MYOR,RG,1580,1,D,XL,XC,D
9:14:18,MYOR,RG,1580,1,D,XL,ZP,F
9:14:13,MYOR,RG,1580,2,D,XL,XC,D
9:13:55,MYOR,RG,1580,2,D,XL,XC,D
9:13:51,MYOR,RG,1580,6,D,XL,ZP,F
9:13:39,MYOR,RG,1580,7,D,XL,ZP,F
9:13:39,MYOR,RG,1580,19,D,CC,ZP,F
9:13:39,MYOR,RG,1580,30,D,CC,YU,D
9:13:34,MYOR,RG,1580,16,D,CC,YU,D
9:13:34,MYOR,RG,1580,4,D,CC,YU,D
9:13:28,MYOR,RG,1580,2,D,CC,ZP,F
9:13:28,MYOR,RG,1580,5,D,KK,ZP,F
9:13:28,MYOR,RG,1580,46,D,YP,ZP,F
9:13:27,MYOR,RG,1590,48,D,CC,AK,F
9:13:27,MYOR,RG,1590,50,D,CC,YU,D
9:13:27,MYOR,RG,1590,10,D,CC,AK,F
9:13:27,MYOR,RG,1590,100,D,CC,YU,D
9:13:27,MYOR,RG,1590,100,D,CC,AK,F
9:13:27,MYOR,RG,1590,20,D,CC,YU,D
9:13:27,MYOR,RG,1590,6,D,CC,ZP,F
9:13:27,MYOR,RG,1590,66,D,CC,DX,F
9:13:25,MYOR,RG,1580,4,D,YP,ZP,F
9:13:25,MYOR,RG,1580,4,D,BB,ZP,F
9:13:25,MYOR,RG,1580,2,D,BB,ZP,F
9:13:24,MYOR,RG,1580,1,D,BB,ZP,F
9:13:22,MYOR,RG,1580,50,D,BB,YU,D
9:13:14,MYOR,RG,1590,4,D,CC,DX,F
9:13:06,MYOR,RG,1580,4,D,BB,ZP,F
9:12:58,MYOR,RG,1580,18,D,BB,YU,D
9:12:58,MYOR,RG,1580,1,D,XC,YU,D
9:12:58,MYOR,RG,1580,1,D,YP,YU,D
9:12:55,MYOR,RG,1580,9,D,YP,ZP,F
9:12:55,MYOR,RG,1580,32,D,CC,ZP,F
9:12:51,MYOR,RG,1580,2,D,CC,ZP,F
9:12:50,MYOR,RG,1580,66,D,CC,YU,D
9:12:50,MYOR,RG,1580,100,D,KK,YU,D
9:12:50,MYOR,RG,1580,8,D,YP,YU,D
9:12:50,MYOR,RG,1580,9,D,YP,YU,D
9:12:50,MYOR,RG,1580,10,D,SQ,YU,D
9:12:50,MYOR,RG,1580,7,D,BB,YU,D
9:12:46,MYOR,RG,1580,6,D,BB,ZP,F
9:12:46,MYOR,RG,1590,8,D,BB,DX,F
9:12:44,MYOR,RG,1580,29,D,BB,YU,D
9:12:44,MYOR,RG,1580,1,D,AZ,YU,D
9:12:39,MYOR,RG,1580,4,D,AZ,ZP,F
9:12:30,MYOR,RG,1580,20,D,AZ,PD,D
9:12:06,MYOR,RG,1580,28,D,AZ,ZP,F
9:12:03,MYOR,RG,1580,10,D,AZ,YU,D
9:11:59,MYOR,RG,1600,80,D,EP,AK,F
9:11:58,MYOR,RG,1600,30,D,EP,DR,D
9:11:58,MYOR,RG,1600,91,D,EP,ZP,F
9:11:58,MYOR,RG,1600,60,D,EP,EP,D
9:11:58,MYOR,RG,1600,5,D,EP,PD,D
9:11:58,MYOR,RG,1600,29,D,EP,EP,D
9:11:58,MYOR,RG,1600,40,D,EP,YP,D
9:11:58,MYOR,RG,1600,5,D,EP,EP,D
9:11:58,MYOR,RG,1600,16,D,EP,EP,D
9:11:58,MYOR,RG,1600,22,D,EP,XA,D
9:11:58,MYOR,RG,1600,20,D,EP,ZP,F
9:11:58,MYOR,RG,1600,3,D,EP,AZ,D
9:11:58,MYOR,RG,1600,100,D,EP,YU,D
9:11:58,MYOR,RG,1600,101,D,EP,AK,F
9:11:58,MYOR,RG,1595,1,D,EP,XC,D
9:11:58,MYOR,RG,1595,15,D,EP,ZP,F
9:11:58,MYOR,RG,1590,117,D,EP,DX,F
9:11:58,MYOR,RG,1590,9,D,EP,ZP,F
9:11:58,MYOR,RG,1590,21,D,EP,CC,F
9:11:58,MYOR,RG,1590,25,D,EP,DX,F
9:11:58,MYOR,RG,1590,96,D,EP,AK,F
9:11:58,MYOR,RG,1590,94,D,EP,YU,D
9:11:58,MYOR,RG,1585,20,D,EP,ZP,F
9:11:57,MYOR,RG,1580,22,D,AZ,ZP,F
9:11:56,MYOR,RG,1580,17,D,AZ,YU,D
9:11:56,MYOR,RG,1585,1,D,CC,YU,D
9:11:55,MYOR,RG,1585,19,D,CC,AK,F
9:11:52,MYOR,RG,1590,6,D,BB,YU,D
9:11:52,MYOR,RG,1590,1,D,BB,XC,D
9:11:49,MYOR,RG,1580,98,D,AZ,YU,D
9:11:49,MYOR,RG,1580,2,D,GR,YU,D
9:11:49,MYOR,RG,1580,21,D,GR,ZP,F
9:11:42,MYOR,RG,1580,100,D,GR,YU,D
9:11:41,MYOR,RG,1580,2,D,GR,PD,D
9:11:41,MYOR,RG,1580,1,D,PD,PD,D
9:11:41,MYOR,RG,1580,1,D,BB,PD,D
9:11:41,MYOR,RG,1580,1,D,YP,PD,D
9:11:13,MYOR,RG,1580,2,D,YP,ZP,F
9:11:09,MYOR,RG,1575,3,D,SQ,ZP,F
9:11:08,MYOR,RG,1580,36,D,BB,DX,F
9:11:07,MYOR,RG,1580,7,D,BB,DX,F
9:11:07,MYOR,RG,1580,29,D,GR,DX,F
9:11:07,MYOR,RG,1580,5,D,GR,DH,D
9:11:07,MYOR,RG,1580,3,D,GR,ZP,F
9:11:07,MYOR,RG,1580,63,D,GR,DX,F
9:10:58,MYOR,RG,1580,1,D,BB,DX,F
9:10:51,MYOR,RG,1575,4,D,SQ,ZP,F
9:10:46,MYOR,RG,1580,10,D,BB,DX,F
9:10:46,MYOR,RG,1580,11,D,BB,YU,D
9:10:39,MYOR,RG,1575,13,D,SQ,LG,D
9:10:39,MYOR,RG,1575,51,D,EP,LG,D
9:10:38,MYOR,RG,1580,1,D,BB,YU,D
9:10:30,MYOR,RG,1575,1,D,EP,ZP,F
9:10:30,MYOR,RG,1580,2,D,BB,YU,D
9:10:23,MYOR,RG,1580,4,D,BB,YU,D
9:10:22,MYOR,RG,1575,8,D,EP,XC,D
9:10:17,MYOR,RG,1575,4,D,EP,ZP,F
9:10:16,MYOR,RG,1580,7,D,BB,YU,D
9:10:11,MYOR,RG,1580,56,D,BB,YU,D
9:10:08,MYOR,RG,1575,9,D,EP,ZP,F
9:10:08,MYOR,RG,1575,9,D,EP,XC,D
9:10:03,MYOR,RG,1580,19,D,IU,YU,D
9:10:03,MYOR,RG,1580,22,D,IU,XC,D
9:10:03,MYOR,RG,1580,52,D,IU,DX,F
9:10:03,MYOR,RG,1580,1,D,IU,ZP,F
9:10:03,MYOR,RG,1580,56,D,IU,YU,D
9:10:03,MYOR,RG,1580,24,D,BB,YU,D
9:09:58,MYOR,RG,1575,3,D,EP,ZP,F
9:09:57,MYOR,RG,1580,20,D,PD,YU,D
9:09:52,MYOR,RG,1580,1,D,BB,DX,F
9:09:51,MYOR,RG,1580,50,D,GR,DX,F
9:09:45,MYOR,RG,1580,2,D,XL,DX,F
9:09:39,MYOR,RG,1580,1,D,BB,DX,F
9:09:29,MYOR,RG,1580,6,D,BB,DX,F
9:09:29,MYOR,RG,1575,4,D,EP,ZP,F
9:09:26,MYOR,RG,1580,8,D,BB,DX,F
9:09:24,MYOR,RG,1580,3,D,XC,DX,F
9:09:22,MYOR,RG,1575,5,D,EP,ZP,F
9:09:21,MYOR,RG,1580,12,D,BB,DX,F
9:09:21,MYOR,RG,1580,2,D,BB,XC,D
9:09:21,MYOR,RG,1580,53,D,BB,YU,D
9:09:18,MYOR,RG,1580,1,D,NI,YU,D
9:09:14,MYOR,RG,1580,46,D,CP,YU,D
9:09:14,MYOR,RG,1580,6,D,CP,ZP,F
9:09:14,MYOR,RG,1580,148,D,CP,DX,F
9:09:00,MYOR,RG,1580,2,D,BB,DX,F
9:08:35,MYOR,RG,1580,8,D,BB,DX,F
9:08:29,MYOR,RG,1580,3,D,BB,DX,F
9:08:21,MYOR,RG,1575,1,D,EP,ZP,F
9:08:21,MYOR,RG,1580,2,D,BB,DX,F
9:08:20,MYOR,RG,1575,2,D,EP,XL,D
9:08:20,MYOR,RG,1580,3,D,BB,DX,F
9:08:20,MYOR,RG,1575,1,D,EP,ZP,F
9:08:19,MYOR,RG,1580,9,D,AI,DX,F
9:08:06,MYOR,RG,1580,10,D,YU,DX,F
9:07:49,MYOR,RG,1580,2,D,BB,DX,F
9:07:40,MYOR,RG,1580,7,D,BB,DX,F
9:07:26,MYOR,RG,1580,7,D,BB,DX,F
9:07:23,MYOR,RG,1575,2,D,EP,ZP,F
9:07:20,MYOR,RG,1580,1,F,AK,DX,F
9:07:20,MYOR,RG,1580,3,F,AK,AK,F
9:07:18,MYOR,RG,1580,23,D,BB,AK,F
9:07:18,MYOR,RG,1580,10,D,BB,AK,F
9:07:18,MYOR,RG,1580,32,D,BB,AK,F
9:07:17,MYOR,RG,1580,13,D,BB,DX,F
9:07:17,MYOR,RG,1580,13,F,AK,ZP,F
9:07:17,MYOR,RG,1580,50,F,AK,YU,D
9:07:17,MYOR,RG,1580,100,F,AK,YU,D
9:07:17,MYOR,RG,1580,32,F,AK,AK,F
9:07:17,MYOR,RG,1580,5,F,AK,AK,F
9:07:15,MYOR,RG,1575,9,D,EP,ZP,F
9:07:14,MYOR,RG,1580,200,F,AK,DX,F
9:07:13,MYOR,RG,1580,10,D,KK,DX,F
9:06:51,MYOR,RG,1590,6,D,BB,DX,F
9:06:50,MYOR,RG,1600,1,D,BB,AK,F
9:06:50,MYOR,RG,1580,1,F,AK,XC,D
9:06:43,MYOR,RG,1600,4,D,BB,AK,F
9:06:43,MYOR,RG,1600,31,D,EP,AK,F
9:06:43,MYOR,RG,1600,12,D,EP,CC,D
9:06:43,MYOR,RG,1600,8,D,EP,CC,D
9:06:43,MYOR,RG,1600,26,D,EP,ZP,F
9:06:43,MYOR,RG,1600,90,D,EP,EP,D
9:06:43,MYOR,RG,1600,1,D,EP,YP,D
9:06:43,MYOR,RG,1600,2,D,EP,XC,D
9:06:43,MYOR,RG,1600,5,D,EP,YP,D
9:06:43,MYOR,RG,1600,1,D,EP,XC,D
9:06:43,MYOR,RG,1600,14,D,EP,CC,D
9:06:43,MYOR,RG,1600,2,D,EP,XC,D
9:06:43,MYOR,RG,1600,4,D,EP,SQ,D
9:06:43,MYOR,RG,1600,5,D,EP,PD,D
9:06:43,MYOR,RG,1600,50,D,EP,GR,D
9:06:43,MYOR,RG,1600,30,D,EP,YB,D
9:06:43,MYOR,RG,1595,10,D,EP,YP,D
9:06:43,MYOR,RG,1595,3,D,EP,SQ,D
9:06:43,MYOR,RG,1590,160,D,EP,AK,F
9:06:43,MYOR,RG,1590,5,D,EP,YP,D
9:06:43,MYOR,RG,1590,7,D,EP,PD,D
9:06:43,MYOR,RG,1585,10,D,EP,PD,D
9:06:43,MYOR,RG,1585,1,D,EP,ZP,F
9:06:43,MYOR,RG,1585,16,D,EP,AZ,D
9:06:43,MYOR,RG,1580,5,D,EP,AK,F
9:06:43,MYOR,RG,1580,1,D,EP,AK,F
9:06:43,MYOR,RG,1580,1,D,EP,XC,D
9:06:13,MYOR,RG,1575,1,D,EP,ZP,F
9:06:08,MYOR,RG,1580,2,D,BB,YU,D
9:06:01,MYOR,RG,1580,1,D,BB,ZP,F
9:06:01,MYOR,RG,1580,1,F,AK,ZP,F
9:05:55,MYOR,RG,1580,10,F,AK,YU,D
9:05:53,MYOR,RG,1580,1,F,AK,ZP,F
9:05:50,MYOR,RG,1580,16,F,AK,AK,F
9:05:49,MYOR,RG,1580,1,D,DR,AK,F
9:05:23,MYOR,RG,1575,3,D,EP,ZP,F
9:05:19,MYOR,RG,1575,1,D,EP,ZP,F
9:05:19,MYOR,RG,1580,50,D,SQ,DX,F
9:05:08,MYOR,RG,1580,3,D,PD,DX,F
9:05:03,MYOR,RG,1580,4,D,PD,DX,F
9:05:03,MYOR,RG,1580,2,D,PD,YU,D
9:05:03,MYOR,RG,1580,4,D,PD,AK,F
9:04:46,MYOR,RG,1575,7,D,EP,XC,D
9:04:19,MYOR,RG,1575,1,D,EP,ZP,F
9:04:15,MYOR,RG,1575,10,D,EP,XC,D
9:04:12,MYOR,RG,1575,2,D,EP,PD,D
9:04:12,MYOR,RG,1575,1,D,EP,XC,D
9:04:04,MYOR,RG,1575,1,D,EP,ZP,F
9:03:54,MYOR,RG,1575,2,D,EP,ZP,F
9:03:53,MYOR,RG,1575,20,D,EP,XC,D
9:03:39,MYOR,RG,1575,42,D,EP,CC,D
9:03:39,MYOR,RG,1575,8,D,XC,CC,D
9:03:30,MYOR,RG,1575,2,D,XC,ZP,F
9:03:30,MYOR,RG,1575,7,D,XC,ZP,F
9:03:23,MYOR,RG,1575,3,D,XC,DX,F
9:03:23,MYOR,RG,1575,2,D,XC,DX,F
9:03:23,MYOR,RG,1575,1,D,PD,DX,F
9:03:23,MYOR,RG,1575,2,D,XC,DX,F
9:03:23,MYOR,RG,1575,1,D,PD,DX,F
9:03:23,MYOR,RG,1575,137,D,BB,DX,F
9:03:23,MYOR,RG,1575,2,D,YP,DX,F
9:03:23,MYOR,RG,1575,5,D,CC,DX,F
9:03:23,MYOR,RG,1575,1,D,PD,DX,F
9:03:23,MYOR,RG,1575,1,D,XC,DX,F
9:03:23,MYOR,RG,1575,1,D,XC,DX,F
9:03:23,MYOR,RG,1575,9,D,PD,DX,F
9:03:18,MYOR,RG,1575,1,D,PD,ZP,F
9:02:59,MYOR,RG,1580,19,D,BB,DX,F
9:02:56,MYOR,RG,1575,2,D,PD,ZP,F
9:02:52,MYOR,RG,1580,100,D,BB,DX,F
9:02:51,MYOR,RG,1580,8,D,BB,AK,F
9:02:51,MYOR,RG,1580,4,D,BB,AK,F
9:02:48,MYOR,RG,1575,2,D,PD,YB,D
9:02:48,MYOR,RG,1580,4,D,BB,YU,D
9:02:48,MYOR,RG,1580,1,D,BB,AK,F
9:02:48,MYOR,RG,1580,23,D,BB,DX,F
9:02:47,MYOR,RG,1575,1,D,PD,ZP,F
9:02:47,MYOR,RG,1575,50,D,PD,ZP,F
9:02:47,MYOR,RG,1575,1,D,SQ,ZP,F
9:02:47,MYOR,RG,1575,1,D,XC,ZP,F
9:02:47,MYOR,RG,1575,10,D,KK,ZP,F
9:02:47,MYOR,RG,1575,4,D,DH,ZP,F
9:02:47,MYOR,RG,1580,58,D,BB,AK,F
9:02:46,MYOR,RG,1580,10,D,BB,AK,F
9:02:46,MYOR,RG,1580,1,D,BB,AK,F
9:02:46,MYOR,RG,1580,4,D,BB,ZP,F
9:02:46,MYOR,RG,1580,16,D,BB,ZP,F
9:02:45,MYOR,RG,1580,167,D,BB,YP,D
9:02:45,MYOR,RG,1580,1,D,XL,YP,D
9:02:45,MYOR,RG,1580,1,D,PD,YP,D
9:02:45,MYOR,RG,1580,5,D,XL,YP,D
9:02:45,MYOR,RG,1580,16,D,YP,YP,D
9:02:45,MYOR,RG,1580,5,D,XL,YP,D
9:02:45,MYOR,RG,1580,1,D,PD,YP,D
9:02:45,MYOR,RG,1580,3,D,BB,YP,D
9:02:45,MYOR,RG,1580,2,D,YP,YP,D
9:02:45,MYOR,RG,1580,1,D,XC,YP,D
9:02:45,MYOR,RG,1580,1,D,PD,YP,D
9:02:45,MYOR,RG,1580,114,D,CC,YP,D
9:02:40,MYOR,RG,1580,86,D,CC,YU,D
9:02:40,MYOR,RG,1580,12,D,CC,YU,D
9:02:40,MYOR,RG,1580,2,D,BB,YU,D
9:02:19,MYOR,RG,1580,23,D,BB,ZP,F
9:02:14,MYOR,RG,1580,5,D,BB,YU,D
9:02:14,MYOR,RG,1580,10,D,NI,YU,D
9:02:14,MYOR,RG,1580,20,D,CC,YU,D
9:02:14,MYOR,RG,1580,5,D,CC,YU,D
9:02:14,MYOR,RG,1580,1,D,XC,YU,D
9:02:14,MYOR,RG,1580,5,D,PD,YU,D
9:02:14,MYOR,RG,1580,1,D,DH,YU,D
9:02:14,MYOR,RG,1580,10,D,XC,YU,D
9:02:14,MYOR,RG,1580,1,D,PD,YU,D
9:02:14,MYOR,RG,1580,35,D,XC,YU,D
9:02:14,MYOR,RG,1580,6,D,CC,YU,D
9:02:14,MYOR,RG,1580,13,D,PD,YU,D
9:01:43,MYOR,RG,1580,2,D,PD,ZP,F
9:01:43,MYOR,RG,1580,1,D,PD,ZP,F
9:01:43,MYOR,RG,1580,1,D,PD,ZP,F
9:01:39,MYOR,RG,1580,1,D,PD,ZP,F
9:01:39,MYOR,RG,1580,7,D,PD,ZP,F
9:01:39,MYOR,RG,1580,3,D,BB,ZP,F
9:01:39,MYOR,RG,1580,5,D,GR,ZP,F
9:01:38,MYOR,RG,1580,5,D,GR,ZP,F
9:01:38,MYOR,RG,1580,1,D,XC,ZP,F
9:01:38,MYOR,RG,1580,1,D,XC,ZP,F
9:01:38,MYOR,RG,1580,12,D,DH,ZP,F
9:01:38,MYOR,RG,1580,83,D,DH,DX,F
9:01:38,MYOR,RG,1580,15,D,AT,DX,F
9:01:33,MYOR,RG,1580,15,D,AT,ZP,F
9:01:33,MYOR,RG,1580,2,D,AT,ZP,F
9:01:33,MYOR,RG,1580,91,D,EP,ZP,F
9:01:33,MYOR,RG,1580,93,D,EP,DX,F
9:01:27,MYOR,RG,1580,442,D,EP,YP,D
9:01:27,MYOR,RG,1585,50,D,CC,YP,D
9:01:27,MYOR,RG,1585,43,D,CC,YP,D
9:01:19,MYOR,RG,1585,3,D,CC,XL,D
9:01:05,MYOR,RG,1585,1,D,CC,ZP,F
9:01:03,MYOR,RG,1585,3,D,CC,XC,D
9:00:58,MYOR,RG,1580,1,D,EP,XL,D
9:00:53,MYOR,RG,1580,1,D,EP,XL,D
9:00:41,MYOR,RG,1580,4,D,EP,XC,D
9:00:33,MYOR,RG,1580,1,D,EP,ZP,F
9:00:21,MYOR,RG,1580,1,D,EP,ZP,F
9:00:17,MYOR,RG,1580,1,D,EP,CC,D
9:00:17,MYOR,RG,1585,1,D,XC,CC,D
9:00:14,MYOR,RG,1580,2,D,EP,PD,D
9:00:07,MYOR,RG,1580,2,D,EP,PD,D
9:00:05,MYOR,RG,1580,1,D,EP,EP,D
