Time,Stock,Brd,Price,Qty,BT,BC,SC,ST
15:01:02,MYOR,RG,1800,1,D,DR,XL,D
15:00:00,MYOR,RG,1800,110,D,DR,NI,D
15:00:00,MYOR,RG,1800,105,D,DR,SQ,D
15:00:00,MYOR,RG,1800,260,D,DR,SQ,D
15:00:00,MYOR,RG,1800,5,D,DR,YP,D
15:00:00,MYOR,RG,1800,11,D,DR,AZ,D
15:00:00,MYOR,RG,1800,19,D,MK,AZ,D
15:00:00,MYOR,RG,1800,2,D,MK,PD,D
15:00:00,MYOR,RG,1800,6,D,MK,XC,D
15:00:00,MYOR,RG,1800,473,D,MK,OD,D
15:00:00,MYOR,RG,1800,10,D,YP,OD,D
15:00:00,MYOR,RG,1800,34,F,AK,OD,D
15:00:00,MYOR,RG,1800,31,F,AK,OD,D
15:00:00,MYOR,RG,1800,9,F,AK,AG,F
15:00:00,MYOR,RG,1800,10,F,AK,ZP,D
15:00:00,MYOR,RG,1800,75,F,AK,ZP,D
15:00:00,MYOR,RG,1800,30,F,AK,ZP,D
15:00:00,MYOR,RG,1800,76,F,AK,ZP,D
15:00:00,MYOR,RG,1800,33,F,AK,ZP,D
15:00:00,MYOR,RG,1800,1,D,LG,ZP,D
14:49:44,MYOR,RG,1800,7,F,AK,SQ,D
14:49:43,MYOR,RG,1790,27,D,YP,CC,D
14:49:31,MYOR,RG,1800,11,F,AK,CC,D
14:49:31,MYOR,RG,1790,47,D,YP,AG,F
14:49:30,MYOR,RG,1800,1,F,AK,CC,D
14:49:30,MYOR,RG,1795,1,D,BB,AG,F
14:49:27,MYOR,RG,1800,1,D,XL,CC,D
14:49:19,MYOR,RG,1800,8,F,AK,CC,D
14:49:18,MYOR,RG,1800,2,D,BB,CC,D
14:49:18,MYOR,RG,1800,30,D,BB,NI,D
14:49:18,MYOR,RG,1800,1,D,BB,CP,D
14:49:13,MYOR,RG,1800,1,D,BB,CP,D
14:49:10,MYOR,RG,1800,2,F,AK,CP,D
14:49:10,MYOR,RG,1800,5,D,BB,CP,D
14:49:08,MYOR,RG,1800,1,F,AK,CP,D
14:49:07,MYOR,RG,1800,5,D,BB,CP,D
14:49:07,MYOR,RG,1800,2,D,BB,CP,D
14:49:00,MYOR,RG,1800,3,F,AK,CP,D
14:48:59,MYOR,RG,1800,1,D,BB,CP,D
14:48:59,MYOR,RG,1800,10,D,BB,CP,D
14:48:48,MYOR,RG,1800,1,F,AK,CP,D
14:48:47,MYOR,RG,1800,3,D,BB,CP,D
14:48:47,MYOR,RG,1800,1,D,BB,CP,D
14:48:37,MYOR,RG,1800,2,F,AK,CP,D
14:48:36,MYOR,RG,1800,7,D,BB,CP,D
14:48:33,MYOR,RG,1795,1,D,BB,AK,F
14:48:32,MYOR,RG,1800,4,F,AK,CP,D
14:48:32,MYOR,RG,1800,1,F,AK,CP,D
14:48:32,MYOR,RG,1800,6,F,AK,CP,D
14:48:32,MYOR,RG,1800,6,D,BB,CP,D
14:48:32,MYOR,RG,1800,2,D,BB,CP,D
14:48:14,MYOR,RG,1800,3,F,AK,CP,D
14:48:13,MYOR,RG,1800,1,D,BB,CP,D
14:48:13,MYOR,RG,1800,13,D,BB,CP,D
14:48:02,MYOR,RG,1800,1,F,AK,CP,D
14:48:01,MYOR,RG,1800,4,D,BB,CP,D
14:46:30,MYOR,RG,1805,19,F,AK,AK,F
14:46:30,MYOR,RG,1805,20,F,AK,EP,D
14:46:30,MYOR,RG,1805,6,F,AK,YP,D
14:46:30,MYOR,RG,1790,41,D,YP,CC,D
14:46:30,MYOR,RG,1790,50,D,XC,CC,D
14:46:30,MYOR,RG,1795,11,D,YB,CC,D
14:46:30,MYOR,RG,1795,11,D,PD,CC,D
14:46:30,MYOR,RG,1795,1,D,BB,CC,D
14:46:30,MYOR,RG,1800,18,F,AK,CC,D
14:46:30,MYOR,RG,1800,9,D,BB,CC,D
14:46:30,MYOR,RG,1800,2,D,BB,CC,D
14:46:30,MYOR,RG,1800,7,D,PD,CC,D
14:46:30,MYOR,RG,1800,27,D,BB,CC,D
14:46:22,MYOR,RG,1805,1,F,AK,CC,D
14:46:22,MYOR,RG,1800,5,D,BB,XC,D
14:46:19,MYOR,RG,1800,2,D,BB,AK,F
14:46:19,MYOR,RG,1805,13,F,AK,CC,D
14:46:18,MYOR,RG,1800,5,D,BB,AK,F
14:46:18,MYOR,RG,1805,47,D,BB,CC,D
14:46:08,MYOR,RG,1805,3,F,AK,CC,D
14:46:07,MYOR,RG,1800,1,D,BB,AK,F
14:46:07,MYOR,RG,1800,1,D,BB,AK,F
14:46:07,MYOR,RG,1805,9,D,BB,CC,D
14:45:17,MYOR,RG,1805,1,D,NI,CC,D
14:44:53,MYOR,RG,1805,1,F,AK,CC,D
14:44:52,MYOR,RG,1800,1,D,BB,AK,F
14:44:52,MYOR,RG,1805,10,F,AK,CC,D
14:44:51,MYOR,RG,1800,5,D,BB,AK,F
14:44:51,MYOR,RG,1805,50,D,CC,CC,D
14:43:06,MYOR,RG,1805,63,D,BB,CC,D
14:43:05,MYOR,RG,1805,8,D,BB,CC,D
14:43:04,MYOR,RG,1805,20,D,KK,CC,D
14:42:46,MYOR,RG,1810,10,D,XC,CP,D
14:42:28,MYOR,RG,1810,1,D,PD,CP,D
14:42:28,MYOR,RG,1810,3,D,NI,CP,D
14:41:39,MYOR,RG,1810,2,D,NI,YP,D
14:41:30,MYOR,RG,1820,339,F,AK,MK,D
14:41:30,MYOR,RG,1815,15,F,AK,AK,F
14:41:30,MYOR,RG,1815,7,F,AK,AK,F
14:41:30,MYOR,RG,1815,110,F,AK,AK,F
14:41:30,MYOR,RG,1820,220,D,YU,MK,D
14:41:30,MYOR,RG,1820,3,D,YU,PD,D
14:41:30,MYOR,RG,1820,5,D,YU,XL,D
14:41:30,MYOR,RG,1820,60,D,YU,YP,D
14:41:30,MYOR,RG,1820,1,D,YU,YP,D
14:41:30,MYOR,RG,1820,15,D,YU,YP,D
14:41:30,MYOR,RG,1820,1,D,YU,AZ,D
14:41:30,MYOR,RG,1820,54,D,YU,YP,D
14:41:30,MYOR,RG,1820,50,D,YU,XA,D
14:41:30,MYOR,RG,1820,11,D,YU,NI,D
14:41:30,MYOR,RG,1820,7,D,YU,NI,D
14:41:30,MYOR,RG,1815,60,D,YU,SQ,D
14:41:30,MYOR,RG,1815,200,D,YU,NI,D
14:41:30,MYOR,RG,1815,2,D,YU,BQ,D
14:41:30,MYOR,RG,1815,18,D,YU,BK,F
14:41:30,MYOR,RG,1815,209,D,YU,DR,D
14:41:30,MYOR,RG,1815,1,D,YU,XC,D
14:41:30,MYOR,RG,1815,3,D,YU,DR,D
14:41:30,MYOR,RG,1815,4,D,YU,YP,D
14:41:30,MYOR,RG,1815,1,D,YU,KK,D
14:41:30,MYOR,RG,1815,2,D,YU,XC,D
14:41:30,MYOR,RG,1815,1,D,YU,NI,D
14:41:30,MYOR,RG,1815,50,D,YU,YP,D
14:41:30,MYOR,RG,1815,15,D,YU,YP,D
14:41:30,MYOR,RG,1815,200,D,YU,CC,D
14:41:30,MYOR,RG,1815,3,D,YU,NI,D
14:41:30,MYOR,RG,1815,1,D,YU,NI,D
14:41:30,MYOR,RG,1815,20,D,YU,PD,D
14:41:30,MYOR,RG,1815,100,D,YU,YP,D
14:41:30,MYOR,RG,1815,3,D,YU,XC,D
14:41:30,MYOR,RG,1815,2,D,YU,XC,D
14:41:30,MYOR,RG,1815,1,D,YU,YP,D
14:41:30,MYOR,RG,1815,3,D,YU,CC,D
14:41:30,MYOR,RG,1815,1,D,YU,YP,D
14:41:30,MYOR,RG,1815,1,D,YU,YP,D
14:41:30,MYOR,RG,1815,5,D,YU,YP,D
14:41:30,MYOR,RG,1815,121,D,YU,YP,D
14:41:30,MYOR,RG,1810,1,D,YU,NI,D
14:41:30,MYOR,RG,1810,1,D,YU,XC,D
14:41:30,MYOR,RG,1810,2,D,YU,BQ,D
14:41:30,MYOR,RG,1810,4,D,YU,NI,D
14:41:30,MYOR,RG,1810,1,D,YU,SQ,D
14:41:30,MYOR,RG,1810,20,D,YU,XC,D
14:41:30,MYOR,RG,1810,3,D,YU,DR,D
14:41:30,MYOR,RG,1810,13,D,YU,DR,D
14:41:30,MYOR,RG,1810,142,D,YU,BK,F
14:41:30,MYOR,RG,1810,120,D,YU,BK,F
14:41:30,MYOR,RG,1805,1,D,BB,EP,D
14:41:29,MYOR,RG,1810,1,F,AK,BK,F
14:41:28,MYOR,RG,1810,4,D,NI,BK,F
14:41:00,MYOR,RG,1810,1,D,YU,BK,F
14:40:30,MYOR,RG,1810,1,F,AK,BK,F
14:40:30,MYOR,RG,1810,4,D,NI,BK,F
14:40:04,MYOR,RG,1810,14,F,AK,BK,F
14:40:04,MYOR,RG,1810,57,D,BB,BK,F
14:40:04,MYOR,RG,1810,3,F,AK,BK,F
14:40:03,MYOR,RG,1810,11,D,BB,BK,F
14:39:12,MYOR,RG,1815,15,F,AK,YP,D
14:39:11,MYOR,RG,1795,20,F,AK,BK,F
14:39:11,MYOR,RG,1795,131,F,AK,BK,F
14:39:11,MYOR,RG,1795,1,D,BB,BK,F
14:39:11,MYOR,RG,1795,7,D,BB,BK,F
14:39:10,MYOR,RG,1810,32,F,AK,CC,F
14:39:09,MYOR,RG,1815,50,F,AK,YP,D
14:39:09,MYOR,RG,1810,1,D,BB,AK,F
14:39:09,MYOR,RG,1810,127,D,YU,AK,F
14:39:09,MYOR,RG,1810,124,D,YU,AK,F
14:39:09,MYOR,RG,1815,14,F,AK,YP,D
14:39:09,MYOR,RG,1815,10,F,AK,XC,D
14:39:09,MYOR,RG,1815,100,F,AK,XA,D
14:39:09,MYOR,RG,1810,1,F,AK,XC,D
14:39:09,MYOR,RG,1810,7,F,AK,BK,F
14:39:09,MYOR,RG,1810,1,F,AK,BK,F
14:39:09,MYOR,RG,1810,8,F,AK,BK,F
14:39:09,MYOR,RG,1810,4,F,AK,XC,D
14:39:09,MYOR,RG,1810,9,F,AK,YP,D
14:39:09,MYOR,RG,1810,1,F,AK,YP,D
14:39:09,MYOR,RG,1810,5,F,AK,XC,D
14:39:09,MYOR,RG,1810,1,F,AK,XC,D
14:39:09,MYOR,RG,1810,30,F,AK,SQ,D
14:39:09,MYOR,RG,1810,1,F,AK,XC,D
14:39:09,MYOR,RG,1810,1,F,AK,XC,D
14:39:09,MYOR,RG,1810,5,F,AK,XC,D
14:39:09,MYOR,RG,1810,4,F,AK,XC,D
14:39:09,MYOR,RG,1810,7,F,AK,XC,D
14:39:09,MYOR,RG,1805,2,F,AK,NI,D
14:39:09,MYOR,RG,1805,52,F,AK,BK,F
14:39:09,MYOR,RG,1805,1,F,AK,XC,D
14:39:09,MYOR,RG,1805,1,F,AK,CC,D
14:39:09,MYOR,RG,1805,1,F,AK,XL,D
14:39:09,MYOR,RG,1805,100,F,AK,CC,D
14:39:09,MYOR,RG,1805,100,F,AK,AK,F
14:39:08,MYOR,RG,1805,15,D,YU,AK,F
14:39:08,MYOR,RG,1800,1,D,YU,KK,D
14:39:08,MYOR,RG,1800,33,D,YU,XC,D
14:39:08,MYOR,RG,1800,221,D,YU,CC,D
14:39:08,MYOR,RG,1800,6,F,AK,CC,D
14:39:08,MYOR,RG,1800,206,D,YU,CC,D
14:39:08,MYOR,RG,1800,2,D,YU,CC,D
14:39:08,MYOR,RG,1800,95,D,YU,EP,D
14:39:08,MYOR,RG,1800,18,D,YU,HP,D
14:39:08,MYOR,RG,1800,100,D,YU,YP,D
14:39:08,MYOR,RG,1800,120,D,YU,BK,F
14:39:08,MYOR,RG,1800,464,D,YU,CC,D
14:39:08,MYOR,RG,1800,10,D,YU,XC,D
14:39:08,MYOR,RG,1800,126,D,YU,BK,F
14:39:08,MYOR,RG,1800,81,D,YU,BK,F
14:39:08,MYOR,RG,1800,2,D,YU,XC,D
14:39:08,MYOR,RG,1800,20,D,YU,EP,D
14:39:08,MYOR,RG,1800,422,D,YU,ZP,D
14:38:31,MYOR,RG,1800,9,F,AK,ZP,D
14:38:30,MYOR,RG,1800,35,D,YP,ZP,D
14:37:51,MYOR,RG,1800,2,F,AK,ZP,D
14:37:51,MYOR,RG,1795,10,D,BB,DR,D
14:37:40,MYOR,RG,1800,2,F,AK,ZP,D
14:37:39,MYOR,RG,1795,5,D,BB,PD,D
14:37:31,MYOR,RG,1800,3,F,AK,ZP,D
14:37:31,MYOR,RG,1800,14,D,BB,ZP,D
14:37:21,MYOR,RG,1800,13,F,AK,ZP,D
14:37:21,MYOR,RG,1800,2,F,AK,CC,D
14:37:21,MYOR,RG,1800,1,F,AK,XC,D
14:37:21,MYOR,RG,1800,2,F,AK,NI,D
14:37:21,MYOR,RG,1800,5,F,AK,CC,D
14:37:21,MYOR,RG,1800,2,F,AK,PD,D
14:37:21,MYOR,RG,1800,1,F,AK,CC,D
14:37:21,MYOR,RG,1800,2,F,AK,IF,D
14:37:20,MYOR,RG,1800,3,D,BB,IF,D
14:37:20,MYOR,RG,1800,5,D,BB,CC,D
14:37:20,MYOR,RG,1800,1,D,BB,XC,D
14:37:20,MYOR,RG,1800,10,D,BB,PC,D
14:37:20,MYOR,RG,1800,20,D,BB,SQ,D
14:37:20,MYOR,RG,1800,1,D,BB,XC,D
14:37:20,MYOR,RG,1800,10,D,BB,XC,D
14:37:20,MYOR,RG,1800,3,D,BB,PD,D
14:37:20,MYOR,RG,1800,30,D,BB,OD,D
14:37:20,MYOR,RG,1800,27,D,BB,AK,F
14:35:41,MYOR,RG,1800,6,F,AK,AK,F
14:35:40,MYOR,RG,1795,27,D,BB,BK,F
14:35:17,MYOR,RG,1800,3,F,AK,AK,F
14:35:16,MYOR,RG,1795,12,D,YU,BK,F
14:34:01,MYOR,RG,1800,28,F,AK,AK,F
14:34:01,MYOR,RG,1795,111,D,YU,AK,F
14:34:01,MYOR,RG,1795,1,D,BB,BK,F
14:34:01,MYOR,RG,1795,4,F,AK,BK,F
14:34:01,MYOR,RG,1795,15,D,YU,BK,F
14:33:49,MYOR,RG,1800,6,F,AK,AK,F
14:33:48,MYOR,RG,1795,23,D,YU,BK,F
14:33:26,MYOR,RG,1800,15,F,AK,AK,F
14:33:26,MYOR,RG,1795,5,D,YU,AK,F
14:33:25,MYOR,RG,1795,57,D,YU,BK,F
14:33:19,MYOR,RG,1800,14,F,AK,AK,F
14:33:19,MYOR,RG,1795,63,D,YU,BK,F
14:33:19,MYOR,RG,1795,3,D,YU,BK,F
14:33:09,MYOR,RG,1795,4,D,YU,BK,F
14:33:09,MYOR,RG,1795,51,D,YU,PD,D
14:33:09,MYOR,RG,1795,2,D,BB,PD,D
14:33:09,MYOR,RG,1795,17,F,AK,PD,D
14:33:00,MYOR,RG,1800,17,F,AK,AK,F
14:33:00,MYOR,RG,1795,10,F,AK,BK,F
14:33:00,MYOR,RG,1795,56,D,YU,BK,F
14:33:00,MYOR,RG,1795,15,D,YU,PD,D
14:33:00,MYOR,RG,1795,35,D,YU,YP,D
14:32:44,MYOR,RG,1795,5,F,AK,YP,D
14:32:43,MYOR,RG,1795,20,D,BB,YP,D
14:32:43,MYOR,RG,1795,3,D,BB,XC,D
14:32:01,MYOR,RG,1795,1,F,AK,XC,D
14:32:01,MYOR,RG,1795,27,F,AK,AK,F
14:32:01,MYOR,RG,1795,3,F,AK,XC,D
14:32:00,MYOR,RG,1790,124,F,AK,CC,D
14:31:51,MYOR,RG,1790,1,F,AK,CC,D
14:31:51,MYOR,RG,1790,4,D,BK,CC,D
14:31:42,MYOR,RG,1790,52,F,AK,CC,D
14:31:42,MYOR,RG,1785,20,D,BK,NI,D
14:31:41,MYOR,RG,1790,188,D,BB,CC,D
14:31:26,MYOR,RG,1790,3,F,AK,CC,D
14:31:25,MYOR,RG,1790,12,D,BK,CC,D
14:31:05,MYOR,RG,1790,3,F,AK,CC,D
14:31:04,MYOR,RG,1790,12,D,BK,CC,D
14:30:56,MYOR,RG,1790,4,F,AK,CC,D
14:30:56,MYOR,RG,1790,16,D,BK,CC,D
14:30:47,MYOR,RG,1790,1,F,AK,CC,D
14:30:46,MYOR,RG,1790,1,D,BB,CC,D
14:30:36,MYOR,RG,1790,2,F,AK,CC,D
14:30:36,MYOR,RG,1790,11,D,BK,CC,D
14:30:13,MYOR,RG,1790,5,F,AK,CC,D
14:30:12,MYOR,RG,1790,20,D,BK,CC,D
14:30:08,MYOR,RG,1790,3,F,AK,CC,D
14:30:08,MYOR,RG,1790,12,D,BK,CC,D
14:29:53,MYOR,RG,1790,2,F,AK,CC,D
14:29:52,MYOR,RG,1790,8,D,BK,CC,D
14:29:46,MYOR,RG,1790,1,F,AK,CC,D
14:29:45,MYOR,RG,1790,1,D,XL,CC,D
14:29:43,MYOR,RG,1790,34,F,AK,CC,D
14:29:43,MYOR,RG,1790,3,D,YU,XC,D
14:29:43,MYOR,RG,1790,122,D,YU,CC,D
14:29:43,MYOR,RG,1790,12,D,BK,CC,D
14:28:30,MYOR,RG,1790,8,F,AK,CC,D
14:28:30,MYOR,RG,1785,33,D,BK,DR,D
14:28:23,MYOR,RG,1790,3,F,AK,CC,D
14:28:23,MYOR,RG,1790,11,D,BK,CC,D
14:28:23,MYOR,RG,1790,2,D,BK,CC,D
14:28:12,MYOR,RG,1790,4,F,AK,CC,D
14:28:12,MYOR,RG,1790,13,D,BK,CC,D
14:28:10,MYOR,RG,1790,1,D,BK,CC,D
14:27:56,MYOR,RG,1790,2,F,AK,CC,D
14:27:55,MYOR,RG,1790,10,D,YB,CC,D
14:27:49,MYOR,RG,1790,3,F,AK,CC,D
14:27:48,MYOR,RG,1790,12,D,BK,CC,D
14:27:42,MYOR,RG,1790,3,F,AK,CC,D
14:27:41,MYOR,RG,1790,12,D,BK,CC,D
14:27:24,MYOR,RG,1790,8,F,AK,CC,D
14:27:23,MYOR,RG,1790,30,D,BB,CC,D
14:27:10,MYOR,RG,1790,7,F,AK,CC,D
14:27:10,MYOR,RG,1790,28,D,BK,CC,D
14:26:46,MYOR,RG,1790,3,F,AK,CC,D
14:26:45,MYOR,RG,1790,13,D,BK,CC,D
14:26:20,MYOR,RG,1790,1,D,BB,CC,D
14:25:56,MYOR,RG,1790,4,F,AK,CC,D
14:25:56,MYOR,RG,1790,15,D,XL,CC,D
14:25:52,MYOR,RG,1790,6,F,AK,CC,D
14:25:52,MYOR,RG,1790,23,D,BK,CC,D
14:25:14,MYOR,RG,1790,3,F,AK,CC,D
14:25:14,MYOR,RG,1790,13,D,BK,CC,D
14:25:10,MYOR,RG,1790,4,F,AK,CC,D
14:25:09,MYOR,RG,1790,15,F,AK,CC,D
14:25:08,MYOR,RG,1790,1,D,XL,CC,D
14:25:07,MYOR,RG,1790,5,F,AK,CC,D
14:25:06,MYOR,RG,1790,21,D,BK,CC,D
14:24:56,MYOR,RG,1790,3,F,AK,CC,D
14:24:55,MYOR,RG,1790,12,D,BK,CC,D
14:24:49,MYOR,RG,1790,4,F,AK,CC,D
14:24:49,MYOR,RG,1790,9,D,BK,CC,D
14:24:49,MYOR,RG,1790,4,D,BK,YP,D
14:24:37,MYOR,RG,1790,3,F,AK,YP,D
14:24:36,MYOR,RG,1790,13,D,BK,YP,D
14:24:12,MYOR,RG,1790,3,F,AK,CC,D
14:24:11,MYOR,RG,1790,12,D,BK,CC,D
14:23:56,MYOR,RG,1790,55,F,AK,CC,D
14:23:56,MYOR,RG,1790,221,D,BB,CC,D
14:22:32,MYOR,RG,1790,1,D,EP,CC,D
14:22:11,MYOR,RG,1790,7,F,AK,CC,D
14:22:10,MYOR,RG,1790,26,D,BK,CC,D
14:22:04,MYOR,RG,1790,1,D,BB,CC,D
14:21:45,MYOR,RG,1790,1,D,BK,CC,D
14:20:00,MYOR,RG,1790,7,F,AK,CC,D
14:20:00,MYOR,RG,1790,26,D,BK,CC,D
14:19:19,MYOR,RG,1790,13,F,AK,CC,D
14:19:18,MYOR,RG,1790,7,F,AK,CC,D
14:19:18,MYOR,RG,1790,45,D,BB,CC,D
14:19:01,MYOR,RG,1790,3,F,AK,CC,D
14:19:00,MYOR,RG,1790,11,D,BK,CC,D
14:17:48,MYOR,RG,1790,3,F,AK,CC,D
14:17:48,MYOR,RG,1790,14,D,BK,CC,D
14:16:09,MYOR,RG,1790,1,F,AK,CC,D
14:16:09,MYOR,RG,1785,3,D,BK,YP,D
14:15:53,MYOR,RG,1790,5,F,AK,CC,D
14:15:53,MYOR,RG,1790,1,D,BK,CC,D
14:15:53,MYOR,RG,1790,5,D,BK,CC,D
14:15:53,MYOR,RG,1790,13,D,BK,CC,D
14:14:13,MYOR,RG,1790,1,F,AK,CC,D
14:14:12,MYOR,RG,1785,3,D,BK,PD,D
14:14:12,MYOR,RG,1785,1,D,BK,PD,D
14:14:12,MYOR,RG,1785,1,D,BK,PD,D
14:14:01,MYOR,RG,1790,5,F,AK,CC,D
14:14:01,MYOR,RG,1790,19,D,BK,CC,D
14:13:37,MYOR,RG,1790,25,F,AK,CC,D
14:13:37,MYOR,RG,1785,2,D,BK,YP,D
14:13:37,MYOR,RG,1785,2,D,BK,YP,D
14:13:37,MYOR,RG,1785,27,D,BK,YP,D
14:13:37,MYOR,RG,1785,4,D,BK,YP,D
14:13:37,MYOR,RG,1785,2,D,BK,YP,D
14:13:37,MYOR,RG,1785,19,D,BK,YP,D
14:13:37,MYOR,RG,1785,1,D,BK,YP,D
14:13:37,MYOR,RG,1785,8,D,BK,YP,D
14:13:37,MYOR,RG,1785,2,D,BK,YP,D
14:13:37,MYOR,RG,1785,3,D,BK,YP,D
14:13:37,MYOR,RG,1785,8,D,BK,YP,D
14:13:37,MYOR,RG,1785,7,D,BK,YP,D
14:13:37,MYOR,RG,1785,15,D,BK,YP,D
14:13:26,MYOR,RG,1785,1,D,BK,XL,D
14:13:26,MYOR,RG,1785,1,D,BB,XL,D
14:13:10,MYOR,RG,1790,55,F,AK,CC,D
14:13:09,MYOR,RG,1790,182,D,BB,CC,D
14:13:09,MYOR,RG,1790,5,D,BB,AZ,D
14:13:09,MYOR,RG,1790,32,D,BB,AK,F
14:12:50,MYOR,RG,1790,3,F,AK,AK,F
14:12:50,MYOR,RG,1790,13,D,BK,AK,F
14:12:47,MYOR,RG,1785,1,D,BB,XC,D
14:12:29,MYOR,RG,1790,3,F,AK,AK,F
14:12:28,MYOR,RG,1790,12,D,BK,AK,F
14:12:24,MYOR,RG,1790,1,F,AK,AK,F
14:12:24,MYOR,RG,1790,1,D,BB,AK,F
14:11:55,MYOR,RG,1790,5,F,AK,AK,F
14:11:55,MYOR,RG,1790,15,F,AK,KK,D
14:11:55,MYOR,RG,1790,1,F,AK,YP,D
14:11:55,MYOR,RG,1785,1,F,AK,YP,D
14:11:54,MYOR,RG,1785,49,D,AI,YP,D
14:11:54,MYOR,RG,1785,5,D,AI,NI,D
14:11:54,MYOR,RG,1785,36,D,AI,DH,D
14:11:14,MYOR,RG,1785,1,D,BK,DH,D
14:11:09,MYOR,RG,1785,5,F,AK,DH,D
14:11:08,MYOR,RG,1785,18,D,BK,DH,D
14:11:06,MYOR,RG,1785,1,D,NI,DH,D
14:10:51,MYOR,RG,1785,1,D,PD,DH,D
14:10:21,MYOR,RG,1785,1,F,AK,DH,D
14:10:20,MYOR,RG,1785,2,D,BK,DH,D
14:09:23,MYOR,RG,1785,4,F,AK,DH,D
14:09:22,MYOR,RG,1785,17,D,BK,DH,D
14:09:21,MYOR,RG,1785,1,D,BB,DH,D
14:08:34,MYOR,RG,1785,1,F,AK,DH,D
14:08:34,MYOR,RG,1780,2,D,BK,XL,D
14:08:21,MYOR,RG,1785,15,F,AK,DH,D
14:08:20,MYOR,RG,1785,60,D,BB,DH,D
14:08:12,MYOR,RG,1785,3,F,AK,DH,D
14:08:11,MYOR,RG,1785,12,D,BK,DH,D
14:07:25,MYOR,RG,1785,1,D,BK,DH,D
14:07:14,MYOR,RG,1785,3,F,AK,DH,D
14:07:14,MYOR,RG,1785,12,D,BK,DH,D
14:07:00,MYOR,RG,1785,2,F,AK,DH,D
14:07:00,MYOR,RG,1785,1,F,AK,DH,D
14:07:00,MYOR,RG,1785,13,D,BK,DH,D
14:06:46,MYOR,RG,1785,3,F,AK,DH,D
14:06:45,MYOR,RG,1785,11,D,BK,DH,D
14:06:45,MYOR,RG,1785,3,F,AK,DH,D
14:06:44,MYOR,RG,1785,13,D,BK,DH,D
14:05:47,MYOR,RG,1785,3,F,AK,DH,D
14:05:47,MYOR,RG,1785,12,D,BK,DH,D
14:05:24,MYOR,RG,1785,1,F,AK,DH,D
14:05:24,MYOR,RG,1785,2,D,XL,DH,D
14:05:20,MYOR,RG,1785,5,F,AK,DH,D
14:05:19,MYOR,RG,1785,19,F,AK,DH,D
14:05:18,MYOR,RG,1785,33,F,AK,DH,D
14:05:17,MYOR,RG,1785,79,F,AK,DH,D
14:05:17,MYOR,RG,1785,20,F,AK,YP,D
14:05:17,MYOR,RG,1785,1,F,AK,YP,D
14:05:17,MYOR,RG,1785,34,F,AK,CC,D
14:05:06,MYOR,RG,1785,1,F,AK,CC,D
14:05:06,MYOR,RG,1785,1,D,BK,CC,D
14:05:06,MYOR,RG,1785,1,D,XC,CC,D
14:04:39,MYOR,RG,1785,3,F,AK,CC,D
14:04:38,MYOR,RG,1785,12,D,BK,CC,D
14:04:27,MYOR,RG,1780,2,D,BK,XL,D
14:04:08,MYOR,RG,1785,1,D,GR,CC,D
14:02:26,MYOR,RG,1785,1,F,AK,CC,D
14:02:25,MYOR,RG,1785,1,D,NI,CC,D
14:01:45,MYOR,RG,1785,3,D,BK,CC,D
14:01:18,MYOR,RG,1785,50,F,AK,CC,D
14:01:17,MYOR,RG,1785,200,D,PD,CC,D
14:01:14,MYOR,RG,1785,3,F,AK,CC,D
14:01:14,MYOR,RG,1785,10,D,BK,CC,D
14:01:13,MYOR,RG,1785,12,F,AK,CC,D
14:01:13,MYOR,RG,1780,27,D,BK,DR,D
14:01:13,MYOR,RG,1780,1,D,BB,DR,D
14:01:13,MYOR,RG,1780,22,D,DH,DR,D
14:00:56,MYOR,RG,1785,4,F,AK,CC,D
14:00:56,MYOR,RG,1785,12,D,BK,CC,D
14:00:56,MYOR,RG,1780,1,D,DH,XL,D
14:00:50,MYOR,RG,1785,1,D,PD,CC,D
14:00:30,MYOR,RG,1785,77,F,AK,CC,D
14:00:30,MYOR,RG,1785,37,D,BB,CC,D
14:00:30,MYOR,RG,1785,1,D,BB,SQ,D
14:00:30,MYOR,RG,1785,2,D,BB,XC,D
14:00:30,MYOR,RG,1785,41,D,BB,XC,D
14:00:30,MYOR,RG,1785,19,D,BB,GR,D
14:00:30,MYOR,RG,1785,10,D,BB,CC,D
14:00:30,MYOR,RG,1785,50,D,BB,EP,D
14:00:30,MYOR,RG,1785,5,D,BB,PD,D
14:00:30,MYOR,RG,1785,5,D,BB,PD,D
14:00:30,MYOR,RG,1785,2,D,BB,PD,D
14:00:30,MYOR,RG,1785,138,D,BB,XA,D
14:00:10,MYOR,RG,1785,3,F,AK,XA,D
14:00:09,MYOR,RG,1785,11,D,BK,XA,D
13:59:53,MYOR,RG,1785,4,F,AK,XA,D
13:59:53,MYOR,RG,1785,12,D,BK,XA,D
13:59:52,MYOR,RG,1785,3,D,BB,XA,D
13:59:24,MYOR,RG,1785,1,D,YP,XA,D
13:58:49,MYOR,RG,1785,3,F,AK,XA,D
13:58:48,MYOR,RG,1785,13,D,BK,XA,D
13:57:45,MYOR,RG,1785,20,F,AK,XA,D
13:57:44,MYOR,RG,1780,13,D,DH,PD,D
13:57:44,MYOR,RG,1780,1,D,DH,XC,D
13:57:44,MYOR,RG,1780,50,D,DH,CC,D
13:57:44,MYOR,RG,1780,10,D,DH,DR,D
13:57:44,MYOR,RG,1780,6,D,DH,CC,D
13:57:33,MYOR,RG,1780,3,F,AK,CC,D
13:57:33,MYOR,RG,1775,11,D,YP,AK,F
13:57:33,MYOR,RG,1780,32,F,AK,CC,D
13:57:32,MYOR,RG,1780,129,D,DH,CC,D
13:57:30,MYOR,RG,1780,1,F,AK,CC,D
13:57:30,MYOR,RG,1780,1,D,BQ,CC,D
13:57:18,MYOR,RG,1775,3,D,YP,AK,F
13:57:18,MYOR,RG,1780,49,F,AK,CC,D
13:57:18,MYOR,RG,1775,1,D,YP,AK,F
13:57:18,MYOR,RG,1775,12,D,YP,AK,F
13:57:18,MYOR,RG,1780,18,F,AK,CC,D
13:57:18,MYOR,RG,1780,162,D,DH,CC,D
13:57:16,MYOR,RG,1780,1,F,AK,CC,D
13:57:15,MYOR,RG,1780,4,D,XL,CC,D
13:57:06,MYOR,RG,1775,1,D,YP,AK,F
13:57:06,MYOR,RG,1780,8,F,AK,CC,D
13:57:06,MYOR,RG,1775,2,D,YP,AK,F
13:57:05,MYOR,RG,1780,4,F,AK,CC,D
13:57:05,MYOR,RG,1780,25,D,EL,CC,D
13:56:50,MYOR,RG,1780,3,F,AK,CC,D
13:56:49,MYOR,RG,1775,1,D,YP,AK,F
13:56:49,MYOR,RG,1780,11,D,DR,CC,D
13:56:44,MYOR,RG,1780,1,F,AK,CC,D
13:56:44,MYOR,RG,1780,4,D,BB,CC,D
13:55:32,MYOR,RG,1780,1,F,AK,CC,D
13:55:32,MYOR,RG,1780,4,F,AK,CC,D
13:55:32,MYOR,RG,1780,2,F,AK,XC,D
13:54:21,MYOR,RG,1780,2,F,AK,XC,D
13:54:21,MYOR,RG,1775,8,D,YP,AK,F
13:54:12,MYOR,RG,1780,5,F,AK,AG,F
13:54:12,MYOR,RG,1780,20,D,PD,AG,F
13:53:34,MYOR,RG,1780,1,D,NI,AG,F
13:53:21,MYOR,RG,1780,3,F,AK,AG,F
13:53:20,MYOR,RG,1780,9,D,BK,AG,F
13:53:16,MYOR,RG,1780,2,F,AK,AG,F
13:53:16,MYOR,RG,1780,3,F,AK,PD,D
13:53:16,MYOR,RG,1780,5,F,AK,SQ,D
13:53:16,MYOR,RG,1780,1,F,AK,XC,D
13:53:16,MYOR,RG,1780,18,F,AK,CC,D
13:53:15,MYOR,RG,1775,50,D,YP,AK,F
13:53:15,MYOR,RG,1775,12,D,BK,AK,F
13:53:15,MYOR,RG,1775,1,D,XC,AK,F
13:53:15,MYOR,RG,1775,20,D,PD,AK,F
13:53:15,MYOR,RG,1775,1,D,PD,AK,F
13:53:15,MYOR,RG,1775,1,D,BK,AK,F
13:53:15,MYOR,RG,1775,2,D,BK,AK,F
13:53:15,MYOR,RG,1775,2,D,XC,AK,F
13:53:15,MYOR,RG,1775,7,D,BK,AK,F
13:53:15,MYOR,RG,1775,1,D,PD,AK,F
13:53:15,MYOR,RG,1775,2,D,XC,AK,F
13:53:15,MYOR,RG,1775,1,D,PD,AK,F
13:53:15,MYOR,RG,1775,12,D,BK,AK,F
13:53:15,MYOR,RG,1775,5,D,BK,AK,F
13:52:37,MYOR,RG,1780,3,F,AK,CC,D
13:52:37,MYOR,RG,1780,5,D,BK,CC,D
13:52:37,MYOR,RG,1780,8,D,BK,CC,D
13:52:00,MYOR,RG,1780,7,F,AK,CC,D
13:52:00,MYOR,RG,1780,10,F,AK,YP,D
13:52:00,MYOR,RG,1780,7,F,AK,CC,D
13:52:00,MYOR,RG,1775,11,D,BK,CC,D
13:52:00,MYOR,RG,1775,3,D,KK,CC,D
13:52:00,MYOR,RG,1775,2,D,KK,CC,D
13:52:00,MYOR,RG,1775,16,D,BK,CC,D
13:52:00,MYOR,RG,1775,10,D,SQ,CC,D
13:52:00,MYOR,RG,1775,5,D,RO,CC,D
13:52:00,MYOR,RG,1775,15,D,BK,CC,D
13:52:00,MYOR,RG,1775,50,D,PD,CC,D
13:52:00,MYOR,RG,1775,4,D,KK,CC,D
13:52:00,MYOR,RG,1775,15,D,BK,CC,D
13:52:00,MYOR,RG,1775,14,D,BK,CC,D
13:52:00,MYOR,RG,1775,1,D,BK,CC,D
13:52:00,MYOR,RG,1775,1,D,BK,CC,D
13:52:00,MYOR,RG,1775,41,F,AK,CC,D
13:52:00,MYOR,RG,1775,5,D,PD,CC,D
13:52:00,MYOR,RG,1775,7,D,YP,CC,D
13:52:00,MYOR,RG,1775,14,D,BK,CC,D
13:52:00,MYOR,RG,1775,1,D,XC,CC,D
13:52:00,MYOR,RG,1775,1,D,XC,CC,D
13:52:00,MYOR,RG,1775,6,D,BK,CC,D
13:52:00,MYOR,RG,1775,1,D,BK,CC,D
13:52:00,MYOR,RG,1775,1,D,BB,CC,D
13:52:00,MYOR,RG,1775,2,D,BK,CC,D
13:52:00,MYOR,RG,1775,3,D,BK,CC,D
13:52:00,MYOR,RG,1775,11,D,BK,CC,D
13:52:00,MYOR,RG,1775,3,D,YP,CC,D
13:52:00,MYOR,RG,1775,1,D,LG,CC,D
13:52:00,MYOR,RG,1775,2,D,XC,CC,D
13:52:00,MYOR,RG,1775,12,D,BK,CC,D
13:52:00,MYOR,RG,1780,18,F,AK,CC,D
13:52:00,MYOR,RG,1780,21,F,AK,CC,D
13:52:00,MYOR,RG,1775,1,D,BK,CC,D
13:52:00,MYOR,RG,1775,150,D,YP,CC,D
13:52:00,MYOR,RG,1775,60,F,AK,CC,D
13:52:00,MYOR,RG,1775,30,F,AK,CC,D
13:52:00,MYOR,RG,1775,4,D,XC,CC,D
13:52:00,MYOR,RG,1775,1,D,PD,CC,D
13:52:00,MYOR,RG,1775,30,D,YP,CC,D
13:52:00,MYOR,RG,1775,3,D,XC,CC,D
13:52:00,MYOR,RG,1775,1,D,XL,CC,D
13:52:00,MYOR,RG,1775,5,D,NI,CC,D
13:52:00,MYOR,RG,1775,2,F,AK,CC,D
13:52:00,MYOR,RG,1775,10,D,PD,CC,D
13:52:00,MYOR,RG,1775,5,D,YP,CC,D
13:52:00,MYOR,RG,1775,5,D,YP,CC,D
13:52:00,MYOR,RG,1775,60,D,XL,CC,D
13:52:00,MYOR,RG,1775,10,D,PD,CC,D
13:52:00,MYOR,RG,1775,1,D,CC,CC,D
13:52:00,MYOR,RG,1775,12,D,XL,CC,D
13:52:00,MYOR,RG,1775,1,D,PD,CC,D
13:52:00,MYOR,RG,1775,10,D,PD,CC,D
13:52:00,MYOR,RG,1775,18,D,NI,CC,D
13:52:00,MYOR,RG,1775,12,D,NI,CC,D
13:52:00,MYOR,RG,1775,14,D,BK,CC,D
13:52:00,MYOR,RG,1775,10,D,NI,CC,D
13:52:00,MYOR,RG,1775,5,D,DR,CC,D
13:52:00,MYOR,RG,1775,10,D,CP,CC,D
13:52:00,MYOR,RG,1775,56,D,NI,CC,D
13:52:00,MYOR,RG,1775,1,D,YP,CC,D
13:52:00,MYOR,RG,1775,10,D,CC,CC,D
13:52:00,MYOR,RG,1775,1,D,PD,CC,D
13:52:00,MYOR,RG,1775,10,D,YP,CC,D
13:52:00,MYOR,RG,1775,10,D,EP,CC,D
13:52:00,MYOR,RG,1775,3,D,BK,CC,D
13:52:00,MYOR,RG,1775,97,D,YP,CC,D
13:51:34,MYOR,RG,1780,3,F,AK,CC,D
13:51:33,MYOR,RG,1775,1,D,YP,AK,F
13:51:33,MYOR,RG,1780,11,D,BK,CC,D
13:50:31,MYOR,RG,1775,1,D,YP,AK,F
13:50:30,MYOR,RG,1780,5,F,AK,CC,D
13:50:30,MYOR,RG,1775,2,D,YP,AK,F
13:50:30,MYOR,RG,1780,16,D,BK,CC,D
13:49:14,MYOR,RG,1775,1,D,YP,AK,F
13:49:14,MYOR,RG,1780,5,F,AK,CC,D
13:49:13,MYOR,RG,1775,2,D,YP,AK,F
13:49:13,MYOR,RG,1780,18,D,BK,CC,D
13:48:57,MYOR,RG,1780,3,F,AK,CC,D
13:48:57,MYOR,RG,1775,1,D,YP,AK,F
13:48:57,MYOR,RG,1780,13,D,BK,CC,D
13:48:02,MYOR,RG,1780,4,F,AK,CC,D
13:48:02,MYOR,RG,1775,2,D,YP,AK,F
13:48:01,MYOR,RG,1780,12,D,BK,CC,D
13:48:00,MYOR,RG,1780,1,F,AK,CC,D
13:47:59,MYOR,RG,1775,3,D,YP,AK,F
13:47:58,MYOR,RG,1780,4,F,AK,CC,D
13:47:58,MYOR,RG,1780,18,D,BK,CC,D
13:47:20,MYOR,RG,1780,3,F,AK,CC,D
13:47:19,MYOR,RG,1775,1,D,YP,AK,F
13:47:19,MYOR,RG,1780,11,D,BK,CC,D
13:46:53,MYOR,RG,1775,1,D,YP,AK,F
13:46:52,MYOR,RG,1780,5,F,AK,CC,D
13:46:51,MYOR,RG,1775,2,D,YP,AK,F
13:46:51,MYOR,RG,1780,17,D,BK,CC,D
13:46:08,MYOR,RG,1780,1,D,BK,CC,D
13:45:55,MYOR,RG,1780,1,F,AK,CC,D
13:45:55,MYOR,RG,1775,2,D,YP,AK,F
13:45:55,MYOR,RG,1780,3,F,AK,CC,D
13:45:54,MYOR,RG,1780,13,D,BK,CC,D
13:44:40,MYOR,RG,1775,1,D,YP,AK,F
13:44:39,MYOR,RG,1780,6,F,AK,CC,D
13:44:38,MYOR,RG,1775,2,D,YP,AK,F
13:44:38,MYOR,RG,1780,19,D,BK,CC,D
13:44:33,MYOR,RG,1775,1,D,YP,AK,F
13:44:33,MYOR,RG,1780,2,F,AK,CC,D
13:44:32,MYOR,RG,1780,8,D,BK,CC,D
13:43:50,MYOR,RG,1775,1,D,YP,AK,F
13:43:49,MYOR,RG,1780,4,F,AK,CC,D
13:43:49,MYOR,RG,1775,2,D,YP,AK,F
13:43:48,MYOR,RG,1780,13,D,BK,CC,D
13:43:43,MYOR,RG,1780,4,F,AK,CC,D
13:43:42,MYOR,RG,1775,2,D,YP,AK,F
13:43:42,MYOR,RG,1780,13,D,BK,CC,D
13:43:40,MYOR,RG,1780,1,F,AK,CC,D
13:43:40,MYOR,RG,1780,4,D,BK,CC,D
13:43:07,MYOR,RG,1780,1,F,AK,CC,D
13:43:06,MYOR,RG,1775,1,D,YP,AK,F
13:43:06,MYOR,RG,1780,3,D,BK,CC,D
13:43:05,MYOR,RG,1780,1,D,KK,CC,D
13:43:01,MYOR,RG,1780,3,F,AK,CC,D
13:43:01,MYOR,RG,1775,2,D,YP,AK,F
13:43:00,MYOR,RG,1780,11,D,BK,CC,D
13:42:58,MYOR,RG,1780,3,F,AK,CC,D
13:42:58,MYOR,RG,1775,1,D,YP,AK,F
13:42:57,MYOR,RG,1780,11,D,BK,CC,D
13:42:55,MYOR,RG,1780,1,D,BK,CC,D
13:42:44,MYOR,RG,1780,1,F,AK,CC,D
13:42:44,MYOR,RG,1775,2,D,YP,AK,F
13:42:44,MYOR,RG,1780,4,F,AK,CC,D
13:42:44,MYOR,RG,1780,9,D,BK,CC,D
13:42:43,MYOR,RG,1775,1,D,YP,AK,F
13:42:43,MYOR,RG,1780,6,D,XC,CC,D
13:42:05,MYOR,RG,1780,4,F,AK,CC,D
13:42:05,MYOR,RG,1775,2,D,YP,AK,F
13:42:05,MYOR,RG,1780,13,D,BK,CC,D
13:41:51,MYOR,RG,1780,3,F,AK,CC,D
13:41:51,MYOR,RG,1775,2,D,YP,AK,F
13:41:51,MYOR,RG,1780,11,D,BK,CC,D
13:41:45,MYOR,RG,1780,1,D,XC,CC,D
13:41:07,MYOR,RG,1780,4,F,AK,CC,D
13:41:06,MYOR,RG,1775,2,D,YP,AK,F
13:41:06,MYOR,RG,1780,14,D,BK,CC,D
13:40:49,MYOR,RG,1780,3,F,AK,CC,D
13:40:49,MYOR,RG,1775,2,D,YP,AK,F
13:40:49,MYOR,RG,1780,11,D,BK,CC,D
13:40:03,MYOR,RG,1780,1,F,AK,CC,D
13:40:02,MYOR,RG,1775,1,D,YP,XC,D
13:40:02,MYOR,RG,1775,3,D,YP,AK,F
13:40:02,MYOR,RG,1780,5,F,AK,CC,D
13:40:01,MYOR,RG,1780,17,D,BK,CC,D
13:39:31,MYOR,RG,1780,3,F,AK,CC,D
13:39:30,MYOR,RG,1775,1,D,YP,AK,F
13:39:30,MYOR,RG,1780,11,D,BK,CC,D
13:39:14,MYOR,RG,1775,1,D,YP,AK,F
13:39:14,MYOR,RG,1780,2,D,BK,CC,D
13:38:19,MYOR,RG,1780,3,F,AK,CC,D
13:38:19,MYOR,RG,1775,12,D,YP,AK,F
13:38:19,MYOR,RG,1780,1,F,AK,CC,D
13:38:18,MYOR,RG,1780,2,D,BK,CC,D
13:37:58,MYOR,RG,1780,2,F,AK,CC,D
13:37:57,MYOR,RG,1780,7,D,BK,CC,D
13:37:51,MYOR,RG,1780,3,F,AK,CC,D
13:37:50,MYOR,RG,1780,12,D,BK,CC,D
13:37:18,MYOR,RG,1780,1,D,BK,CC,D
13:37:17,MYOR,RG,1780,1,D,BK,CC,D
13:37:16,MYOR,RG,1780,1,D,BK,CC,D
13:37:16,MYOR,RG,1780,14,F,AK,CC,D
13:37:15,MYOR,RG,1775,42,D,YP,AG,F
13:37:15,MYOR,RG,1775,10,D,CC,AG,F
13:37:15,MYOR,RG,1775,2,D,XL,AG,F
13:37:00,MYOR,RG,1775,1,D,XL,XC,D
13:36:24,MYOR,RG,1775,1,D,XL,XL,D
13:36:16,MYOR,RG,1780,1,F,AK,CC,D
13:36:15,MYOR,RG,1780,1,D,XC,CC,D
13:35:33,MYOR,RG,1780,1,D,PD,CC,D
13:34:51,MYOR,RG,1780,1,D,XL,CC,D
13:32:16,MYOR,RG,1780,1,D,BK,CC,D
13:32:15,MYOR,RG,1780,1,F,AK,CC,D
13:32:08,MYOR,RG,1780,1,D,NI,CC,D
13:31:30,MYOR,RG,1780,12,F,AK,CC,D
13:31:24,MYOR,RG,1775,6,D,XL,HP,D
13:31:24,MYOR,RG,1775,1,D,PD,HP,D
13:31:24,MYOR,RG,1775,20,D,OD,HP,D
13:31:24,MYOR,RG,1775,20,D,NI,HP,D
13:31:24,MYOR,RG,1775,3,D,CC,HP,D
13:30:07,MYOR,RG,1780,109,F,AK,CC,D
13:30:06,MYOR,RG,1775,1,D,CC,XL,D
13:30:06,MYOR,RG,1780,3,D,YP,CC,D
13:30:06,MYOR,RG,1780,10,D,XL,CC,D
13:30:04,MYOR,RG,1775,2,D,CC,XL,D
13:30:04,MYOR,RG,1780,10,D,XL,CC,D
13:30:03,MYOR,RG,1780,1,D,XL,CC,D
13:30:03,MYOR,RG,1780,1,D,XC,CC,D
13:30:02,MYOR,RG,1775,2,D,CC,XL,D
13:30:02,MYOR,RG,1775,7,D,CC,XL,D
13:30:02,MYOR,RG,1775,3,D,YP,XL,D
13:30:02,MYOR,RG,1780,6,D,CC,CC,D
13:30:02,MYOR,RG,1780,1,D,OD,CC,D
13:30:02,MYOR,RG,1780,1,D,CC,CC,D
13:30:02,MYOR,RG,1775,5,D,YP,YU,F
13:30:02,MYOR,RG,1775,1,D,YP,YU,F
13:30:02,MYOR,RG,1775,35,D,BK,YU,F
13:30:02,MYOR,RG,1775,272,D,YP,YU,F
13:30:02,MYOR,RG,1780,10,D,YP,CC,D
13:30:02,MYOR,RG,1780,2,D,XC,CC,D
13:30:02,MYOR,RG,1780,1,D,YP,CC,D
13:30:02,MYOR,RG,1780,1,D,XC,CC,D
13:30:02,MYOR,RG,1780,10,D,PD,CC,D
13:30:02,MYOR,RG,1775,5,D,YP,PD,D
13:30:02,MYOR,RG,1780,3,D,PD,CC,D
13:30:02,MYOR,RG,1780,2,D,PD,CC,D
13:30:01,MYOR,RG,1775,3,D,YP,PD,D
13:30:01,MYOR,RG,1775,1,D,YP,XC,D
13:30:01,MYOR,RG,1775,3,D,YP,PD,D
13:30:01,MYOR,RG,1775,1,D,YP,PD,D
13:30:01,MYOR,RG,1780,2,D,DH,CC,D
13:30:01,MYOR,RG,1780,30,D,KK,CC,D
13:30:01,MYOR,RG,1780,1,D,XC,CC,D
11:29:33,MYOR,RG,1780,1,F,AK,CC,D
11:29:33,MYOR,RG,1780,2,D,BB,CC,D
11:29:22,MYOR,RG,1780,3,F,AK,CC,D
11:29:22,MYOR,RG,1780,13,D,BK,CC,D
11:29:17,MYOR,RG,1780,1,D,XC,CC,D
11:29:16,MYOR,RG,1780,4,F,AK,CC,D
11:29:16,MYOR,RG,1780,4,F,AK,CC,D
11:29:16,MYOR,RG,1775,1,D,YP,PD,D
11:29:15,MYOR,RG,1775,29,D,YP,DR,D
11:29:10,MYOR,RG,1780,1,D,BB,CC,D
11:29:08,MYOR,RG,1780,3,F,AK,CC,D
11:29:02,MYOR,RG,1780,13,D,BK,CC,D
11:28:53,MYOR,RG,1780,4,F,AK,CC,D
11:28:49,MYOR,RG,1780,1,D,BB,CC,D
11:28:42,MYOR,RG,1780,2,D,BB,CC,D
11:28:40,MYOR,RG,1780,11,D,BK,CC,D
11:28:38,MYOR,RG,1780,3,F,AK,CC,D
11:28:36,MYOR,RG,1780,13,D,BK,CC,D
11:28:08,MYOR,RG,1780,3,F,AK,CC,D
11:27:54,MYOR,RG,1780,13,D,BK,CC,D
11:27:53,MYOR,RG,1780,2,F,AK,CC,D
11:27:45,MYOR,RG,1780,6,D,XC,CC,D
11:27:41,MYOR,RG,1780,1,D,HP,CC,D
11:27:08,MYOR,RG,1780,5,F,AK,CC,D
11:27:03,MYOR,RG,1780,9,D,BB,CC,D
11:27:02,MYOR,RG,1780,13,D,BK,CC,D
11:26:38,MYOR,RG,1780,3,F,AK,CC,D
11:26:27,MYOR,RG,1780,11,D,BK,CC,D
11:26:08,MYOR,RG,1780,3,F,AK,CC,D
11:26:07,MYOR,RG,1780,12,D,BK,CC,D
11:25:53,MYOR,RG,1780,3,F,AK,CC,D
11:25:47,MYOR,RG,1780,11,D,BK,CC,D
11:25:38,MYOR,RG,1780,2,F,AK,CC,D
11:25:36,MYOR,RG,1780,9,D,BB,CC,D
11:25:23,MYOR,RG,1780,3,F,AK,CC,D
11:25:09,MYOR,RG,1780,11,D,BK,CC,D
11:24:22,MYOR,RG,1780,3,F,AK,CC,D
11:24:21,MYOR,RG,1780,12,D,BK,CC,D
11:24:20,MYOR,RG,1780,3,F,AK,CC,D
11:24:19,MYOR,RG,1780,12,D,BK,CC,D
11:23:42,MYOR,RG,1780,29,F,AK,CC,D
11:23:42,MYOR,RG,1780,115,D,BB,CC,D
11:23:42,MYOR,RG,1780,2,F,AK,CC,D
11:23:41,MYOR,RG,1780,10,D,BB,CC,D
11:23:37,MYOR,RG,1780,3,F,AK,CC,D
11:23:36,MYOR,RG,1780,12,D,BK,CC,D
11:23:22,MYOR,RG,1780,1,F,AK,CC,D
11:23:21,MYOR,RG,1780,3,D,PD,CC,D
11:22:56,MYOR,RG,1780,7,F,AK,CC,D
11:22:56,MYOR,RG,1780,13,D,BK,CC,D
11:22:55,MYOR,RG,1780,2,D,HP,CC,D
11:22:55,MYOR,RG,1780,12,D,BK,CC,D
11:21:54,MYOR,RG,1780,3,F,AK,CC,D
11:21:54,MYOR,RG,1780,13,D,BK,CC,D
11:21:29,MYOR,RG,1780,3,F,AK,CC,D
11:21:28,MYOR,RG,1780,13,D,BK,CC,D
11:20:35,MYOR,RG,1780,7,F,AK,CC,D
11:20:35,MYOR,RG,1780,28,D,BB,CC,D
11:20:31,MYOR,RG,1780,1,F,AK,CC,D
11:20:30,MYOR,RG,1780,2,D,BK,CC,D
11:20:19,MYOR,RG,1780,1,D,XC,CC,D
11:20:06,MYOR,RG,1780,3,F,AK,CC,D
11:20:06,MYOR,RG,1780,13,D,BK,CC,D
11:20:04,MYOR,RG,1775,1,D,YP,PD,D
11:19:04,MYOR,RG,1780,3,F,AK,CC,D
11:19:03,MYOR,RG,1780,12,D,BK,CC,D
11:18:55,MYOR,RG,1780,1,F,AK,CC,D
11:18:54,MYOR,RG,1780,3,D,BK,CC,D
11:18:15,MYOR,RG,1780,3,F,AK,CC,D
11:18:15,MYOR,RG,1780,3,D,BK,CC,D
11:18:15,MYOR,RG,1780,5,D,BK,PD,D
11:18:15,MYOR,RG,1780,5,D,BK,CC,D
11:17:56,MYOR,RG,1780,1,F,AK,CC,D
11:17:55,MYOR,RG,1780,1,D,PD,CC,D
11:16:58,MYOR,RG,1780,45,F,AK,CC,D
11:16:57,MYOR,RG,1780,181,D,BB,CC,D
11:16:49,MYOR,RG,1780,1,F,AK,CC,D
11:16:48,MYOR,RG,1780,4,D,BK,CC,D
11:16:40,MYOR,RG,1780,3,F,AK,CC,D
11:16:40,MYOR,RG,1780,12,D,BK,CC,D
11:16:36,MYOR,RG,1780,6,F,AK,CC,D
11:16:36,MYOR,RG,1780,14,D,BB,CC,D
11:16:35,MYOR,RG,1780,11,D,BK,CC,D
11:16:23,MYOR,RG,1780,2,F,AK,CC,D
11:16:23,MYOR,RG,1780,8,D,BK,CC,D
11:16:00,MYOR,RG,1780,1,F,AK,CC,D
11:15:59,MYOR,RG,1780,2,D,BK,CC,D
11:15:33,MYOR,RG,1780,26,F,AK,CC,D
11:15:33,MYOR,RG,1780,4,D,SQ,CC,D
11:15:32,MYOR,RG,1780,86,D,SQ,CC,D
11:15:32,MYOR,RG,1780,6,D,SQ,PD,D
11:15:32,MYOR,RG,1780,1,D,SQ,YP,D
11:15:32,MYOR,RG,1780,7,D,SQ,CC,D
11:15:15,MYOR,RG,1780,1,D,HP,CC,D
11:15:02,MYOR,RG,1780,1,F,AK,CC,D
11:15:02,MYOR,RG,1780,3,D,XC,CC,D
11:14:50,MYOR,RG,1780,1,D,XC,CC,D
11:14:43,MYOR,RG,1780,3,F,AK,CC,D
11:14:42,MYOR,RG,1780,13,D,BK,CC,D
11:14:15,MYOR,RG,1780,1,D,BK,CC,D
11:12:59,MYOR,RG,1780,3,F,AK,CC,D
11:12:59,MYOR,RG,1780,12,D,BK,CC,D
11:12:39,MYOR,RG,1780,1,F,AK,CC,D
11:12:39,MYOR,RG,1780,2,D,HP,CC,D
11:12:27,MYOR,RG,1780,2,D,XC,CC,D
11:12:17,MYOR,RG,1780,1,F,AK,CC,D
11:12:16,MYOR,RG,1780,3,D,GR,CC,D
11:11:54,MYOR,RG,1780,5,F,AK,CC,D
11:11:54,MYOR,RG,1780,10,D,XL,CC,D
11:11:54,MYOR,RG,1780,10,D,BK,CC,D
11:11:15,MYOR,RG,1780,3,F,AK,CC,D
11:11:14,MYOR,RG,1780,12,D,BK,CC,D
11:10:59,MYOR,RG,1780,3,F,AK,CC,D
11:10:58,MYOR,RG,1780,12,D,BK,CC,D
11:10:31,MYOR,RG,1780,8,F,AK,CC,D
11:10:31,MYOR,RG,1780,32,D,BB,CC,D
11:09:53,MYOR,RG,1780,10,F,AK,CC,D
11:09:52,MYOR,RG,1780,25,D,YP,CC,D
11:09:40,MYOR,RG,1780,7,D,BK,CC,D
11:09:40,MYOR,RG,1780,6,D,XC,CC,D
11:09:26,MYOR,RG,1780,3,F,AK,CC,D
11:09:25,MYOR,RG,1780,13,D,BK,CC,D
11:07:53,MYOR,RG,1780,38,F,AK,CC,D
11:07:49,MYOR,RG,1780,151,F,AK,CC,D
11:07:38,MYOR,RG,1780,6,F,AK,CC,D
11:07:36,MYOR,RG,1780,3,D,BK,CC,D
11:07:36,MYOR,RG,1780,1,D,BK,XL,D
11:07:36,MYOR,RG,1780,4,D,BK,IH,D
11:07:36,MYOR,RG,1780,3,D,BK,CC,D
11:07:34,MYOR,RG,1780,13,D,BK,CC,D
11:07:08,MYOR,RG,1780,3,F,AK,CC,D
11:06:54,MYOR,RG,1780,13,D,BK,CC,D
11:06:23,MYOR,RG,1780,12,F,AK,CC,D
11:06:21,MYOR,RG,1780,25,D,YP,CC,D
11:06:13,MYOR,RG,1780,25,D,YP,CC,D
11:05:53,MYOR,RG,1780,3,F,AK,CC,D
11:05:46,MYOR,RG,1780,12,D,BK,CC,D
11:03:53,MYOR,RG,1780,4,F,AK,CC,D
11:03:52,MYOR,RG,1780,13,D,BK,CC,D
11:03:38,MYOR,RG,1780,35,F,AK,CC,D
11:03:27,MYOR,RG,1780,141,D,BB,CC,D
11:02:51,MYOR,RG,1775,2,D,YP,SQ,D
11:02:38,MYOR,RG,1780,4,F,AK,CC,D
11:02:36,MYOR,RG,1780,14,D,BB,CC,D
11:02:23,MYOR,RG,1780,3,F,AK,CC,D
11:02:08,MYOR,RG,1780,11,D,BK,CC,D
11:01:23,MYOR,RG,1775,1,D,YP,XC,D
11:00:10,MYOR,RG,1780,1,D,PD,CC,D
11:00:08,MYOR,RG,1780,3,F,AK,CC,D
11:00:05,MYOR,RG,1780,13,D,BK,CC,D
10:59:38,MYOR,RG,1780,25,F,AK,CC,D
10:59:32,MYOR,RG,1780,64,D,YP,CC,D
10:59:32,MYOR,RG,1780,1,D,YP,XC,D
10:59:32,MYOR,RG,1780,1,D,YP,XC,D
10:59:32,MYOR,RG,1780,15,D,YP,AZ,D
10:59:32,MYOR,RG,1780,4,D,YP,CC,D
10:59:32,MYOR,RG,1780,5,D,YP,XC,D
10:59:32,MYOR,RG,1780,1,D,YP,XC,D
10:59:32,MYOR,RG,1780,9,D,YP,YU,F
10:59:08,MYOR,RG,1780,1,F,AK,YU,F
10:59:03,MYOR,RG,1780,1,D,YP,YU,F
10:58:53,MYOR,RG,1780,1,D,YP,YU,F
10:58:23,MYOR,RG,1780,3,F,AK,YU,F
10:58:17,MYOR,RG,1780,11,D,BK,YU,F
10:58:08,MYOR,RG,1780,3,F,AK,YU,F
10:57:59,MYOR,RG,1780,12,D,BK,YU,F
10:57:08,MYOR,RG,1780,3,F,AK,YU,F
10:56:54,MYOR,RG,1780,12,D,BK,YU,F
10:56:38,MYOR,RG,1780,2,F,AK,YU,F
10:56:32,MYOR,RG,1780,11,D,BK,YU,F
10:56:08,MYOR,RG,1780,3,F,AK,YU,F
10:55:56,MYOR,RG,1780,11,D,BK,YU,F
10:54:38,MYOR,RG,1780,17,F,AK,YU,F
10:54:34,MYOR,RG,1780,12,D,BK,YU,F
10:54:31,MYOR,RG,1780,55,D,XL,YU,F
10:53:23,MYOR,RG,1780,3,F,AK,YU,F
10:53:19,MYOR,RG,1780,13,D,BK,YU,F
10:52:53,MYOR,RG,1780,3,F,AK,YU,F
10:52:40,MYOR,RG,1780,12,D,BK,YU,F
10:52:23,MYOR,RG,1780,1,F,AK,YU,F
10:52:13,MYOR,RG,1780,2,D,BK,YU,F
10:50:53,MYOR,RG,1780,3,F,AK,YU,F
10:50:49,MYOR,RG,1780,12,D,BK,YU,F
10:50:38,MYOR,RG,1780,5,F,AK,YU,F
10:50:32,MYOR,RG,1780,13,D,BB,YU,F
10:50:23,MYOR,RG,1780,10,D,OD,YU,F
10:49:08,MYOR,RG,1780,3,F,AK,YU,F
10:49:03,MYOR,RG,1780,12,D,BK,YU,F
10:47:38,MYOR,RG,1780,3,F,AK,YU,F
10:47:23,MYOR,RG,1780,12,D,BK,YU,F
10:47:08,MYOR,RG,1780,1,F,AK,YU,F
10:47:00,MYOR,RG,1775,1,D,YP,XC,D
10:46:38,MYOR,RG,1780,3,F,AK,YU,F
10:46:27,MYOR,RG,1780,12,D,BK,YU,F
10:46:08,MYOR,RG,1780,6,F,AK,YU,F
10:45:55,MYOR,RG,1780,25,D,KK,YU,F
10:45:53,MYOR,RG,1780,3,F,AK,YU,F
10:45:44,MYOR,RG,1780,12,D,BK,YU,F
10:45:35,MYOR,RG,1780,2,D,NI,YU,F
10:45:08,MYOR,RG,1780,4,F,AK,YU,F
10:45:01,MYOR,RG,1780,2,D,XC,YU,F
10:44:58,MYOR,RG,1780,12,D,BK,YU,F
10:44:08,MYOR,RG,1780,1,D,KK,YU,F
10:44:08,MYOR,RG,1780,3,F,AK,YU,F
10:44:03,MYOR,RG,1780,2,D,BK,YU,F
10:44:03,MYOR,RG,1780,11,D,BK,CC,D
10:43:53,MYOR,RG,1780,1,F,AK,CC,D
10:43:44,MYOR,RG,1780,2,D,BB,CC,D
10:43:23,MYOR,RG,1780,3,F,AK,CC,D
10:43:19,MYOR,RG,1780,11,D,BK,CC,D
10:42:53,MYOR,RG,1780,3,F,AK,CC,D
10:42:31,MYOR,RG,1780,13,D,BK,CC,D
10:42:23,MYOR,RG,1780,8,F,AK,CC,D
10:42:18,MYOR,RG,1775,33,D,YP,XC,D
10:42:08,MYOR,RG,1780,5,F,AK,CC,D
10:41:17,MYOR,RG,1780,7,D,BK,CC,D
10:41:13,MYOR,RG,1775,1,D,YP,AK,F
10:41:13,MYOR,RG,1780,12,D,BK,CC,D
10:40:53,MYOR,RG,1775,1,D,YP,AK,F
10:40:53,MYOR,RG,1780,22,F,AK,CC,D
10:39:51,MYOR,RG,1775,1,D,YP,AK,F
10:39:51,MYOR,RG,1780,4,D,BK,CC,D
10:39:48,MYOR,RG,1780,13,D,BK,CC,D
10:39:05,MYOR,RG,1775,1,D,YP,AK,F
10:39:04,MYOR,RG,1780,11,D,BK,CC,D
10:38:53,MYOR,RG,1780,24,F,AK,CC,D
10:38:38,MYOR,RG,1775,4,D,YP,AK,F
10:38:38,MYOR,RG,1780,11,D,BK,CC,D
10:38:27,MYOR,RG,1775,11,D,YP,XC,D
10:38:26,MYOR,RG,1775,50,D,YP,PD,D
10:37:50,MYOR,RG,1775,2,D,YP,AK,F
10:37:50,MYOR,RG,1775,50,D,YP,SQ,D
10:37:32,MYOR,RG,1775,1,D,YP,AK,F
10:37:32,MYOR,RG,1780,12,D,BK,CC,D
10:36:53,MYOR,RG,1775,1,D,YP,AK,F
10:36:53,MYOR,RG,1780,32,F,AK,CC,D
10:36:38,MYOR,RG,1780,2,D,PD,CC,D
10:36:24,MYOR,RG,1780,12,D,BK,CC,D
10:35:44,MYOR,RG,1775,1,D,YP,AK,F
10:35:44,MYOR,RG,1780,100,D,YP,CC,D
10:35:06,MYOR,RG,1780,12,D,BK,CC,D
10:35:05,MYOR,RG,1780,13,D,BK,CC,D
10:34:53,MYOR,RG,1780,30,F,AK,CC,D
10:34:41,MYOR,RG,1775,23,D,YP,YP,D
10:34:41,MYOR,RG,1775,11,D,BK,YP,D
10:34:41,MYOR,RG,1775,2,D,XC,YP,D
10:34:30,MYOR,RG,1775,3,D,XC,DH,D
10:34:26,MYOR,RG,1780,12,D,BK,CC,D
10:33:24,MYOR,RG,1780,12,D,BK,CC,D
10:33:05,MYOR,RG,1775,6,D,XC,XC,D
10:32:44,MYOR,RG,1780,20,D,PD,CC,D
10:32:18,MYOR,RG,1780,5,D,BK,CC,D
10:32:18,MYOR,RG,1780,8,D,BK,CC,D
10:31:27,MYOR,RG,1775,4,D,XC,PD,D
10:30:19,MYOR,RG,1775,2,D,XC,CC,D
10:30:13,MYOR,RG,1775,2,D,XC,XC,D
10:29:41,MYOR,RG,1775,5,D,XC,PD,D
10:29:27,MYOR,RG,1780,5,D,AI,CC,D
10:29:03,MYOR,RG,1780,11,D,BK,CC,D
10:28:23,MYOR,RG,1780,2,D,PD,CC,D
10:27:28,MYOR,RG,1780,3,D,SQ,CC,D
10:27:28,MYOR,RG,1780,2,D,SQ,AK,F
10:26:05,MYOR,RG,1780,1,D,YP,AK,F
10:24:30,MYOR,RG,1780,13,D,PD,AK,F
10:24:30,MYOR,RG,1780,87,D,PD,CC,D
10:22:45,MYOR,RG,1780,2,D,XC,CC,D
10:22:19,MYOR,RG,1775,9,D,XC,AK,F
10:22:19,MYOR,RG,1775,25,D,XC,AK,F
10:22:19,MYOR,RG,1775,5,D,CC,AK,F
10:22:19,MYOR,RG,1775,2,D,CC,AK,F
10:22:00,MYOR,RG,1780,39,F,AK,CC,D
10:22:00,MYOR,RG,1780,38,F,AK,CC,D
10:22:00,MYOR,RG,1780,1,D,XC,CC,D
10:22:00,MYOR,RG,1780,1,D,NI,CC,D
10:22:00,MYOR,RG,1780,1,D,NI,CC,D
10:22:00,MYOR,RG,1780,8,D,BK,CC,D
10:22:00,MYOR,RG,1780,1,D,BK,CC,D
10:22:00,MYOR,RG,1780,12,D,BK,CC,D
10:22:00,MYOR,RG,1780,3,D,BK,CC,D
10:22:00,MYOR,RG,1780,10,D,BK,CC,D
10:22:00,MYOR,RG,1780,5,D,XC,CC,D
10:22:00,MYOR,RG,1780,15,D,BK,CC,D
10:22:00,MYOR,RG,1780,1,D,PD,CC,D
10:22:00,MYOR,RG,1780,15,D,BK,CC,D
10:22:00,MYOR,RG,1780,15,D,BK,CC,D
10:22:00,MYOR,RG,1780,5,D,CC,CC,D
10:22:00,MYOR,RG,1780,5,F,AK,CC,D
10:22:00,MYOR,RG,1780,20,D,XC,CC,D
10:22:00,MYOR,RG,1780,30,F,AK,CC,D
10:22:00,MYOR,RG,1780,2,D,XC,CC,D
10:22:00,MYOR,RG,1780,1,D,BK,CC,D
10:22:00,MYOR,RG,1780,14,D,BK,CC,D
10:22:00,MYOR,RG,1780,2,D,BK,CC,D
10:22:00,MYOR,RG,1780,1,D,PD,CC,D
10:22:00,MYOR,RG,1780,17,D,BK,CC,D
10:22:00,MYOR,RG,1780,3,D,BB,CC,D
10:22:00,MYOR,RG,1780,105,D,BB,CC,D
10:22:00,MYOR,RG,1780,2,D,YP,CC,D
10:22:00,MYOR,RG,1780,1,D,LG,CC,D
10:22:00,MYOR,RG,1780,15,D,BK,CC,D
10:22:00,MYOR,RG,1780,1,D,BK,CC,D
10:22:00,MYOR,RG,1780,12,D,BK,CC,D
10:22:00,MYOR,RG,1780,12,D,BK,CC,D
10:22:00,MYOR,RG,1780,12,D,BK,CC,D
10:22:00,MYOR,RG,1780,5,D,BB,CC,D
10:22:00,MYOR,RG,1780,15,D,BK,CC,D
10:22:00,MYOR,RG,1780,10,D,XC,CC,D
10:22:00,MYOR,RG,1780,7,D,BB,CC,D
10:22:00,MYOR,RG,1780,33,D,BB,CC,D
10:22:00,MYOR,RG,1780,7,D,BB,CC,D
10:22:00,MYOR,RG,1780,6,D,XL,CC,D
10:22:00,MYOR,RG,1780,5,D,YP,CC,D
10:22:00,MYOR,RG,1780,65,F,AK,CC,D
10:22:00,MYOR,RG,1780,24,D,BK,CC,D
10:22:00,MYOR,RG,1780,33,D,CC,CC,D
10:22:00,MYOR,RG,1780,175,D,CC,CC,D
10:21:36,MYOR,RG,1780,2,D,CC,AK,F
10:21:36,MYOR,RG,1785,14,D,BK,XA,D
10:20:51,MYOR,RG,1780,3,D,CC,AK,F
10:20:51,MYOR,RG,1785,12,D,BK,XA,D
10:20:34,MYOR,RG,1785,12,D,BK,XA,D
10:20:29,MYOR,RG,1780,20,D,CC,AK,F
10:20:29,MYOR,RG,1785,13,D,BK,XA,D
10:18:27,MYOR,RG,1780,1,D,CC,PD,D
10:17:12,MYOR,RG,1780,1,D,CC,SQ,D
10:17:05,MYOR,RG,1780,30,D,CC,YP,D
10:16:09,MYOR,RG,1780,35,D,CC,YP,D
10:16:09,MYOR,RG,1780,54,F,AK,YP,D
10:16:01,MYOR,RG,1780,12,F,AK,DH,D
10:16:01,MYOR,RG,1780,2,D,XC,DH,D
10:16:01,MYOR,RG,1780,1,F,AK,DH,D
10:16:01,MYOR,RG,1780,1,D,NI,DH,D
10:16:01,MYOR,RG,1780,2,D,XC,DH,D
10:16:01,MYOR,RG,1780,5,D,KK,DH,D
10:16:01,MYOR,RG,1780,8,D,NI,DH,D
10:16:01,MYOR,RG,1780,1,D,CC,DH,D
10:16:01,MYOR,RG,1780,9,D,PD,DH,D
10:14:38,MYOR,RG,1780,9,D,PD,AK,F
10:14:38,MYOR,RG,1785,76,F,AK,XA,D
10:14:22,MYOR,RG,1780,1,D,PD,XC,D
10:14:10,MYOR,RG,1780,1,D,PD,XC,D
10:13:39,MYOR,RG,1780,3,D,PD,AK,F
10:13:39,MYOR,RG,1780,1,D,XC,AK,F
10:13:39,MYOR,RG,1780,1,D,XC,AK,F
10:13:39,MYOR,RG,1780,1,D,XC,AK,F
10:13:39,MYOR,RG,1780,10,D,KK,AK,F
10:13:35,MYOR,RG,1780,20,D,KK,AK,F
10:13:35,MYOR,RG,1780,1,D,BQ,AK,F
10:13:35,MYOR,RG,1780,1,D,LG,AK,F
10:13:35,MYOR,RG,1780,7,D,YP,AK,F
10:13:35,MYOR,RG,1780,1,D,PD,AK,F
10:13:35,MYOR,RG,1780,13,D,CP,AK,F
10:13:35,MYOR,RG,1785,41,D,XC,XA,D
10:12:38,MYOR,RG,1785,39,F,AK,XA,D
10:12:29,MYOR,RG,1780,87,D,CP,AK,F
10:12:29,MYOR,RG,1780,10,D,YB,AK,F
10:12:29,MYOR,RG,1780,3,D,KK,AK,F
10:12:29,MYOR,RG,1780,1,D,XC,AK,F
10:12:29,MYOR,RG,1780,2,D,PD,AK,F
10:12:29,MYOR,RG,1780,11,D,YU,AK,F
10:12:29,MYOR,RG,1780,1,D,PD,AK,F
10:12:29,MYOR,RG,1780,1,D,YP,AK,F
10:12:29,MYOR,RG,1780,3,D,BK,AK,F
10:12:29,MYOR,RG,1780,12,D,BK,AK,F
10:12:29,MYOR,RG,1780,10,D,NI,AK,F
10:12:29,MYOR,RG,1780,1,D,PD,AK,F
10:12:29,MYOR,RG,1780,1,D,BQ,AK,F
10:12:29,MYOR,RG,1780,1,D,XC,AK,F
10:12:22,MYOR,RG,1780,4,D,XC,AZ,D
10:12:22,MYOR,RG,1780,1,D,HP,AZ,D
10:11:57,MYOR,RG,1785,1,D,XC,XA,D
10:11:18,MYOR,RG,1785,1,D,XC,XA,D
10:11:18,MYOR,RG,1785,25,D,BB,XA,D
10:11:18,MYOR,RG,1785,14,D,BK,XA,D
10:11:18,MYOR,RG,1785,3,D,BB,XA,D
10:11:18,MYOR,RG,1785,2,D,BK,XA,D
10:11:18,MYOR,RG,1785,6,D,BB,XA,D
10:11:18,MYOR,RG,1785,1,D,XC,XA,D
10:11:18,MYOR,RG,1785,14,D,BK,XA,D
10:11:18,MYOR,RG,1785,18,D,XC,XA,D
10:10:29,MYOR,RG,1785,2,D,XC,PD,D
10:10:29,MYOR,RG,1785,1,D,BQ,PD,D
10:10:29,MYOR,RG,1785,2,D,XL,PD,D
10:10:29,MYOR,RG,1785,13,D,BK,PD,D
10:10:29,MYOR,RG,1785,12,D,BB,PD,D
10:10:01,MYOR,RG,1785,8,D,BB,AK,F
10:10:01,MYOR,RG,1785,2,D,BB,AK,F
10:10:01,MYOR,RG,1785,13,D,BK,AK,F
10:10:01,MYOR,RG,1790,1,D,EP,CC,D
10:09:28,MYOR,RG,1785,1,D,BK,AI,D
10:09:28,MYOR,RG,1785,12,D,BK,AI,D
10:09:28,MYOR,RG,1785,1,D,BK,AI,D
10:09:28,MYOR,RG,1785,2,F,AK,AI,D
10:09:28,MYOR,RG,1785,9,D,BK,AI,D
10:09:18,MYOR,RG,1785,3,D,BK,CC,D
10:09:18,MYOR,RG,1785,7,D,BK,CC,D
10:06:59,MYOR,RG,1785,1,D,BK,AK,F
10:06:59,MYOR,RG,1785,12,D,BB,AK,F
10:06:59,MYOR,RG,1785,2,D,BK,AK,F
10:06:59,MYOR,RG,1785,10,D,BK,AK,F
10:06:59,MYOR,RG,1785,1,D,BK,AK,F
10:06:59,MYOR,RG,1785,5,D,BB,AK,F
10:06:59,MYOR,RG,1785,1,D,BK,AK,F
10:06:59,MYOR,RG,1785,7,D,NI,AK,F
10:06:59,MYOR,RG,1785,14,D,BK,AK,F
10:06:59,MYOR,RG,1785,14,D,BK,AK,F
10:06:59,MYOR,RG,1785,13,D,BK,AK,F
10:06:59,MYOR,RG,1785,1,D,BK,AK,F
10:06:59,MYOR,RG,1785,13,D,BK,AK,F
10:06:59,MYOR,RG,1785,12,D,BK,AK,F
10:06:59,MYOR,RG,1785,12,D,BK,AK,F
10:06:59,MYOR,RG,1785,5,D,YP,AK,F
10:06:59,MYOR,RG,1785,12,D,BK,AK,F
10:06:59,MYOR,RG,1785,1,D,BK,AK,F
10:06:59,MYOR,RG,1785,1,D,BK,AK,F
10:06:59,MYOR,RG,1785,13,D,BK,AK,F
10:06:59,MYOR,RG,1785,9,D,BK,AK,F
10:06:58,MYOR,RG,1785,3,D,BK,AK,F
10:06:58,MYOR,RG,1785,16,D,BB,AK,F
10:06:58,MYOR,RG,1790,7,D,BB,CC,D
10:06:25,MYOR,RG,1785,5,D,PD,AK,F
10:06:25,MYOR,RG,1785,1,D,XC,AK,F
10:06:25,MYOR,RG,1785,3,D,XC,AK,F
10:06:25,MYOR,RG,1785,62,F,AK,AK,F
10:06:25,MYOR,RG,1785,73,F,AK,AK,F
10:06:25,MYOR,RG,1785,1,F,AK,AK,F
10:06:24,MYOR,RG,1790,13,D,BK,CC,D
10:05:19,MYOR,RG,1785,10,F,AK,AK,F
10:05:19,MYOR,RG,1790,47,F,AK,CC,D
10:05:19,MYOR,RG,1790,4,D,XL,CC,D
10:04:02,MYOR,RG,1790,1,D,PD,CC,D
10:03:57,MYOR,RG,1785,3,F,AK,PD,D
10:03:31,MYOR,RG,1790,1,D,BB,CC,D
10:03:23,MYOR,RG,1785,49,F,AK,AK,F
10:03:23,MYOR,RG,1785,1,D,PD,AK,F
10:03:23,MYOR,RG,1785,2,D,BB,AK,F
10:03:23,MYOR,RG,1785,37,D,BB,AK,F
10:03:23,MYOR,RG,1785,1,D,BB,AK,F
10:03:23,MYOR,RG,1785,2,D,CP,AK,F
10:03:23,MYOR,RG,1785,3,D,PD,AK,F
10:03:23,MYOR,RG,1785,1,D,LG,AK,F
10:03:23,MYOR,RG,1785,15,D,BK,AK,F
10:03:23,MYOR,RG,1785,2,D,BK,AK,F
10:03:23,MYOR,RG,1785,1,D,BK,AK,F
10:03:23,MYOR,RG,1785,1,D,BK,AK,F
10:03:23,MYOR,RG,1785,2,D,BK,AK,F
10:03:23,MYOR,RG,1785,1,D,BK,AK,F
10:03:23,MYOR,RG,1785,1,D,BK,AK,F
10:03:23,MYOR,RG,1785,4,D,BK,AK,F
10:03:23,MYOR,RG,1785,8,D,BK,AK,F
10:03:23,MYOR,RG,1785,13,D,BK,AK,F
10:03:23,MYOR,RG,1785,3,D,BK,AK,F
10:03:23,MYOR,RG,1790,43,F,AK,CC,D
10:03:11,MYOR,RG,1790,1,D,XL,CC,D
10:03:09,MYOR,RG,1785,3,D,BK,AK,F
10:03:08,MYOR,RG,1785,9,D,BK,AK,F
10:03:08,MYOR,RG,1790,50,D,BB,CC,D
10:03:07,MYOR,RG,1785,1,D,BK,AK,F
10:03:07,MYOR,RG,1790,11,D,BK,CC,D
10:02:34,MYOR,RG,1790,1,D,BK,CC,D
10:02:00,MYOR,RG,1785,5,D,BK,AK,F
10:01:36,MYOR,RG,1790,11,D,BK,CC,D
10:01:33,MYOR,RG,1785,4,D,BK,XL,D
10:01:10,MYOR,RG,1790,1,D,BK,CC,D
10:00:53,MYOR,RG,1790,53,F,AK,CC,D
10:00:21,MYOR,RG,1790,7,D,BB,CC,D
10:00:20,MYOR,RG,1785,4,D,BK,XC,D
09:59:36,MYOR,RG,1790,2,D,BB,CC,D
09:58:26,MYOR,RG,1790,1,D,BK,CC,D
09:58:23,MYOR,RG,1790,2,D,BK,CC,D
09:57:48,MYOR,RG,1790,53,D,BB,CC,D
09:57:15,MYOR,RG,1785,1,D,BK,XC,D
09:55:44,MYOR,RG,1785,25,D,BK,CC,D
09:55:35,MYOR,RG,1790,3,D,BB,CC,D
09:54:47,MYOR,RG,1785,46,D,BK,CC,D
09:54:47,MYOR,RG,1785,4,D,BK,CC,D
09:54:45,MYOR,RG,1790,9,D,BB,CC,D
09:54:17,MYOR,RG,1790,11,D,BK,CC,D
09:54:09,MYOR,RG,1785,3,D,BK,XC,D
09:53:53,MYOR,RG,1790,3,D,BK,CC,D
09:53:39,MYOR,RG,1790,11,D,BK,CC,D
09:53:23,MYOR,RG,1785,2,D,BK,CC,D
09:53:23,MYOR,RG,1785,2,D,BK,CC,D
09:53:23,MYOR,RG,1785,13,D,BK,CC,D
09:53:23,MYOR,RG,1785,3,D,BK,CC,D
09:52:52,MYOR,RG,1785,8,D,BK,XC,D
09:52:26,MYOR,RG,1790,2,D,XC,CC,D
09:52:14,MYOR,RG,1790,11,D,BK,CC,D
09:51:59,MYOR,RG,1790,12,D,BK,CC,D
09:51:59,MYOR,RG,1790,18,D,BB,CC,D
09:51:56,MYOR,RG,1790,12,D,BB,CC,D
09:51:56,MYOR,RG,1790,1,D,BB,PD,D
09:51:56,MYOR,RG,1790,2,D,BB,CC,D
09:51:56,MYOR,RG,1790,15,D,BB,XC,D
09:51:35,MYOR,RG,1790,3,D,BB,XC,D
09:51:30,MYOR,RG,1790,1,D,BB,XC,D
09:51:30,MYOR,RG,1790,1,D,BK,XC,D
09:51:30,MYOR,RG,1790,3,D,BK,YP,D
09:51:12,MYOR,RG,1790,2,D,BK,YP,D
09:51:07,MYOR,RG,1790,1,D,BB,YP,D
09:50:36,MYOR,RG,1790,9,D,BK,YP,D
09:50:36,MYOR,RG,1790,4,D,BK,AZ,D
09:50:08,MYOR,RG,1790,1,D,BB,AZ,D
09:49:41,MYOR,RG,1790,8,D,BK,DR,D
09:49:23,MYOR,RG,1790,2,D,BB,DR,D
09:49:23,MYOR,RG,1790,3,F,AK,DR,D
09:49:19,MYOR,RG,1790,12,D,BK,DR,D
09:48:59,MYOR,RG,1790,1,D,BB,DR,D
09:48:21,MYOR,RG,1790,1,D,BB,DR,D
09:48:00,MYOR,RG,1790,2,D,BK,DR,D
09:48:00,MYOR,RG,1790,10,D,BK,YU,F
09:47:51,MYOR,RG,1790,1,D,XL,YU,F
09:47:45,MYOR,RG,1790,1,D,BB,YU,F
09:47:45,MYOR,RG,1790,3,D,BB,YU,F
09:47:17,MYOR,RG,1790,8,D,BK,YU,F
09:47:00,MYOR,RG,1790,3,D,BB,YU,F
09:46:55,MYOR,RG,1790,11,D,BK,YU,F
09:46:54,MYOR,RG,1790,11,D,BK,YU,F
09:46:51,MYOR,RG,1790,1,D,BB,YU,F
09:46:48,MYOR,RG,1790,9,D,BK,YU,F
09:46:24,MYOR,RG,1790,1,D,GR,YU,F
09:46:17,MYOR,RG,1790,3,D,BB,YU,F
09:46:15,MYOR,RG,1790,25,D,AI,YU,F
09:46:12,MYOR,RG,1790,5,D,BB,YU,F
09:46:12,MYOR,RG,1790,1,D,EP,YU,F
09:45:55,MYOR,RG,1790,11,D,BK,YU,F
09:45:49,MYOR,RG,1790,7,D,BB,YU,F
09:45:49,MYOR,RG,1790,28,D,BB,EP,D
09:45:34,MYOR,RG,1790,1,D,BB,EP,D
09:45:34,MYOR,RG,1790,5,D,BB,EP,D
09:45:11,MYOR,RG,1790,1,D,NI,EP,D
09:44:59,MYOR,RG,1790,1,D,BB,EP,D
09:44:59,MYOR,RG,1790,1,D,PD,EP,D
09:44:51,MYOR,RG,1790,12,D,BK,EP,D
09:44:51,MYOR,RG,1790,1,D,BB,EP,D
09:44:37,MYOR,RG,1790,11,D,BK,BK,F
09:44:21,MYOR,RG,1790,2,D,BB,BK,F
09:44:12,MYOR,RG,1790,11,D,BK,BK,F
09:44:12,MYOR,RG,1790,2,D,BK,CC,D
09:43:56,MYOR,RG,1790,1,D,BK,CC,D
09:43:56,MYOR,RG,1790,1,D,XC,CC,D
09:43:51,MYOR,RG,1790,1,D,BB,CC,D
09:43:45,MYOR,RG,1790,1,D,BB,CC,D
09:43:45,MYOR,RG,1790,13,D,BK,CC,D
09:43:30,MYOR,RG,1790,6,D,XC,CC,D
09:43:21,MYOR,RG,1790,2,D,BB,CC,D
09:43:21,MYOR,RG,1790,3,D,YP,CC,D
09:42:52,MYOR,RG,1790,11,D,BK,CC,D
09:42:38,MYOR,RG,1790,4,D,BB,CC,D
09:42:11,MYOR,RG,1790,2,D,BB,CC,D
09:42:11,MYOR,RG,1790,40,D,BB,CC,D
09:42:04,MYOR,RG,1790,7,D,BB,CC,D
09:42:00,MYOR,RG,1790,11,D,BK,CC,D
09:41:53,MYOR,RG,1785,2,D,BK,CC,D
09:41:53,MYOR,RG,1785,1,D,BB,CC,D
09:41:21,MYOR,RG,1790,2,D,BB,CC,D
09:41:04,MYOR,RG,1790,1,D,BB,CC,D
09:41:04,MYOR,RG,1790,12,D,BK,CC,D
09:40:56,MYOR,RG,1790,12,D,BK,CC,D
09:40:22,MYOR,RG,1790,1,D,BB,CC,D
09:40:11,MYOR,RG,1790,2,D,BB,CC,D
09:40:11,MYOR,RG,1790,13,D,BK,CC,D
09:40:04,MYOR,RG,1790,1,D,BB,CC,D
09:40:04,MYOR,RG,1790,13,D,BK,CC,D
09:39:42,MYOR,RG,1790,3,D,BB,CC,D
09:39:42,MYOR,RG,1790,10,D,CC,CC,D
09:39:23,MYOR,RG,1790,23,D,YP,CC,D
09:39:21,MYOR,RG,1790,1,D,BB,CC,D
09:39:15,MYOR,RG,1790,11,D,BK,CC,D
09:38:51,MYOR,RG,1785,1,D,BB,PD,D
09:38:36,MYOR,RG,1790,2,D,BB,CC,D
09:38:25,MYOR,RG,1790,12,D,BK,CC,D
09:38:23,MYOR,RG,1790,3,D,YP,CC,D
09:38:15,MYOR,RG,1790,3,D,BB,CC,D
09:38:12,MYOR,RG,1790,28,D,BB,CC,D
09:38:06,MYOR,RG,1790,2,D,BB,CC,D
09:38:05,MYOR,RG,1790,4,D,BB,CC,D
09:38:03,MYOR,RG,1790,5,D,RO,CC,D
09:38:02,MYOR,RG,1790,5,D,BB,CC,D
09:38:02,MYOR,RG,1790,11,D,BK,CC,D
09:37:52,MYOR,RG,1785,4,D,BB,AK,F
09:37:52,MYOR,RG,1785,2,D,AZ,AK,F
09:37:52,MYOR,RG,1785,38,D,AZ,YP,D
09:37:43,MYOR,RG,1790,3,D,BB,CC,D
09:37:43,MYOR,RG,1785,5,D,AZ,AK,F
09:37:25,MYOR,RG,1790,12,D,BK,CC,D
09:37:25,MYOR,RG,1790,13,D,BK,CC,D
09:36:45,MYOR,RG,1790,1,D,BB,CC,D
09:36:34,MYOR,RG,1790,11,D,BK,CC,D
09:36:09,MYOR,RG,1790,5,D,BB,CC,D
09:36:06,MYOR,RG,1790,3,D,BB,CC,D
09:35:58,MYOR,RG,1790,38,D,YP,CC,D
09:35:51,MYOR,RG,1790,1,D,BB,CC,D
09:35:32,MYOR,RG,1790,14,D,BK,CC,D
09:35:31,MYOR,RG,1790,2,D,BB,CC,D
09:35:26,MYOR,RG,1790,2,D,BK,CC,D
09:35:21,MYOR,RG,1790,2,D,BB,CC,D
09:35:21,MYOR,RG,1790,13,D,BK,CC,D
09:35:01,MYOR,RG,1790,15,D,BK,CC,D
09:34:40,MYOR,RG,1785,1,D,CC,AK,F
09:34:18,MYOR,RG,1790,1,D,YP,DR,D
09:33:54,MYOR,RG,1790,1,D,PD,DR,D
09:33:46,MYOR,RG,1790,1,D,BB,DR,D
09:33:29,MYOR,RG,1790,3,D,BB,DR,D
09:33:28,MYOR,RG,1790,4,D,BB,DR,D
09:33:22,MYOR,RG,1790,26,D,BB,DR,D
09:33:22,MYOR,RG,1785,8,D,BB,YP,D
09:33:21,MYOR,RG,1785,2,D,BB,YP,D
09:33:09,MYOR,RG,1785,14,D,BK,YP,D
09:32:54,MYOR,RG,1785,1,D,XC,YP,D
09:32:45,MYOR,RG,1785,1,D,XL,YP,D
09:32:34,MYOR,RG,1785,2,D,BK,YP,D
09:32:23,MYOR,RG,1785,2,D,BB,YP,D
09:32:23,MYOR,RG,1785,1,D,PD,YP,D
09:32:08,MYOR,RG,1790,12,D,BK,DR,D
09:31:10,MYOR,RG,1785,3,D,BB,YP,D
09:31:10,MYOR,RG,1785,1,D,BB,YP,D
09:30:58,MYOR,RG,1785,3,D,BK,YP,D
09:30:56,MYOR,RG,1785,12,D,BK,YP,D
09:30:48,MYOR,RG,1785,1,D,BB,YP,D
09:30:48,MYOR,RG,1785,12,D,BK,YP,D
09:30:45,MYOR,RG,1785,10,D,PD,YP,D
09:30:30,MYOR,RG,1785,13,D,BB,YP,D
09:30:30,MYOR,RG,1785,1,D,BB,YP,D
09:30:18,MYOR,RG,1790,2,D,BB,DR,D
09:30:18,MYOR,RG,1790,6,D,BB,AK,F
09:30:15,MYOR,RG,1785,22,F,AK,YU,F
09:30:15,MYOR,RG,1785,4,D,BB,YU,F
09:30:14,MYOR,RG,1785,71,D,YP,YU,F
09:30:14,MYOR,RG,1785,16,D,YP,XC,D
09:30:14,MYOR,RG,1785,21,D,BB,XC,D
09:30:14,MYOR,RG,1785,11,D,BB,CC,D
09:30:03,MYOR,RG,1785,1,D,XC,CC,D
09:30:01,MYOR,RG,1785,7,D,BB,CC,D
09:29:59,MYOR,RG,1785,20,D,PD,CC,D
09:29:59,MYOR,RG,1780,1,D,HP,YP,D
09:29:59,MYOR,RG,1780,12,D,BK,YP,D
09:29:59,MYOR,RG,1780,1,D,XC,YP,D
09:29:59,MYOR,RG,1780,5,D,XC,YP,D
09:29:59,MYOR,RG,1780,7,D,BB,YP,D
09:29:59,MYOR,RG,1780,10,D,BB,XC,D
09:29:55,MYOR,RG,1785,1,D,BB,CC,D
09:29:55,MYOR,RG,1785,12,D,BK,CC,D
09:29:50,MYOR,RG,1780,2,D,BB,YP,D
09:29:50,MYOR,RG,1780,2,D,BB,YP,D
09:29:50,MYOR,RG,1780,1,D,BK,YP,D
09:29:43,MYOR,RG,1785,1,D,BB,CC,D
09:29:43,MYOR,RG,1785,1,D,XC,CC,D
09:29:14,MYOR,RG,1785,1,D,BB,CC,D
09:29:14,MYOR,RG,1785,12,D,BK,CC,D
09:28:54,MYOR,RG,1785,4,D,BK,CC,D
09:28:51,MYOR,RG,1785,1,D,BB,CC,D
09:28:33,MYOR,RG,1780,10,D,BK,AZ,D
09:28:14,MYOR,RG,1785,4,D,BB,CC,D
09:28:05,MYOR,RG,1785,11,D,BB,CC,D
09:28:04,MYOR,RG,1785,100,D,YP,CC,D
09:27:51,MYOR,RG,1785,2,D,BB,CC,D
09:27:34,MYOR,RG,1785,11,D,BK,CC,D
09:27:28,MYOR,RG,1785,1,D,XC,CC,D
09:27:14,MYOR,RG,1785,2,D,XC,CC,D
09:26:49,MYOR,RG,1785,8,D,BB,CC,D
09:26:41,MYOR,RG,1785,70,F,YP,CC,D
09:26:35,MYOR,RG,1785,2,D,BB,CC,D
09:26:22,MYOR,RG,1785,20,D,YP,CC,D
09:26:21,MYOR,RG,1785,1,D,BB,CC,D
09:26:07,MYOR,RG,1785,4,D,BB,CC,D
09:26:07,MYOR,RG,1785,12,D,BK,CC,D
09:26:01,MYOR,RG,1785,27,D,BB,CC,D
09:25:59,MYOR,RG,1785,4,D,BB,CC,D
09:25:21,MYOR,RG,1785,1,D,BB,CC,D
09:25:18,MYOR,RG,1785,1,D,BB,CC,D
09:25:18,MYOR,RG,1785,8,D,BK,CC,D
09:24:54,MYOR,RG,1785,8,D,BK,CC,D
09:24:42,MYOR,RG,1785,2,D,BB,CC,D
09:24:30,MYOR,RG,1785,1,D,PD,CC,D
09:24:29,MYOR,RG,1785,13,D,BK,CC,D
09:24:28,MYOR,RG,1785,9,D,BK,CC,D
09:24:25,MYOR,RG,1785,3,D,XC,CC,D
09:23:51,MYOR,RG,1785,2,D,BB,CC,D
09:23:27,MYOR,RG,1785,10,D,PD,CC,D
09:23:25,MYOR,RG,1785,5,D,XC,CC,D
09:22:55,MYOR,RG,1785,3,D,BB,CC,D
09:22:55,MYOR,RG,1785,2,D,BB,CC,D
09:22:48,MYOR,RG,1785,12,D,BK,CC,D
09:22:47,MYOR,RG,1785,12,D,BK,CC,D
09:21:58,MYOR,RG,1790,1,D,NI,AK,F
09:21:21,MYOR,RG,1790,1,D,BB,AK,F
09:21:17,MYOR,RG,1790,12,D,BK,AK,F
09:21:13,MYOR,RG,1790,2,D,BB,AK,F
09:20:46,MYOR,RG,1790,3,D,BB,AK,F
09:20:45,MYOR,RG,1790,12,D,BK,AK,F
09:20:40,MYOR,RG,1790,13,D,BK,AK,F
09:20:40,MYOR,RG,1790,12,D,BK,AK,F
09:20:28,MYOR,RG,1790,4,D,BB,AK,F
09:20:27,MYOR,RG,1790,4,D,XC,AK,F
09:20:21,MYOR,RG,1790,28,D,BB,AK,F
09:20:20,MYOR,RG,1790,4,D,BB,AK,F
09:20:17,MYOR,RG,1790,1,D,XC,AK,F
09:20:17,MYOR,RG,1785,1,D,XC,PD,D
09:20:13,MYOR,RG,1785,1,D,XL,PD,D
09:19:03,MYOR,RG,1790,2,D,XC,AK,F
09:18:56,MYOR,RG,1790,2,D,BB,AK,F
09:18:56,MYOR,RG,1790,2,D,BB,AK,F
09:18:54,MYOR,RG,1790,3,D,PD,AK,F
09:18:54,MYOR,RG,1790,1,D,PD,DR,D
09:18:54,MYOR,RG,1790,7,D,PD,XC,D
09:18:52,MYOR,RG,1790,2,D,NI,XC,D
09:17:40,MYOR,RG,1790,1,D,BB,XC,D
09:17:19,MYOR,RG,1780,3,F,AK,CC,D
09:17:13,MYOR,RG,1790,4,D,BB,XC,D
09:17:13,MYOR,RG,1790,6,D,BB,XC,D
09:17:10,MYOR,RG,1790,4,D,BB,XC,D
09:17:10,MYOR,RG,1790,1,D,BB,XC,D
09:17:10,MYOR,RG,1790,17,D,BB,CC,D
09:17:10,MYOR,RG,1785,17,D,BB,CC,D
09:16:44,MYOR,RG,1785,1,D,XC,CC,D
09:15:51,MYOR,RG,1785,1,D,BB,CC,D
09:15:45,MYOR,RG,1785,2,D,BB,CC,D
09:15:44,MYOR,RG,1785,22,D,BB,CC,D
09:15:44,MYOR,RG,1785,2,D,BB,CC,D
09:15:29,MYOR,RG,1790,12,D,BB,CC,D
09:15:29,MYOR,RG,1790,5,D,BB,CC,D
09:15:29,MYOR,RG,1785,2,D,BB,PD,D
09:15:29,MYOR,RG,1785,3,D,BB,YP,D
09:15:28,MYOR,RG,1785,2,F,AK,YP,D
09:15:28,MYOR,RG,1785,2,F,AK,NI,D
09:15:28,MYOR,RG,1785,120,F,AK,CC,D
09:15:28,MYOR,RG,1785,76,F,AK,CC,D
09:15:24,MYOR,RG,1785,1,D,PD,CC,D
09:15:22,MYOR,RG,1785,73,F,AK,CC,D
09:15:22,MYOR,RG,1785,1,F,AK,AT,D
09:15:22,MYOR,RG,1785,50,F,AK,CC,D
09:15:22,MYOR,RG,1785,76,F,AK,AK,F
09:14:57,MYOR,RG,1785,1,D,BB,AK,F
09:14:57,MYOR,RG,1780,1,F,AK,XL,D
09:14:36,MYOR,RG,1780,4,F,AK,PD,D
09:14:21,MYOR,RG,1785,1,D,BB,AK,F
09:14:12,MYOR,RG,1785,5,D,LG,AK,F
09:14:11,MYOR,RG,1785,10,D,NI,AK,F
09:14:07,MYOR,RG,1785,4,D,BB,AK,F
09:14:03,MYOR,RG,1785,5,D,BB,AK,F
09:14:03,MYOR,RG,1780,1,F,AK,AK,F
09:14:02,MYOR,RG,1785,9,D,BB,AK,F
09:14:02,MYOR,RG,1785,9,D,BB,YP,D
09:14:02,MYOR,RG,1785,6,D,BB,CC,D
09:13:51,MYOR,RG,1785,1,D,BB,CC,D
09:13:42,MYOR,RG,1785,11,D,EP,CC,D
09:13:36,MYOR,RG,1785,1,D,PD,CC,D
09:13:25,MYOR,RG,1785,2,D,NI,CC,D
09:13:06,MYOR,RG,1785,1,D,PD,CC,D
09:11:17,MYOR,RG,1785,1,D,BB,CC,D
09:11:13,MYOR,RG,1785,1,D,BB,CC,D
09:11:03,MYOR,RG,1780,1,D,HP,XC,D
09:11:02,MYOR,RG,1785,3,D,BB,CC,D
09:10:58,MYOR,RG,1785,30,D,PD,CC,D
09:09:35,MYOR,RG,1785,4,D,BB,CC,D
09:09:30,MYOR,RG,1775,17,D,CC,BK,F
09:09:25,MYOR,RG,1785,1,D,BB,CC,D
09:09:25,MYOR,RG,1775,22,D,CC,BK,F
09:09:23,MYOR,RG,1785,39,D,BB,CC,D
09:09:23,MYOR,RG,1780,2,D,NI,AK,F
09:09:23,MYOR,RG,1775,9,D,CC,CC,D
09:09:23,MYOR,RG,1775,50,D,EP,CC,D
09:09:23,MYOR,RG,1775,1,D,CC,CC,D
09:09:23,MYOR,RG,1775,5,D,YP,CC,D
09:09:23,MYOR,RG,1775,5,D,KK,CC,D
09:09:23,MYOR,RG,1775,1,D,PD,CC,D
09:09:23,MYOR,RG,1775,2,D,CC,CC,D
09:09:23,MYOR,RG,1775,1,D,NI,CC,D
09:09:23,MYOR,RG,1775,1,D,PD,CC,D
09:09:23,MYOR,RG,1775,1,D,PD,CC,D
09:09:23,MYOR,RG,1775,50,D,AT,CC,D
09:09:23,MYOR,RG,1775,6,D,DH,CC,D
09:09:23,MYOR,RG,1780,20,D,BK,CC,D
09:09:23,MYOR,RG,1780,150,F,AK,CC,D
09:09:23,MYOR,RG,1780,1,D,HP,CC,D
09:09:23,MYOR,RG,1780,5,D,OD,CC,D
09:09:23,MYOR,RG,1780,14,D,BK,CC,D
09:09:23,MYOR,RG,1780,13,D,BK,CC,D
09:09:23,MYOR,RG,1780,13,D,BK,CC,D
09:09:23,MYOR,RG,1780,1,D,NI,CC,D
09:09:23,MYOR,RG,1780,5,D,HP,CC,D
09:09:23,MYOR,RG,1780,6,D,BB,CC,D
09:09:23,MYOR,RG,1780,11,D,BK,CC,D
09:09:23,MYOR,RG,1780,18,D,BK,CC,D
09:09:23,MYOR,RG,1780,1,D,XL,CC,D
09:09:23,MYOR,RG,1780,2,D,YP,CC,D
09:09:23,MYOR,RG,1780,2,D,XC,CC,D
09:09:23,MYOR,RG,1780,1,D,BB,CC,D
09:09:23,MYOR,RG,1780,13,D,BB,CC,D
09:09:23,MYOR,RG,1780,1,D,KK,CC,D
09:09:23,MYOR,RG,1780,1,D,BB,CC,D
09:09:23,MYOR,RG,1780,1,D,CC,CC,D
09:09:23,MYOR,RG,1780,1,D,PD,CC,D
09:09:23,MYOR,RG,1780,1,D,PD,CC,D
09:09:23,MYOR,RG,1780,1,D,ZP,CC,D
09:07:42,MYOR,RG,1785,1,D,PD,CC,D
09:07:41,MYOR,RG,1785,3,D,BB,CC,D
09:07:31,MYOR,RG,1785,2,D,PD,CC,D
09:07:31,MYOR,RG,1785,16,D,BK,CC,D
09:07:31,MYOR,RG,1785,17,D,BB,CC,D
09:07:31,MYOR,RG,1785,17,D,BK,CC,D
09:07:31,MYOR,RG,1785,1,D,YP,CC,D
09:07:31,MYOR,RG,1785,5,D,XC,CC,D
09:07:31,MYOR,RG,1785,5,D,BB,CC,D
09:07:31,MYOR,RG,1785,29,D,BB,CC,D
09:07:31,MYOR,RG,1785,4,D,BK,CC,D
09:07:31,MYOR,RG,1785,16,D,BK,CC,D
09:07:31,MYOR,RG,1785,1,D,BB,CC,D
09:07:31,MYOR,RG,1785,12,D,BK,CC,D
09:07:31,MYOR,RG,1785,1,D,BK,CC,D
09:07:31,MYOR,RG,1785,3,D,BK,CC,D
09:07:31,MYOR,RG,1785,3,D,BK,CC,D
09:07:31,MYOR,RG,1785,9,D,BK,CC,D
09:07:31,MYOR,RG,1785,8,D,BK,CC,D
09:07:31,MYOR,RG,1785,1,D,BK,CC,D
09:07:31,MYOR,RG,1785,1,D,BK,CC,D
09:07:31,MYOR,RG,1785,4,D,BK,CC,D
09:07:31,MYOR,RG,1785,11,D,BK,CC,D
09:07:31,MYOR,RG,1785,5,D,BK,CC,D
09:07:31,MYOR,RG,1785,1,D,BK,CC,D
09:07:31,MYOR,RG,1785,11,D,BK,CC,D
09:07:31,MYOR,RG,1785,1,D,BK,CC,D
09:07:31,MYOR,RG,1785,10,D,BK,CC,D
09:07:31,MYOR,RG,1785,1,D,BK,CC,D
09:07:03,MYOR,RG,1790,2,D,PD,AG,F
09:05:57,MYOR,RG,1790,2,D,XC,AG,F
09:05:19,MYOR,RG,1790,1,D,BB,AG,F
09:05:17,MYOR,RG,1790,4,D,XL,AG,F
09:05:01,MYOR,RG,1790,1,D,BB,AG,F
09:05:00,MYOR,RG,1790,4,D,BB,AG,F
09:04:57,MYOR,RG,1790,15,D,BB,AG,F
09:04:57,MYOR,RG,1785,2,D,BK,GR,D
09:04:57,MYOR,RG,1785,1,D,BK,GR,D
09:04:57,MYOR,RG,1785,13,D,BK,GR,D
09:04:57,MYOR,RG,1785,1,D,BK,GR,D
09:04:57,MYOR,RG,1785,3,D,BK,GR,D
09:04:31,MYOR,RG,1785,1,D,BK,XL,D
09:03:53,MYOR,RG,1790,1,D,BB,AG,F
09:03:53,MYOR,RG,1790,1,D,BB,XC,D
09:03:53,MYOR,RG,1790,1,D,BB,YP,D
09:03:51,MYOR,RG,1785,1,D,BB,BK,F
09:03:51,MYOR,RG,1785,11,D,BK,BK,F
09:03:51,MYOR,RG,1785,18,D,BK,CC,D
09:03:50,MYOR,RG,1785,5,D,DH,CC,D
09:03:35,MYOR,RG,1785,2,D,BB,CC,D
09:03:33,MYOR,RG,1785,18,D,EP,CC,D
09:03:29,MYOR,RG,1785,1,D,BB,CC,D
09:03:28,MYOR,RG,1785,1,D,YP,CC,D
09:03:28,MYOR,RG,1785,1,D,BB,CC,D
09:03:28,MYOR,RG,1785,1,D,BB,CC,D
09:03:28,MYOR,RG,1785,1,D,BB,CC,D
09:03:28,MYOR,RG,1785,1,D,XL,CC,D
09:03:28,MYOR,RG,1785,1,D,YP,CC,D
09:03:02,MYOR,RG,1790,6,D,XL,BK,F
09:02:19,MYOR,RG,1790,6,D,BB,BK,F
09:02:19,MYOR,RG,1785,2,D,YP,AK,F
09:02:19,MYOR,RG,1785,1,D,BB,AK,F
09:02:19,MYOR,RG,1785,1,D,XC,AK,F
09:02:13,MYOR,RG,1785,4,D,XC,CC,D
09:02:13,MYOR,RG,1785,43,D,EP,CC,D
09:02:11,MYOR,RG,1785,2,D,EP,AT,D
09:02:04,MYOR,RG,1790,5,D,BB,BK,F
09:02:00,MYOR,RG,1785,5,D,EP,AG,F
09:02:00,MYOR,RG,1785,33,D,XC,AG,F
09:02:00,MYOR,RG,1785,2,D,XC,AG,F
09:01:56,MYOR,RG,1785,2,D,XC,PD,D
09:01:56,MYOR,RG,1785,1,D,CC,PD,D
09:01:56,MYOR,RG,1785,7,D,PD,PD,D
09:01:51,MYOR,RG,1790,1,D,BB,BK,F
09:01:42,MYOR,RG,1785,1,D,PD,AK,F
09:01:42,MYOR,RG,1785,1,D,PD,AK,F
09:01:03,MYOR,RG,1790,1,D,PD,BK,F
09:00:36,MYOR,RG,1790,2,D,BB,BK,F
09:00:34,MYOR,RG,1790,1,D,YP,BK,F
09:00:28,MYOR,RG,1790,1,D,BB,BK,F
09:00:22,MYOR,RG,1790,1,D,BB,BK,F
09:00:21,MYOR,RG,1790,1,D,BB,BK,F
09:00:18,MYOR,RG,1790,1,D,BB,BK,F
09:00:16,MYOR,RG,1790,5,D,XL,BK,F
09:00:12,MYOR,RG,1790,14,D,CC,BK,F
09:00:12,MYOR,RG,1790,2,D,CC,XC,D
09:00:10,MYOR,RG,1785,3,D,PC,KK,D
09:00:07,MYOR,RG,1785,1,D,PC,XC,D
09:00:07,MYOR,RG,1790,1,D,XL,XC,D
09:00:06,MYOR,RG,1790,1,D,XL,PD,D
09:00:05,MYOR,RG,1785,1,D,PC,PD,D
09:00:05,MYOR,RG,1785,1,D,PC,PD,D
09:00:05,MYOR,RG,1790,1,D,PD,PD,D
