Time,Stock,Brd,Price,Qty,BT,BC,SC,ST
15:12:26,MYOR,RG,2120,1,D,XC,CC,D
15:12:01,MYOR,RG,2120,1,D,PD,CC,D
15:11:13,MYOR,RG,2120,2,D,XC,CC,D
15:10:40,MYOR,RG,2120,1,D,NI,CC,D
15:07:00,MYOR,RG,2120,4,D,PD,CC,D
15:04:37,MYOR,RG,2120,3,D,DR,CC,D
15:02:51,MYOR,RG,2120,1,D,PD,CC,D
15:01:00,MYOR,RG,2120,1,D,XC,CC,D
15:00:00,MYOR,RG,2120,1,D,XC,CC,D
15:00:00,MYOR,RG,2120,30,D,XC,DH,D
15:00:00,MYOR,RG,2120,1,D,XC,AT,D
15:00:00,MYOR,RG,2120,34,D,XC,PD,D
15:00:00,MYOR,RG,2120,1,D,XC,PD,D
15:00:00,MYOR,RG,2120,18,D,XC,YP,D
15:00:00,MYOR,RG,2120,1,D,KK,YP,D
15:00:00,MYOR,RG,2120,1,D,PD,YP,D
14:48:41,MYOR,RG,2120,22,D,NI,PD,D
14:48:40,MYOR,RG,2120,48,D,NI,PD,D
14:48:40,MYOR,RG,2120,48,D,NI,PD,D
14:48:40,MYOR,RG,2120,48,D,NI,PD,D
14:48:26,MYOR,RG,2110,5,D,NI,XC,D
14:47:55,MYOR,RG,2110,3,D,NI,XL,D
14:47:16,MYOR,RG,2110,10,D,NI,AZ,D
14:47:16,MYOR,RG,2110,50,D,NI,PD,D
14:47:16,MYOR,RG,2110,4,D,NI,DH,D
14:47:16,MYOR,RG,2110,3,D,NI,XC,D
14:45:46,MYOR,RG,2110,1,D,XC,YP,D
14:44:51,MYOR,RG,2110,10,D,DR,YP,D
14:44:34,MYOR,RG,2110,3,D,XC,YP,D
14:43:30,MYOR,RG,2100,10,D,YP,CC,D
14:43:30,MYOR,RG,2100,7,D,KK,CC,D
14:42:28,MYOR,RG,2100,1,D,KK,PD,D
14:41:58,MYOR,RG,2100,3,D,KK,AT,D
14:41:08,MYOR,RG,2100,1,D,KK,YP,D
14:41:08,MYOR,RG,2100,3,D,XL,YP,D
14:41:08,MYOR,RG,2100,2,D,XL,YP,D
14:41:08,MYOR,RG,2100,4,D,XC,YP,D
14:40:37,MYOR,RG,2100,15,D,XC,YP,D
14:40:37,MYOR,RG,2100,1,D,XC,YP,D
14:40:37,MYOR,RG,2100,4,D,XA,YP,D
14:40:21,MYOR,RG,2110,3,D,CC,YP,D
14:39:24,MYOR,RG,2110,20,D,PD,YP,D
14:38:24,MYOR,RG,2110,1,D,PD,YP,D
14:37:10,MYOR,RG,2110,2,D,NI,YP,D
14:37:01,MYOR,RG,2110,10,D,DH,YP,D
14:36:51,MYOR,RG,2110,9,D,YP,YP,D
14:36:47,MYOR,RG,2110,2,D,XC,YP,D
14:36:32,MYOR,RG,2110,47,D,OD,YP,D
14:36:29,MYOR,RG,2110,2,D,XC,YP,D
14:36:29,MYOR,RG,2110,4,D,GR,YP,D
14:35:39,MYOR,RG,2110,1,D,GR,PD,D
14:35:39,MYOR,RG,2110,48,D,NI,PD,D
14:35:39,MYOR,RG,2110,1,D,YP,PD,D
14:34:34,MYOR,RG,2110,10,F,RX,CC,D
14:33:53,MYOR,RG,2110,23,F,RX,YP,D
14:32:42,MYOR,RG,2110,2,F,RX,KK,D
14:32:42,MYOR,RG,2110,30,F,RX,PD,D
14:32:42,MYOR,RG,2110,361,F,RX,YU,F
14:32:39,MYOR,RG,2110,20,D,CC,YU,F
14:32:37,MYOR,RG,2100,6,D,XA,YP,D
14:32:37,MYOR,RG,2100,5,D,KK,YP,D
14:32:37,MYOR,RG,2100,1,D,YP,YP,D
14:32:37,MYOR,RG,2100,10,D,TP,YP,D
14:32:37,MYOR,RG,2100,1,D,YP,YP,D
14:32:37,MYOR,RG,2100,1,D,XC,YP,D
14:32:37,MYOR,RG,2100,1,D,DH,YP,D
14:32:11,MYOR,RG,2100,5,D,KK,PD,D
14:32:11,MYOR,RG,2100,1,D,NI,PD,D
14:32:11,MYOR,RG,2100,1,D,PD,PD,D
14:32:11,MYOR,RG,2100,1,D,XC,PD,D
14:32:11,MYOR,RG,2100,10,D,XC,PD,D
14:32:11,MYOR,RG,2100,1,D,PD,PD,D
14:32:11,MYOR,RG,2100,1,D,NI,PD,D
14:32:11,MYOR,RG,2100,3,D,PD,PD,D
14:32:11,MYOR,RG,2100,2,D,NI,PD,D
14:32:11,MYOR,RG,2100,10,D,TP,PD,D
14:32:11,MYOR,RG,2100,2,D,CC,PD,D
14:32:11,MYOR,RG,2100,1,D,SQ,PD,D
14:32:11,MYOR,RG,2100,8,D,XC,PD,D
14:32:11,MYOR,RG,2100,4,D,XC,PD,D
14:32:11,MYOR,RG,2100,1,D,YP,PD,D
14:32:11,MYOR,RG,2100,10,D,XC,PD,D
14:32:11,MYOR,RG,2100,1,D,XC,PD,D
14:32:11,MYOR,RG,2100,1,D,XC,PD,D
14:32:11,MYOR,RG,2100,1,D,YP,PD,D
14:32:11,MYOR,RG,2100,1,D,XC,PD,D
14:32:11,MYOR,RG,2100,1,D,PD,PD,D
14:32:11,MYOR,RG,2100,100,D,YP,PD,D
14:32:11,MYOR,RG,2100,2,D,PD,PD,D
14:32:11,MYOR,RG,2100,2,D,PD,PD,D
14:32:11,MYOR,RG,2100,100,D,YP,PD,D
14:32:11,MYOR,RG,2100,4,D,PD,PD,D
14:32:11,MYOR,RG,2100,5,D,XC,PD,D
14:32:11,MYOR,RG,2100,50,D,SQ,PD,D
14:32:11,MYOR,RG,2100,30,D,DR,PD,D
14:32:11,MYOR,RG,2100,3,D,XC,PD,D
14:32:11,MYOR,RG,2100,2,D,ZP,PD,D
14:32:11,MYOR,RG,2100,3,D,YP,PD,D
14:32:11,MYOR,RG,2100,2,D,XC,PD,D
14:32:11,MYOR,RG,2100,1,D,XC,PD,D
14:32:11,MYOR,RG,2100,5,D,XC,PD,D
14:32:11,MYOR,RG,2100,3,D,CC,PD,D
14:32:11,MYOR,RG,2100,1,D,YP,PD,D
14:32:11,MYOR,RG,2100,1,D,PD,PD,D
14:32:11,MYOR,RG,2100,1,D,XC,PD,D
14:32:11,MYOR,RG,2100,10,D,NI,PD,D
14:32:11,MYOR,RG,2100,1,D,PD,PD,D
14:32:11,MYOR,RG,2100,1,D,YP,PD,D
14:32:11,MYOR,RG,2100,8,D,YP,PD,D
14:29:32,MYOR,RG,2100,16,D,YP,NI,D
14:29:08,MYOR,RG,2100,10,D,YP,YP,D
14:29:08,MYOR,RG,2100,8,D,YP,GR,D
14:29:08,MYOR,RG,2100,1,D,XC,GR,D
14:29:08,MYOR,RG,2100,3,D,CC,GR,D
14:29:08,MYOR,RG,2100,3,D,XL,GR,D
14:29:08,MYOR,RG,2100,1,D,XC,GR,D
14:29:08,MYOR,RG,2100,1,D,YP,GR,D
14:29:08,MYOR,RG,2100,5,D,CC,GR,D
14:29:08,MYOR,RG,2100,3,D,AT,GR,D
14:29:08,MYOR,RG,2100,10,D,SQ,GR,D
14:29:08,MYOR,RG,2100,1,D,KK,GR,D
14:29:07,MYOR,RG,2100,1,D,KK,PD,D
14:29:07,MYOR,RG,2100,4,D,YB,PD,D
14:29:06,MYOR,RG,2110,1,D,XC,YU,F
14:29:06,MYOR,RG,2110,13,D,XC,YU,F
14:29:06,MYOR,RG,2110,1,D,NI,YU,F
14:29:06,MYOR,RG,2110,1,D,XC,YU,F
14:29:06,MYOR,RG,2110,2,D,XC,YU,F
14:29:06,MYOR,RG,2110,15,D,YP,YU,F
14:29:06,MYOR,RG,2110,1,D,SQ,YU,F
14:29:06,MYOR,RG,2110,1,D,PD,YU,F
14:29:06,MYOR,RG,2110,1,D,XC,YU,F
14:29:06,MYOR,RG,2110,200,D,YP,YU,F
14:29:06,MYOR,RG,2110,5,D,PD,YU,F
14:29:06,MYOR,RG,2110,2,D,XC,YU,F
14:29:06,MYOR,RG,2110,3,D,YP,YU,F
14:29:06,MYOR,RG,2110,48,D,NI,YU,F
14:29:06,MYOR,RG,2110,3,D,PD,YU,F
14:29:06,MYOR,RG,2110,1,D,PD,YU,F
14:29:06,MYOR,RG,2110,200,D,CC,YU,F
14:29:06,MYOR,RG,2110,3,D,XC,YU,F
14:29:06,MYOR,RG,2110,5,D,XC,YU,F
14:29:06,MYOR,RG,2110,1,D,PD,YU,F
14:29:06,MYOR,RG,2110,1,D,XC,YU,F
14:29:06,MYOR,RG,2110,1,D,NI,YU,F
14:29:06,MYOR,RG,2110,2,D,XC,YU,F
14:29:06,MYOR,RG,2110,10,D,XC,YU,F
14:29:06,MYOR,RG,2110,100,D,CC,YU,F
14:29:06,MYOR,RG,2110,50,D,CC,YU,F
14:29:06,MYOR,RG,2110,5,D,PD,YU,F
14:29:06,MYOR,RG,2110,5,D,PD,YU,F
14:29:06,MYOR,RG,2110,2,D,YP,YU,F
14:29:06,MYOR,RG,2110,2,D,PD,YU,F
14:29:06,MYOR,RG,2110,251,D,YP,YU,F
14:29:06,MYOR,RG,2110,25,D,PD,YU,F
14:29:06,MYOR,RG,2110,50,D,PD,YU,F
14:29:06,MYOR,RG,2110,3,D,XC,YU,F
14:29:06,MYOR,RG,2110,5,D,XC,YU,F
14:29:06,MYOR,RG,2110,1,D,SQ,YU,F
14:29:06,MYOR,RG,2110,5,D,XC,YU,F
14:29:06,MYOR,RG,2110,3,D,XC,YU,F
14:29:06,MYOR,RG,2110,1,D,DR,YU,F
14:29:06,MYOR,RG,2110,50,D,LS,YU,F
14:29:06,MYOR,RG,2110,8,D,PD,YU,F
14:29:06,MYOR,RG,2110,15,D,NI,YU,F
14:29:06,MYOR,RG,2110,2,D,PD,YU,F
14:29:06,MYOR,RG,2110,15,D,EP,YU,F
14:28:42,MYOR,RG,2120,1,D,XC,PD,D
14:28:27,MYOR,RG,2120,10,D,YP,PD,D
14:26:14,MYOR,RG,2120,48,D,NI,PD,D
14:25:08,MYOR,RG,2120,1,D,YP,PD,D
14:24:41,MYOR,RG,2120,20,D,PD,PD,D
14:24:25,MYOR,RG,2120,1,D,NI,PD,D
14:24:23,MYOR,RG,2110,19,D,EP,XC,D
14:23:04,MYOR,RG,2120,1,D,XC,PD,D
14:20:25,MYOR,RG,2120,4,D,PD,PD,D
14:20:19,MYOR,RG,2120,2,D,CC,PD,D
14:19:40,MYOR,RG,2120,5,D,YP,PD,D
14:19:08,MYOR,RG,2120,1,D,XC,PD,D
14:17:59,MYOR,RG,2110,1,D,EP,KK,D
14:17:09,MYOR,RG,2120,48,D,NI,PD,D
14:16:35,MYOR,RG,2120,23,D,YP,PD,D
14:15:31,MYOR,RG,2120,6,D,YP,PD,D
14:15:24,MYOR,RG,2110,1,D,EP,XL,D
14:13:15,MYOR,RG,2120,1,D,NI,PD,D
14:12:05,MYOR,RG,2120,1,D,PD,PD,D
14:12:02,MYOR,RG,2120,50,D,KK,PD,D
14:11:56,MYOR,RG,2120,5,D,PD,PD,D
14:11:53,MYOR,RG,2120,2,D,CC,PD,D
14:11:53,MYOR,RG,2120,10,D,XC,PD,D
14:11:53,MYOR,RG,2120,29,D,NI,PD,D
14:11:53,MYOR,RG,2120,2,D,PD,PD,D
14:11:53,MYOR,RG,2120,3,D,YP,PD,D
14:11:53,MYOR,RG,2120,19,D,XC,PD,D
14:11:53,MYOR,RG,2120,3,D,CC,PD,D
14:11:53,MYOR,RG,2120,4,D,NI,PD,D
14:08:26,MYOR,RG,2120,1,D,NI,PD,D
14:08:15,MYOR,RG,2120,2,D,NI,PD,D
14:05:07,MYOR,RG,2120,2,D,NI,XC,D
14:04:19,MYOR,RG,2120,5,D,YP,YP,D
14:03:19,MYOR,RG,2120,5,D,EP,YP,D
14:03:04,MYOR,RG,2120,1,D,YP,XC,D
14:02:44,MYOR,RG,2120,4,D,NI,XC,D
14:02:44,MYOR,RG,2120,5,D,NI,YP,D
14:02:22,MYOR,RG,2120,3,D,XL,XC,D
14:02:22,MYOR,RG,2120,2,D,XL,KK,D
14:02:00,MYOR,RG,2110,4,D,EP,PD,D
14:00:38,MYOR,RG,2110,1,D,YP,PD,D
14:00:38,MYOR,RG,2110,1,D,YP,PD,D
14:00:38,MYOR,RG,2110,3,D,PD,PD,D
14:00:28,MYOR,RG,2120,8,D,NI,KK,D
14:00:19,MYOR,RG,2120,4,D,NI,KK,D
14:00:19,MYOR,RG,2120,44,D,NI,PD,D
14:00:00,MYOR,RG,2110,4,D,PD,DR,D
14:00:00,MYOR,RG,2110,2,D,PD,DR,D
14:00:00,MYOR,RG,2110,1,D,PD,DR,D
14:00:00,MYOR,RG,2110,2,D,XC,DR,D
14:00:00,MYOR,RG,2110,3,D,CC,DR,D
14:00:00,MYOR,RG,2110,1,D,PD,DR,D
14:00:00,MYOR,RG,2110,2,D,PD,DR,D
14:00:00,MYOR,RG,2110,12,D,KK,DR,D
14:00:00,MYOR,RG,2110,5,D,YP,DR,D
14:00:00,MYOR,RG,2110,1,D,PD,DR,D
14:00:00,MYOR,RG,2110,1,D,YP,DR,D
14:00:00,MYOR,RG,2110,1,D,DX,DR,D
14:00:00,MYOR,RG,2110,1,D,PD,DR,D
14:00:00,MYOR,RG,2110,2,D,CC,DR,D
14:00:00,MYOR,RG,2110,1,D,YP,DR,D
14:00:00,MYOR,RG,2110,2,D,KK,DR,D
14:00:00,MYOR,RG,2110,50,D,CC,DR,D
14:00:00,MYOR,RG,2110,1,D,PD,DR,D
14:00:00,MYOR,RG,2110,1,D,PD,DR,D
14:00:00,MYOR,RG,2110,18,D,DH,DR,D
13:59:08,MYOR,RG,2120,1,D,EP,PD,D
13:58:11,MYOR,RG,2120,3,D,XC,PD,D
13:58:01,MYOR,RG,2120,1,D,NI,PD,D
13:56:25,MYOR,RG,2120,15,D,GR,PD,D
13:55:35,MYOR,RG,2120,1,D,XL,PD,D
13:55:25,MYOR,RG,2120,11,D,XL,PD,D
13:54:53,MYOR,RG,2120,4,D,XL,PD,D
13:53:03,MYOR,RG,2120,29,D,NI,PD,D
13:52:45,MYOR,RG,2120,2,D,PD,PD,D
13:49:27,MYOR,RG,2120,10,D,SQ,PD,D
13:49:20,MYOR,RG,2120,29,D,NI,PD,D
13:48:48,MYOR,RG,2120,1,D,PD,PD,D
13:48:14,MYOR,RG,2120,3,D,XC,PD,D
13:47:53,MYOR,RG,2110,5,D,DH,XC,D
13:47:46,MYOR,RG,2110,2,D,DH,PD,D
13:47:46,MYOR,RG,2110,5,D,CC,PD,D
13:46:22,MYOR,RG,2110,1,D,CC,PD,D
13:44:33,MYOR,RG,2110,10,D,CC,PC,D
13:41:24,MYOR,RG,2110,4,D,CC,GR,D
13:41:24,MYOR,RG,2110,1,D,XC,GR,D
13:41:24,MYOR,RG,2110,10,D,CC,GR,D
13:41:24,MYOR,RG,2110,2,D,XC,GR,D
13:41:24,MYOR,RG,2110,5,D,PD,GR,D
13:41:24,MYOR,RG,2110,1,D,XC,GR,D
13:41:24,MYOR,RG,2110,10,D,YP,GR,D
13:41:24,MYOR,RG,2110,1,D,CC,GR,D
13:41:24,MYOR,RG,2110,2,D,PD,GR,D
13:41:24,MYOR,RG,2110,1,D,XC,GR,D
13:41:24,MYOR,RG,2110,1,D,NI,GR,D
13:41:24,MYOR,RG,2110,2,D,XC,GR,D
13:41:24,MYOR,RG,2110,10,D,GR,GR,D
13:37:42,MYOR,RG,2120,10,D,NI,PD,D
13:37:27,MYOR,RG,2120,1,D,PD,PD,D
13:37:27,MYOR,RG,2120,100,D,YP,PD,D
13:37:27,MYOR,RG,2120,1,D,YP,PD,D
13:37:27,MYOR,RG,2120,67,D,NI,PD,D
13:37:27,MYOR,RG,2120,1,D,YP,PD,D
13:37:27,MYOR,RG,2120,10,D,YP,PD,D
13:37:27,MYOR,RG,2120,1,D,YP,PD,D
13:37:27,MYOR,RG,2120,1,D,CC,PD,D
13:37:27,MYOR,RG,2120,10,D,XC,PD,D
13:37:27,MYOR,RG,2120,7,D,KK,PD,D
13:37:27,MYOR,RG,2120,2,D,PD,PD,D
13:37:27,MYOR,RG,2120,1,D,YP,PD,D
13:37:27,MYOR,RG,2120,1,D,PD,PD,D
13:37:27,MYOR,RG,2120,1,D,XC,PD,D
13:37:27,MYOR,RG,2120,2,D,XC,PD,D
13:37:27,MYOR,RG,2120,1,D,AT,PD,D
13:37:27,MYOR,RG,2120,3,D,CC,PD,D
13:37:27,MYOR,RG,2120,1,D,PD,PD,D
13:37:27,MYOR,RG,2120,20,D,PD,PD,D
13:37:27,MYOR,RG,2120,40,D,CC,PD,D
13:37:27,MYOR,RG,2120,3,D,DH,PD,D
13:37:27,MYOR,RG,2120,12,D,KK,PD,D
13:37:27,MYOR,RG,2120,1,D,PD,PD,D
13:37:27,MYOR,RG,2120,5,D,XC,PD,D
13:37:27,MYOR,RG,2120,1,D,XC,PD,D
13:37:27,MYOR,RG,2120,1,D,YP,PD,D
13:37:27,MYOR,RG,2120,10,D,PD,PD,D
13:37:27,MYOR,RG,2120,1,D,YP,PD,D
13:37:27,MYOR,RG,2120,10,D,PD,PD,D
13:37:27,MYOR,RG,2120,10,D,LG,PD,D
13:37:27,MYOR,RG,2120,1,D,YP,PD,D
13:37:27,MYOR,RG,2120,10,D,CP,PD,D
13:31:43,MYOR,RG,2130,1,D,YP,DR,D
13:31:43,MYOR,RG,2130,44,D,CC,DR,D
13:31:43,MYOR,RG,2130,1,D,BQ,DR,D
13:31:43,MYOR,RG,2130,1,D,YP,DR,D
13:31:43,MYOR,RG,2130,1,D,XC,DR,D
13:31:43,MYOR,RG,2130,1,D,XC,DR,D
13:31:43,MYOR,RG,2130,2,D,KK,DR,D
13:31:43,MYOR,RG,2130,5,D,XC,DR,D
13:31:43,MYOR,RG,2130,1,D,PD,DR,D
13:31:43,MYOR,RG,2130,2,D,NI,DR,D
13:30:38,MYOR,RG,2130,2,D,NI,XC,D
13:30:38,MYOR,RG,2130,15,D,YP,XC,D
13:30:38,MYOR,RG,2130,5,D,XC,XC,D
13:30:38,MYOR,RG,2130,5,D,DR,XC,D
13:30:38,MYOR,RG,2130,2,D,XC,XC,D
13:30:38,MYOR,RG,2130,10,D,PD,XC,D
13:30:38,MYOR,RG,2130,20,D,NI,XC,D
13:30:38,MYOR,RG,2130,2,D,XC,XC,D
13:30:38,MYOR,RG,2130,1,D,CC,XC,D
13:30:38,MYOR,RG,2130,1,D,PD,XC,D
13:30:38,MYOR,RG,2130,3,D,PD,XC,D
13:30:38,MYOR,RG,2130,12,D,KK,XC,D
13:30:38,MYOR,RG,2130,10,D,XC,XC,D
13:30:38,MYOR,RG,2130,1,D,CC,XC,D
13:30:38,MYOR,RG,2130,5,D,YP,XC,D
13:30:38,MYOR,RG,2130,1,D,XC,XC,D
13:30:11,MYOR,RG,2140,5,D,YP,YP,D
13:30:10,MYOR,RG,2140,2,D,YP,YP,D
13:30:06,MYOR,RG,2140,5,D,YP,YP,D
13:30:06,MYOR,RG,2140,9,D,YP,YP,D
13:30:06,MYOR,RG,2140,1,D,XC,YP,D
13:30:05,MYOR,RG,2140,1,D,PD,YP,D
13:30:04,MYOR,RG,2140,1,D,PD,YP,D
13:30:04,MYOR,RG,2140,2,D,XL,YP,D
13:30:04,MYOR,RG,2140,2,D,XL,YP,D
13:30:03,MYOR,RG,2140,7,D,PD,YP,D
13:30:03,MYOR,RG,2140,10,D,XC,YP,D
13:30:02,MYOR,RG,2140,1,D,DH,YP,D
13:30:02,MYOR,RG,2140,1,D,XC,YP,D
13:30:01,MYOR,RG,2140,15,D,PD,YP,D
13:30:01,MYOR,RG,2140,1,D,PD,YP,D
13:30:01,MYOR,RG,2140,1,D,XC,YP,D
13:30:01,MYOR,RG,2140,7,D,XC,YP,D
13:30:01,MYOR,RG,2140,12,D,XC,YP,D
13:30:01,MYOR,RG,2140,3,D,XC,YP,D
13:30:01,MYOR,RG,2140,1,D,XC,YP,D
13:30:01,MYOR,RG,2140,1,D,XC,YP,D
11:29:43,MYOR,RG,2140,1,D,YP,YP,D
11:29:41,MYOR,RG,2140,29,D,NI,YP,D
11:29:41,MYOR,RG,2140,16,D,NI,YP,D
11:29:41,MYOR,RG,2140,3,D,NI,LG,D
11:29:41,MYOR,RG,2140,15,D,NI,LG,D
11:29:41,MYOR,RG,2140,4,D,NI,SQ,D
11:27:17,MYOR,RG,2130,2,D,NI,KK,D
11:26:56,MYOR,RG,2130,2,D,NI,XC,D
11:26:48,MYOR,RG,2130,5,D,NI,YP,D
11:26:15,MYOR,RG,2140,6,D,NI,SQ,D
11:26:15,MYOR,RG,2140,2,D,NI,NI,D
11:23:15,MYOR,RG,2140,5,D,PD,NI,D
11:22:52,MYOR,RG,2140,1,D,XC,NI,D
11:21:12,MYOR,RG,2140,17,D,NI,NI,D
11:21:12,MYOR,RG,2140,12,D,NI,PD,D
11:20:52,MYOR,RG,2140,3,D,XL,PD,D
11:20:08,MYOR,RG,2130,1,D,NI,YP,D
11:20:08,MYOR,RG,2130,3,D,XC,YP,D
11:20:08,MYOR,RG,2130,1,D,DH,YP,D
11:20:08,MYOR,RG,2130,1,D,NI,YP,D
11:20:08,MYOR,RG,2130,4,D,LS,YP,D
11:18:23,MYOR,RG,2130,10,D,LS,PD,D
11:16:15,MYOR,RG,2130,10,D,LS,SQ,D
11:13:06,MYOR,RG,2140,2,D,PD,PD,D
11:11:26,MYOR,RG,2140,1,D,PD,PD,D
11:10:55,MYOR,RG,2140,1,D,XL,PD,D
11:10:50,MYOR,RG,2140,2,D,XC,PD,D
11:07:44,MYOR,RG,2140,59,D,YP,PD,D
11:07:44,MYOR,RG,2140,3,D,YP,YP,D
11:07:44,MYOR,RG,2140,3,D,YP,PD,D
11:07:44,MYOR,RG,2140,1,D,YP,PD,D
11:07:44,MYOR,RG,2140,3,D,YP,XC,D
11:07:44,MYOR,RG,2140,3,D,YP,NI,D
11:07:44,MYOR,RG,2140,12,D,YP,XC,D
11:07:44,MYOR,RG,2140,15,D,YP,PC,D
11:07:44,MYOR,RG,2140,5,D,YP,XC,D
11:07:44,MYOR,RG,2140,5,D,YP,DR,D
11:07:44,MYOR,RG,2140,2,D,YP,PD,D
11:07:44,MYOR,RG,2140,2,D,YP,YP,D
11:07:44,MYOR,RG,2140,100,D,YP,YP,D
11:07:05,MYOR,RG,2140,1,D,NI,YP,D
11:01:03,MYOR,RG,2140,5,D,CC,YP,D
10:59:44,MYOR,RG,2140,5,D,YP,YP,D
10:59:39,MYOR,RG,2140,10,D,YP,YP,D
10:58:36,MYOR,RG,2140,5,D,NI,YP,D
10:56:46,MYOR,RG,2140,48,D,NI,YP,D
10:55:26,MYOR,RG,2140,5,D,CC,YP,D
10:46:10,MYOR,RG,2140,1,D,XC,YP,D
10:44:51,MYOR,RG,2140,9,D,NI,YP,D
10:44:22,MYOR,RG,2140,1,D,XC,YP,D
10:43:37,MYOR,RG,2140,7,D,PD,YP,D
10:43:32,MYOR,RG,2130,21,D,LS,CC,D
10:42:40,MYOR,RG,2140,1,D,XL,YP,D
10:41:55,MYOR,RG,2130,40,D,LS,PD,D
10:40:57,MYOR,RG,2130,1,D,LS,XC,D
10:38:00,MYOR,RG,2130,14,D,LS,PD,D
10:38:00,MYOR,RG,2130,1,D,NI,PD,D
10:37:13,MYOR,RG,2130,7,D,NI,XC,D
10:35:32,MYOR,RG,2130,7,D,NI,EP,D
10:34:23,MYOR,RG,2130,4,D,NI,PD,D
10:34:23,MYOR,RG,2130,16,D,DR,PD,D
10:32:23,MYOR,RG,2130,4,D,DR,XC,D
10:29:24,MYOR,RG,2130,6,D,DR,OD,D
10:28:47,MYOR,RG,2130,1,D,DR,XC,D
10:25:00,MYOR,RG,2130,27,D,DR,CC,D
10:23:42,MYOR,RG,2130,3,D,DR,XC,D
10:21:55,MYOR,RG,2130,1,D,DR,NI,D
10:21:55,MYOR,RG,2130,150,D,DR,CC,D
10:21:55,MYOR,RG,2130,27,D,DR,PD,D
10:20:00,MYOR,RG,2120,20,D,CP,NI,D
10:18:56,MYOR,RG,2130,2,D,XC,PD,D
10:18:56,MYOR,RG,2130,17,D,NI,PD,D
10:15:44,MYOR,RG,2130,2,D,NI,XC,D
10:14:16,MYOR,RG,2130,1,D,YP,XC,D
10:13:55,MYOR,RG,2120,2,D,CP,XC,D
10:11:27,MYOR,RG,2120,10,D,CP,XL,D
10:09:20,MYOR,RG,2120,50,D,CP,CC,D
10:09:20,MYOR,RG,2120,5,D,CP,XC,D
10:09:20,MYOR,RG,2120,3,D,CP,PD,D
10:08:19,MYOR,RG,2120,5,D,YP,PD,D
10:08:19,MYOR,RG,2120,20,D,YP,DH,D
10:08:05,MYOR,RG,2120,1,D,XL,DH,D
10:07:52,MYOR,RG,2110,1,D,NI,CC,D
10:07:52,MYOR,RG,2110,6,D,NI,CC,D
10:07:37,MYOR,RG,2110,3,D,NI,CC,D
10:07:37,MYOR,RG,2110,1,D,YP,CC,D
10:07:37,MYOR,RG,2110,10,D,YP,CC,D
10:07:37,MYOR,RG,2110,30,D,HD,CC,D
10:07:37,MYOR,RG,2110,1,D,PD,CC,D
10:07:37,MYOR,RG,2110,5,D,KK,CC,D
10:07:12,MYOR,RG,2110,5,D,YP,CC,D
10:07:12,MYOR,RG,2110,1,D,XC,CC,D
10:07:12,MYOR,RG,2110,5,D,XL,CC,D
10:07:12,MYOR,RG,2110,8,D,PD,CC,D
10:06:21,MYOR,RG,2110,2,D,PD,CC,D
10:06:21,MYOR,RG,2110,2,D,PD,CC,D
10:06:21,MYOR,RG,2110,1,D,YP,CC,D
10:06:21,MYOR,RG,2110,2,D,XC,CC,D
10:06:21,MYOR,RG,2110,2,D,PD,CC,D
10:06:21,MYOR,RG,2110,13,D,XC,CC,D
10:06:00,MYOR,RG,2110,7,D,XC,SQ,D
10:06:00,MYOR,RG,2110,1,D,YP,SQ,D
10:06:00,MYOR,RG,2110,1,D,CC,SQ,D
10:05:25,MYOR,RG,2120,2,D,KK,DH,D
10:05:25,MYOR,RG,2120,1,D,XC,DH,D
10:03:02,MYOR,RG,2120,1,D,XC,DH,D
10:02:25,MYOR,RG,2120,2,D,KK,DH,D
10:01:42,MYOR,RG,2120,9,D,NI,DH,D
10:01:30,MYOR,RG,2120,1,D,PD,DH,D
10:01:02,MYOR,RG,2120,10,D,YP,DH,D
10:01:02,MYOR,RG,2120,5,D,XC,DH,D
10:01:02,MYOR,RG,2120,3,D,PD,DH,D
10:01:02,MYOR,RG,2120,1,D,CC,DH,D
10:01:02,MYOR,RG,2120,1,D,XC,DH,D
10:01:02,MYOR,RG,2120,3,D,XC,DH,D
10:01:02,MYOR,RG,2120,2,D,PD,DH,D
10:01:02,MYOR,RG,2120,3,D,XC,DH,D
10:01:02,MYOR,RG,2120,3,D,XC,DH,D
10:01:02,MYOR,RG,2120,4,D,XC,DH,D
10:01:02,MYOR,RG,2120,25,D,XC,DH,D
10:01:02,MYOR,RG,2120,1,D,PD,DH,D
10:01:02,MYOR,RG,2120,1,D,NI,DH,D
10:00:52,MYOR,RG,2130,1,D,PD,SQ,D
10:00:38,MYOR,RG,2130,50,D,CC,SQ,D
9:59:00,MYOR,RG,2130,1,D,XC,SQ,D
9:58:59,MYOR,RG,2130,1,D,PD,SQ,D
9:58:08,MYOR,RG,2130,2,D,PD,SQ,D
9:58:08,MYOR,RG,2130,16,D,NI,SQ,D
9:57:04,MYOR,RG,2130,3,D,NI,XC,D
9:57:04,MYOR,RG,2130,4,D,OD,XC,D
9:54:25,MYOR,RG,2130,1,D,KK,PD,D
9:54:25,MYOR,RG,2130,5,D,KK,PD,D
9:54:09,MYOR,RG,2130,2,D,XC,KK,D
9:54:09,MYOR,RG,2130,1,D,XC,NI,D
9:54:06,MYOR,RG,2120,7,D,NI,XC,D
9:51:45,MYOR,RG,2120,1,D,NI,CC,D
9:50:13,MYOR,RG,2120,1,D,KK,NI,D
9:50:13,MYOR,RG,2120,7,D,KK,XC,D
9:49:26,MYOR,RG,2120,35,D,KK,XC,D
9:46:24,MYOR,RG,2120,1,D,PD,XC,D
9:46:16,MYOR,RG,2120,3,D,ZP,XC,D
9:45:00,MYOR,RG,2120,3,D,PD,XC,D
9:44:59,MYOR,RG,2110,1,D,CC,YP,D
9:44:59,MYOR,RG,2110,5,D,CC,YP,D
9:44:59,MYOR,RG,2110,5,D,CC,YP,D
9:44:59,MYOR,RG,2110,1,D,PD,YP,D
9:44:59,MYOR,RG,2110,20,D,PD,YP,D
9:44:59,MYOR,RG,2110,1,D,CP,YP,D
9:44:45,MYOR,RG,2120,5,D,XC,XC,D
9:44:07,MYOR,RG,2120,2,D,KK,XC,D
9:44:07,MYOR,RG,2120,1,D,NI,XC,D
9:44:07,MYOR,RG,2120,20,D,KK,XC,D
9:44:07,MYOR,RG,2120,4,D,SQ,XC,D
9:44:07,MYOR,RG,2120,3,D,KK,XC,D
9:44:07,MYOR,RG,2120,5,D,XC,XC,D
9:44:07,MYOR,RG,2120,5,D,NI,XC,D
9:44:07,MYOR,RG,2120,19,D,NI,XC,D
9:44:07,MYOR,RG,2120,1,D,PD,XC,D
9:44:07,MYOR,RG,2120,40,D,YP,XC,D
9:43:41,MYOR,RG,2130,5,D,NI,NI,D
9:43:40,MYOR,RG,2120,25,D,YP,YP,D
9:43:40,MYOR,RG,2120,15,D,XC,YP,D
9:43:40,MYOR,RG,2120,2,D,YP,YP,D
9:43:40,MYOR,RG,2120,10,D,YP,YP,D
9:43:40,MYOR,RG,2120,100,D,XC,YP,D
9:43:40,MYOR,RG,2120,1,D,PD,YP,D
9:43:40,MYOR,RG,2120,5,D,YP,YP,D
9:43:40,MYOR,RG,2120,20,D,NI,YP,D
9:43:40,MYOR,RG,2120,1,D,XC,YP,D
9:43:40,MYOR,RG,2120,3,D,KK,YP,D
9:43:40,MYOR,RG,2120,7,D,DR,YP,D
9:43:40,MYOR,RG,2120,1,D,PD,YP,D
9:43:40,MYOR,RG,2120,5,D,YP,YP,D
9:43:40,MYOR,RG,2120,50,D,CC,YP,D
9:43:40,MYOR,RG,2120,1,D,CC,YP,D
9:43:40,MYOR,RG,2120,57,D,XL,YP,D
9:42:53,MYOR,RG,2120,5,D,XL,YP,D
9:42:42,MYOR,RG,2120,2,D,XL,XC,D
9:40:50,MYOR,RG,2120,7,D,XL,YP,D
9:40:50,MYOR,RG,2120,3,D,PD,YP,D
9:40:50,MYOR,RG,2120,1,D,YP,YP,D
9:40:50,MYOR,RG,2120,1,D,PD,YP,D
9:40:50,MYOR,RG,2120,1,D,XC,YP,D
9:40:50,MYOR,RG,2120,2,D,XC,YP,D
9:40:41,MYOR,RG,2120,1,D,XC,OD,D
9:40:35,MYOR,RG,2120,5,D,XC,XC,D
9:40:13,MYOR,RG,2120,39,D,XC,OD,D
9:40:13,MYOR,RG,2120,1,D,XC,OD,D
9:40:13,MYOR,RG,2120,1,D,PD,OD,D
9:40:13,MYOR,RG,2120,1,D,YP,OD,D
9:40:13,MYOR,RG,2120,8,D,YP,OD,D
9:39:00,MYOR,RG,2130,1,D,CC,NI,D
9:39:00,MYOR,RG,2130,8,D,SQ,NI,D
9:38:22,MYOR,RG,2130,2,D,SQ,XC,D
9:38:22,MYOR,RG,2130,2,D,KK,XC,D
9:36:19,MYOR,RG,2130,1,D,NI,PD,D
9:34:26,MYOR,RG,2130,1,D,NI,NI,D
9:34:26,MYOR,RG,2130,11,D,NI,BK,F
9:34:26,MYOR,RG,2130,6,D,NI,YP,D
9:34:22,MYOR,RG,2130,1,D,YP,XC,D
9:34:12,MYOR,RG,2130,1,D,YP,XC,D
9:34:03,MYOR,RG,2130,2,D,SQ,CC,D
9:34:03,MYOR,RG,2130,1,D,SQ,XL,D
9:34:03,MYOR,RG,2130,97,D,SQ,PD,D
9:34:01,MYOR,RG,2130,3,D,YP,PD,D
9:34:01,MYOR,RG,2130,2,D,YP,PD,D
9:33:47,MYOR,RG,2130,10,D,YP,PD,D
9:33:16,MYOR,RG,2130,5,D,XC,PD,D
9:31:31,MYOR,RG,2130,4,D,XC,PD,D
9:31:20,MYOR,RG,2120,34,D,YP,PD,D
9:31:20,MYOR,RG,2120,26,D,XC,PD,D
9:30:52,MYOR,RG,2130,1,D,XC,PD,D
9:30:47,MYOR,RG,2130,6,D,XL,PD,D
9:30:03,MYOR,RG,2130,1,D,PD,PD,D
9:30:03,MYOR,RG,2130,2,D,PD,PD,D
9:30:00,MYOR,RG,2130,1,D,PD,PD,D
9:28:41,MYOR,RG,2130,1,D,PD,PD,D
9:28:18,MYOR,RG,2130,1,D,NI,PD,D
9:28:17,MYOR,RG,2130,2,D,AT,PD,D
9:28:17,MYOR,RG,2130,4,D,PD,PD,D
9:28:17,MYOR,RG,2130,10,D,PD,PD,D
9:25:41,MYOR,RG,2130,10,D,PD,XC,D
9:25:41,MYOR,RG,2130,1,D,YP,XC,D
9:24:36,MYOR,RG,2130,4,D,YP,BK,F
9:24:36,MYOR,RG,2130,1,D,PD,BK,F
9:24:36,MYOR,RG,2130,1,D,PD,BK,F
9:24:36,MYOR,RG,2130,2,D,PD,BK,F
9:24:26,MYOR,RG,2130,8,D,PD,CC,D
9:24:26,MYOR,RG,2130,1,D,XC,CC,D
9:24:26,MYOR,RG,2130,1,D,PD,CC,D
9:22:33,MYOR,RG,2130,16,D,NI,EP,D
9:19:50,MYOR,RG,2130,3,D,NI,NI,D
9:19:50,MYOR,RG,2130,2,D,PD,NI,D
9:19:23,MYOR,RG,2130,2,D,PD,XC,D
9:18:13,MYOR,RG,2140,2,D,XC,YP,D
9:17:12,MYOR,RG,2140,19,D,NI,BK,F
9:15:34,MYOR,RG,2130,1,F,BK,XC,D
9:15:34,MYOR,RG,2130,1,F,BK,XC,D
9:15:34,MYOR,RG,2130,5,F,BK,XC,D
9:15:34,MYOR,RG,2130,6,F,BK,KK,D
9:15:34,MYOR,RG,2130,9,F,BK,XC,D
9:15:34,MYOR,RG,2130,5,F,BK,XC,D
9:15:33,MYOR,RG,2130,47,D,YP,XC,D
9:15:33,MYOR,RG,2130,5,D,YP,XC,D
9:15:33,MYOR,RG,2130,29,D,YP,YP,D
9:15:33,MYOR,RG,2130,1,D,YP,XL,D
9:15:33,MYOR,RG,2130,6,D,YP,OD,D
9:15:24,MYOR,RG,2130,5,D,ZP,OD,D
9:14:53,MYOR,RG,2130,5,D,PD,OD,D
9:14:39,MYOR,RG,2130,22,D,PD,OD,D
9:14:04,MYOR,RG,2130,1,D,KK,OD,D
9:13:59,MYOR,RG,2120,22,D,XC,NI,D
9:12:13,MYOR,RG,2130,1,D,PD,OD,D
9:11:25,MYOR,RG,2120,1,D,XC,PD,D
9:11:25,MYOR,RG,2120,2,D,XC,XC,D
9:11:03,MYOR,RG,2120,1,D,XC,XL,D
9:10:37,MYOR,RG,2120,2,D,XC,XC,D
9:09:16,MYOR,RG,2120,2,D,XC,YP,D
9:09:16,MYOR,RG,2120,1,D,CC,YP,D
9:08:32,MYOR,RG,2120,1,D,YP,XA,D
9:08:32,MYOR,RG,2120,10,D,YB,XA,D
9:08:32,MYOR,RG,2120,7,D,GR,XA,D
9:08:28,MYOR,RG,2120,8,D,GR,PD,D
9:08:24,MYOR,RG,2120,2,D,GR,XC,D
9:08:02,MYOR,RG,2120,2,D,GR,YP,D
9:05:43,MYOR,RG,2130,1,D,XC,OD,D
9:05:40,MYOR,RG,2120,6,D,GR,XC,D
9:05:11,MYOR,RG,2130,5,D,YP,OD,D
9:05:10,MYOR,RG,2130,50,D,CC,OD,D
9:04:55,MYOR,RG,2130,1,D,YP,OD,D
9:04:55,MYOR,RG,2130,1,D,CC,OD,D
9:04:55,MYOR,RG,2130,2,D,PD,OD,D
9:04:30,MYOR,RG,2140,6,D,NI,XC,D
9:04:23,MYOR,RG,2150,3,D,PD,YP,D
9:04:23,MYOR,RG,2140,2,D,PD,XC,D
9:04:01,MYOR,RG,2140,1,D,EP,XC,D
9:04:01,MYOR,RG,2140,1,D,XC,XC,D
9:04:01,MYOR,RG,2140,3,D,PD,XC,D
9:04:01,MYOR,RG,2140,1,D,YP,XC,D
9:04:01,MYOR,RG,2140,10,D,PD,XC,D
9:04:01,MYOR,RG,2140,2,D,PD,XC,D
9:04:01,MYOR,RG,2140,3,D,PD,XC,D
9:03:51,MYOR,RG,2150,4,D,XL,YP,D
9:03:32,MYOR,RG,2150,1,D,EP,YP,D
9:03:29,MYOR,RG,2150,10,D,YU,YP,D
9:03:11,MYOR,RG,2150,1,D,CC,YP,D
9:03:11,MYOR,RG,2150,3,D,YP,YP,D
9:00:42,MYOR,RG,2150,3,D,YP,YP,D
9:00:38,MYOR,RG,2150,1,D,YP,YP,D
9:00:38,MYOR,RG,2150,10,D,YP,PD,D
9:00:38,MYOR,RG,2150,1,D,YP,XL,D
9:00:38,MYOR,RG,2150,2,D,YP,CC,D
9:00:35,MYOR,RG,2150,2,D,YP,CC,D
9:00:29,MYOR,RG,2150,1,D,CC,CC,D
9:00:21,MYOR,RG,2150,5,D,YP,KK,D
9:00:20,MYOR,RG,2150,1,D,CC,KK,D
9:00:14,MYOR,RG,2150,2,D,PD,KK,D
9:00:11,MYOR,RG,2150,1,D,PD,KK,D
9:00:09,MYOR,RG,2150,1,D,XL,KK,D
9:00:08,MYOR,RG,2150,3,D,PD,KK,D
9:00:08,MYOR,RG,2150,1,D,PD,KK,D
9:00:07,MYOR,RG,2150,1,D,XC,KK,D
9:00:07,MYOR,RG,2150,1,D,CC,KK,D
9:00:06,MYOR,RG,2150,2,D,PD,KK,D
9:00:06,MYOR,RG,2150,1,D,PD,KK,D
9:00:06,MYOR,RG,2150,3,D,CC,KK,D
9:00:06,MYOR,RG,2150,1,D,XC,KK,D
9:00:06,MYOR,RG,2150,1,D,AT,KK,D
9:00:06,MYOR,RG,2150,23,D,OD,KK,D
9:00:06,MYOR,RG,2150,1,D,XC,KK,D
9:00:06,MYOR,RG,2150,2,D,XC,KK,D