Time,Stock,Brd,Price,Qty,BT,BC,SC,ST
15:03:47,MYOR,RG,2340,1,F,AK,AZ,D
15:03:46,MYOR,RG,2340,20,D,BQ,AZ,D
15:03:36,MYOR,RG,2340,1,F,AK,AZ,D
15:03:36,MYOR,RG,2340,7,D,XL,AZ,D
15:02:20,MYOR,RG,2340,1,D,BQ,AZ,D
15:01:29,MYOR,RG,2340,9,D,CC,AZ,D
15:01:03,MYOR,RG,2340,2,F,AK,AZ,D
15:00:00,MYOR,RG,2340,1,D,PD,AZ,D
15:00:00,MYOR,RG,2340,30,D,YB,AZ,D
15:00:00,MYOR,RG,2340,1,D,PD,XC,D
15:00:00,MYOR,RG,2340,1,D,PD,XC,D
15:00:00,MYOR,RG,2340,1,D,PD,EP,D
15:00:00,MYOR,RG,2340,2,D,PD,PD,D
15:00:00,MYOR,RG,2340,22,F,ZP,PD,D
15:00:00,MYOR,RG,2340,10,F,ZP,NI,D
15:00:00,MYOR,RG,2340,17,F,ZP,CC,D
15:00:00,MYOR,RG,2340,22,F,AK,CC,D
15:00:00,MYOR,RG,2340,22,F,AK,CP,D
15:00:00,MYOR,RG,2340,23,F,YU,CP,D
15:00:00,MYOR,RG,2340,2,F,YU,KK,D
15:00:00,MYOR,RG,2340,2,F,YU,AK,F
15:00:00,MYOR,RG,2340,13,F,YU,DX,D
15:00:00,MYOR,RG,2340,2,F,AK,DX,D
15:00:00,MYOR,RG,2340,2,F,AK,DX,D
15:00:00,MYOR,RG,2340,8,F,AK,DX,D
15:00:00,MYOR,RG,2340,4,F,AK,BK,F
15:00:00,MYOR,RG,2340,3,F,AK,BK,F
15:00:00,MYOR,RG,2340,1,F,AK,BK,F
15:00:00,MYOR,RG,2340,14,F,AK,BK,F
15:00:00,MYOR,RG,2340,1,F,AK,BK,F
14:49:57,MYOR,RG,2340,4,F,ZP,CC,D
14:49:57,MYOR,RG,2340,3,F,ZP,CC,D
14:49:52,MYOR,RG,2340,3,F,ZP,CC,D
14:49:51,MYOR,RG,2340,12,F,ZP,CC,D
14:49:46,MYOR,RG,2340,12,F,ZP,CC,D
14:49:46,MYOR,RG,2340,1,F,AK,CC,D
14:49:37,MYOR,RG,2340,8,F,ZP,CC,D
14:49:25,MYOR,RG,2340,56,F,ZP,CC,D
14:49:00,MYOR,RG,2340,12,D,AK,CC,D
14:49:00,MYOR,RG,2340,4,D,AK,CC,D
14:49:00,MYOR,RG,2340,4,D,AK,CC,D
14:49:00,MYOR,RG,2340,2,D,AK,CC,D
14:49:00,MYOR,RG,2340,1,D,AK,XC,D
14:49:00,MYOR,RG,2340,3,D,AK,KK,D
14:49:00,MYOR,RG,2340,8,D,AK,PD,D
14:48:09,MYOR,RG,2320,9,D,BQ,KZ,D
14:48:04,MYOR,RG,2330,2,F,AK,KZ,D
14:48:04,MYOR,RG,2330,45,F,ZP,KZ,D
14:48:04,MYOR,RG,2330,54,F,AK,KZ,D
14:48:04,MYOR,RG,2330,8,D,AK,KZ,D
14:48:04,MYOR,RG,2330,3,F,AK,KZ,D
14:48:04,MYOR,RG,2330,1,F,AK,KZ,D
14:48:04,MYOR,RG,2330,26,D,AK,KZ,D
14:48:04,MYOR,RG,2330,17,F,AK,KZ,D
14:48:04,MYOR,RG,2330,153,D,BQ,KZ,D
14:48:00,MYOR,RG,2340,3,F,AK,PD,D
14:48:00,MYOR,RG,2340,1,F,AK,XC,D
14:48:00,MYOR,RG,2340,2,F,AK,KK,D
14:48:00,MYOR,RG,2340,1,F,AK,XC,D
14:48:00,MYOR,RG,2330,57,D,BQ,BK,F
14:48:00,MYOR,RG,2330,51,F,ZP,BK,F
14:48:00,MYOR,RG,2330,60,D,BQ,BK,F
14:47:55,MYOR,RG,2330,4,D,BQ,DR,D
14:47:51,MYOR,RG,2330,1,D,BQ,DR,D
14:47:49,MYOR,RG,2330,2,D,BQ,DR,D
14:47:40,MYOR,RG,2330,5,D,BQ,DR,D
14:47:10,MYOR,RG,2330,5,D,BQ,GR,D
14:47:04,MYOR,RG,2330,107,D,BQ,AK,F
14:47:04,MYOR,RG,2330,6,D,BQ,DR,D
14:47:04,MYOR,RG,2330,1,D,BQ,BK,F
14:47:04,MYOR,RG,2330,7,D,BQ,AK,F
14:47:04,MYOR,RG,2330,3,D,BQ,AK,F
14:47:04,MYOR,RG,2330,89,D,BQ,KZ,D
14:46:54,MYOR,RG,2330,1,F,AK,KZ,D
14:46:54,MYOR,RG,2330,5,F,AK,KZ,D
14:46:54,MYOR,RG,2330,1,F,AK,KZ,D
14:46:54,MYOR,RG,2330,18,D,AK,KZ,D
14:46:54,MYOR,RG,2330,16,F,AK,KZ,D
14:46:54,MYOR,RG,2330,5,F,AK,KZ,D
14:46:54,MYOR,RG,2330,77,D,AK,KZ,D
14:46:54,MYOR,RG,2330,17,F,ZP,KZ,D
14:46:54,MYOR,RG,2330,45,F,AK,KZ,D
14:46:54,MYOR,RG,2330,75,D,BQ,KZ,D
14:46:51,MYOR,RG,2330,116,D,BQ,CC,D
14:45:15,MYOR,RG,2330,3,D,BQ,CS,D
14:45:15,MYOR,RG,2330,23,D,BQ,AK,F
14:45:15,MYOR,RG,2330,182,D,BQ,BK,F
14:45:15,MYOR,RG,2330,41,D,BQ,CS,D
14:44:40,MYOR,RG,2310,4,D,AK,CC,D
14:44:40,MYOR,RG,2310,5,F,AK,CC,D
14:44:40,MYOR,RG,2310,6,F,AK,CC,D
14:44:40,MYOR,RG,2310,18,D,AK,CC,D
14:44:40,MYOR,RG,2310,5,F,AK,CC,D
14:44:40,MYOR,RG,2310,33,F,AK,CC,D
14:44:40,MYOR,RG,2320,86,F,CC,CC,D
14:44:40,MYOR,RG,2320,2,D,PD,CC,D
14:44:40,MYOR,RG,2320,32,F,ZP,CC,D
14:44:40,MYOR,RG,2320,48,D,BQ,CC,D
14:44:40,MYOR,RG,2320,3,F,AK,CC,D
14:44:40,MYOR,RG,2320,10,F,AK,CC,D
14:44:40,MYOR,RG,2320,55,D,AK,CC,D
14:44:40,MYOR,RG,2320,36,D,AK,CC,D
14:44:40,MYOR,RG,2320,28,D,BQ,CC,D
14:44:40,MYOR,RG,2320,8,F,AK,CC,D
14:44:40,MYOR,RG,2320,35,F,ZP,CC,D
14:44:40,MYOR,RG,2320,116,F,AK,CC,D
14:44:40,MYOR,RG,2320,281,D,BQ,CC,D
14:44:05,MYOR,RG,2320,21,D,BQ,DR,D
14:44:04,MYOR,RG,2330,3,D,BQ,CS,D
14:44:04,MYOR,RG,2330,26,D,BQ,GR,D
14:44:04,MYOR,RG,2330,282,D,BQ,CC,D
14:44:04,MYOR,RG,2330,4,D,BQ,DR,D
14:43:52,MYOR,RG,2330,6,D,BQ,DR,D
14:43:52,MYOR,RG,2330,41,D,BQ,KZ,D
14:43:52,MYOR,RG,2330,1,D,BQ,KK,D
14:43:45,MYOR,RG,2330,17,D,BQ,KK,D
14:43:45,MYOR,RG,2330,1,D,BQ,XC,D
14:43:45,MYOR,RG,2330,10,D,BQ,KZ,D
14:43:08,MYOR,RG,2320,41,D,BQ,CS,D
14:43:08,MYOR,RG,2320,73,D,BQ,CS,D
14:43:08,MYOR,RG,2320,1,D,BQ,BK,F
14:43:08,MYOR,RG,2320,108,D,BQ,BK,F
14:43:01,MYOR,RG,2320,126,D,BQ,BK,F
14:43:01,MYOR,RG,2320,591,D,BQ,KZ,D
14:43:01,MYOR,RG,2320,8,D,BQ,DR,D
14:42:50,MYOR,RG,2310,60,F,AK,YP,D
14:42:50,MYOR,RG,2310,6,F,ZP,YP,D
14:42:30,MYOR,RG,2310,15,F,ZP,LG,D
14:42:27,MYOR,RG,2320,1,F,AK,DR,D
14:42:27,MYOR,RG,2310,20,F,ZP,LG,D
14:42:10,MYOR,RG,2320,17,F,AK,DR,D
14:42:01,MYOR,RG,2310,5,D,AZ,CC,D
14:42:01,MYOR,RG,2310,2,D,XL,CC,D
14:42:01,MYOR,RG,2310,36,F,AK,CC,D
14:42:01,MYOR,RG,2310,13,D,AK,CC,D
14:42:01,MYOR,RG,2310,27,D,AK,CC,D
14:42:01,MYOR,RG,2310,25,D,AK,CC,D
14:42:01,MYOR,RG,2310,11,D,AK,CC,D
14:42:01,MYOR,RG,2310,22,D,AK,CC,D
14:42:01,MYOR,RG,2310,27,D,AK,CC,D
14:42:01,MYOR,RG,2310,39,D,AK,CC,D
14:42:01,MYOR,RG,2310,11,D,AK,CC,D
14:42:01,MYOR,RG,2310,33,D,AK,CC,D
14:42:01,MYOR,RG,2310,47,D,AK,CC,D
14:42:01,MYOR,RG,2310,10,D,AK,CC,D
14:42:01,MYOR,RG,2310,4,D,AK,CC,D
14:42:01,MYOR,RG,2310,10,D,AK,CC,D
14:42:01,MYOR,RG,2310,8,D,AK,CC,D
14:42:01,MYOR,RG,2310,4,D,AK,CC,D
14:42:01,MYOR,RG,2310,18,D,AK,CC,D
14:42:01,MYOR,RG,2310,5,D,AK,CC,D
14:42:01,MYOR,RG,2310,16,D,AK,CC,D
14:42:01,MYOR,RG,2310,20,D,AK,CC,D
14:42:01,MYOR,RG,2310,1,D,AK,CC,D
14:42:01,MYOR,RG,2310,5,D,AZ,CC,D
14:42:01,MYOR,RG,2310,1,D,AT,CC,D
14:42:01,MYOR,RG,2310,5,D,AZ,CC,D
14:42:01,MYOR,RG,2310,4,D,AK,CC,D
14:42:01,MYOR,RG,2310,2,D,AK,CC,D
14:42:01,MYOR,RG,2310,1,D,AK,CC,D
14:42:01,MYOR,RG,2310,1,D,AK,CC,D
14:42:01,MYOR,RG,2310,2,D,AK,CC,D
14:42:01,MYOR,RG,2310,3,D,AK,CC,D
14:42:01,MYOR,RG,2310,1,D,AK,CC,D
14:42:01,MYOR,RG,2310,3,D,AK,CC,D
14:42:01,MYOR,RG,2310,4,D,AK,CC,D
14:42:01,MYOR,RG,2310,5,F,AK,CC,D
14:42:01,MYOR,RG,2310,18,D,NI,CC,D
14:42:01,MYOR,RG,2310,229,D,BQ,CC,D
14:42:01,MYOR,RG,2310,61,D,BQ,CC,D
14:42:01,MYOR,RG,2310,18,D,BQ,CC,D
14:42:01,MYOR,RG,2310,210,D,BQ,CC,D
14:42:01,MYOR,RG,2310,12,D,BQ,CC,D
14:42:01,MYOR,RG,2310,4,F,AK,CC,D
14:42:01,MYOR,RG,2310,7,F,AK,CC,D
14:42:01,MYOR,RG,2310,1,D,AK,CC,D
14:41:34,MYOR,RG,2320,22,D,AK,CC,D
14:41:34,MYOR,RG,2320,21,D,AK,CC,D
14:41:34,MYOR,RG,2320,1,D,AK,CC,D
14:41:34,MYOR,RG,2320,53,D,AK,CC,D
14:41:34,MYOR,RG,2320,44,D,AK,CC,D
14:41:34,MYOR,RG,2320,91,D,AK,CC,D
14:41:34,MYOR,RG,2320,83,F,ZP,CC,D
14:41:34,MYOR,RG,2320,1,F,ZP,CS,D
14:41:34,MYOR,RG,2320,36,D,AK,CS,D
14:41:34,MYOR,RG,2320,1,D,AK,CS,D
14:41:34,MYOR,RG,2320,26,D,AK,DR,D
14:41:34,MYOR,RG,2320,16,D,AK,KZ,D
14:41:34,MYOR,RG,2320,24,D,AK,KZ,D
14:41:34,MYOR,RG,2320,53,D,AK,BK,F
14:41:34,MYOR,RG,2320,65,D,AK,BK,F
14:41:34,MYOR,RG,2320,47,D,AK,BK,F
14:41:21,MYOR,RG,2320,29,D,BQ,BK,F
14:41:16,MYOR,RG,2320,17,D,BQ,BK,F
14:41:11,MYOR,RG,2320,51,D,BQ,BK,F
14:41:11,MYOR,RG,2320,1,D,BQ,BK,F
14:41:11,MYOR,RG,2320,263,D,BQ,KZ,D
14:41:02,MYOR,RG,2320,289,D,BQ,KZ,D
14:41:02,MYOR,RG,2320,25,D,BQ,CS,D
14:41:02,MYOR,RG,2320,43,D,BQ,CS,D
14:41:02,MYOR,RG,2320,83,D,BQ,CC,D
14:39:04,MYOR,RG,2320,2,D,BQ,CC,D
14:39:02,MYOR,RG,2310,2,D,AK,NI,D
14:39:00,MYOR,RG,2320,8,F,AK,CC,D
14:39:00,MYOR,RG,2320,1,F,AK,CC,D
14:39:00,MYOR,RG,2320,65,D,AK,CC,D
14:39:00,MYOR,RG,2320,95,D,AK,CC,D
14:39:00,MYOR,RG,2320,5,D,BQ,CC,D
14:39:00,MYOR,RG,2320,1,F,AK,CC,D
14:39:00,MYOR,RG,2320,3,D,BQ,CC,D
14:39:00,MYOR,RG,2320,11,F,AK,CC,D
14:39:00,MYOR,RG,2320,40,F,ZP,CC,D
14:39:00,MYOR,RG,2320,12,F,AK,CC,D
14:37:51,MYOR,RG,2310,1,D,AK,YP,D
14:37:51,MYOR,RG,2310,2,D,AK,YP,D
14:37:51,MYOR,RG,2310,1,D,AK,YP,D
14:37:51,MYOR,RG,2310,3,D,AK,YP,D
14:37:51,MYOR,RG,2310,2,D,AK,YP,D
14:37:51,MYOR,RG,2310,3,D,AK,YP,D
14:37:51,MYOR,RG,2310,1,D,AK,YP,D
14:37:51,MYOR,RG,2310,3,D,AK,YP,D
14:37:51,MYOR,RG,2310,1,D,AK,YP,D
14:37:51,MYOR,RG,2320,25,D,BQ,YP,D
14:37:51,MYOR,RG,2320,3,F,ZP,YP,D
14:37:51,MYOR,RG,2320,5,F,AK,YP,D
14:37:41,MYOR,RG,2320,44,F,ZP,BK,F
14:37:41,MYOR,RG,2320,2,F,ZP,LG,D
14:37:38,MYOR,RG,2320,4,D,BQ,LG,D
14:37:38,MYOR,RG,2320,11,D,BQ,CC,D
14:37:26,MYOR,RG,2320,30,F,ZP,CC,D
14:37:26,MYOR,RG,2320,69,D,BQ,CC,D
14:37:26,MYOR,RG,2320,119,D,BQ,CS,D
14:37:26,MYOR,RG,2320,127,D,BQ,BK,F
14:37:22,MYOR,RG,2320,89,D,BQ,BK,F
14:37:22,MYOR,RG,2320,1,D,BQ,BK,F
14:37:22,MYOR,RG,2320,350,D,BQ,KZ,D
14:36:48,MYOR,RG,2320,5,D,PD,KZ,D
14:36:40,MYOR,RG,2320,2,D,XC,KZ,D
14:36:11,MYOR,RG,2310,4,D,AK,LG,D
14:36:11,MYOR,RG,2310,1,D,AK,LG,D
14:36:11,MYOR,RG,2310,5,D,AK,LG,D
14:35:48,MYOR,RG,2310,1,D,AK,XC,D
14:35:31,MYOR,RG,2310,16,D,AK,DR,D
14:35:04,MYOR,RG,2320,9,F,AK,KZ,D
14:35:04,MYOR,RG,2320,2,F,AK,KZ,D
14:35:04,MYOR,RG,2320,46,F,AK,KZ,D
14:35:04,MYOR,RG,2320,41,F,ZP,KZ,D
14:35:04,MYOR,RG,2320,12,F,AK,KZ,D
14:35:04,MYOR,RG,2320,5,F,AK,KZ,D
14:33:21,MYOR,RG,2310,9,D,AK,XL,D
14:33:12,MYOR,RG,2320,119,F,AK,BK,F
14:33:12,MYOR,RG,2320,11,F,AK,DR,D
14:33:05,MYOR,RG,2320,17,D,BQ,DR,D
14:33:00,MYOR,RG,2310,7,D,AK,CC,D
14:33:00,MYOR,RG,2310,73,D,AK,CC,D
14:33:00,MYOR,RG,2310,48,F,AK,CC,D
14:33:00,MYOR,RG,2310,3,D,AK,CC,D
14:33:00,MYOR,RG,2310,3,D,AK,CC,D
14:33:00,MYOR,RG,2310,3,D,AK,CC,D
14:33:00,MYOR,RG,2310,3,D,AK,CC,D
14:33:00,MYOR,RG,2310,2,D,AK,CC,D
14:33:00,MYOR,RG,2310,2,D,AK,CC,D
14:33:00,MYOR,RG,2310,3,D,AK,CC,D
14:33:00,MYOR,RG,2310,1,D,AK,CC,D
14:33:00,MYOR,RG,2310,1,D,AK,CC,D
14:33:00,MYOR,RG,2310,10,D,AK,CC,D
14:33:00,MYOR,RG,2310,6,D,AK,CC,D
14:33:00,MYOR,RG,2310,2,D,AK,CC,D
14:33:00,MYOR,RG,2310,5,D,AK,CC,D
14:33:00,MYOR,RG,2310,7,D,AK,CC,D
14:33:00,MYOR,RG,2310,10,D,AK,CC,D
14:33:00,MYOR,RG,2310,2,D,AK,CC,D
14:33:00,MYOR,RG,2310,8,D,AK,CC,D
14:33:00,MYOR,RG,2310,12,D,AK,CC,D
14:33:00,MYOR,RG,2310,10,D,AZ,CC,D
14:33:00,MYOR,RG,2310,4,F,AK,CC,D
14:33:00,MYOR,RG,2310,100,D,AZ,CC,D
14:33:00,MYOR,RG,2310,327,D,AZ,CC,D
14:33:00,MYOR,RG,2310,314,D,AZ,CC,D
14:33:00,MYOR,RG,2320,12,F,ZP,CC,D
14:32:59,MYOR,RG,2320,20,F,AK,CC,D
14:32:59,MYOR,RG,2320,35,D,BQ,CC,D
14:32:59,MYOR,RG,2320,2,D,BQ,DH,D
14:32:59,MYOR,RG,2320,28,D,BQ,DR,D
14:32:59,MYOR,RG,2320,105,D,BQ,CS,D
14:32:59,MYOR,RG,2320,1,D,BQ,CS,D
14:32:59,MYOR,RG,2320,119,D,BQ,CC,D
14:32:53,MYOR,RG,2320,154,D,BQ,CC,D
14:32:53,MYOR,RG,2320,56,D,BQ,BK,F
14:32:46,MYOR,RG,2320,30,D,BQ,BK,F
14:32:37,MYOR,RG,2320,30,D,BQ,BK,F
14:32:30,MYOR,RG,2320,54,D,BQ,BK,F
14:32:30,MYOR,RG,2320,25,D,BQ,CS,D
14:32:30,MYOR,RG,2320,20,D,BQ,CS,D
14:32:30,MYOR,RG,2320,108,D,BQ,CC,D
14:32:30,MYOR,RG,2320,1,D,BQ,BK,F
14:32:30,MYOR,RG,2320,107,D,BQ,KZ,D
14:32:26,MYOR,RG,2320,82,F,ZP,KZ,D
14:32:26,MYOR,RG,2320,142,D,BQ,KZ,D
14:32:26,MYOR,RG,2320,1,D,BQ,XC,D
14:32:26,MYOR,RG,2320,45,D,BQ,DR,D
14:32:26,MYOR,RG,2320,1,D,BQ,CS,D
14:32:26,MYOR,RG,2320,54,D,BQ,CS,D
14:32:26,MYOR,RG,2320,197,D,BQ,CC,D
14:31:27,MYOR,RG,2310,5,D,AZ,SQ,D
14:31:10,MYOR,RG,2310,14,D,AZ,DR,D
14:30:56,MYOR,RG,2310,6,D,AZ,AZ,D
14:30:26,MYOR,RG,2310,5,D,AZ,XC,D
14:30:26,MYOR,RG,2310,11,D,AZ,XC,D
14:30:26,MYOR,RG,2310,4,D,BQ,XC,D
14:30:26,MYOR,RG,2310,2,D,NI,XC,D
14:30:26,MYOR,RG,2310,1,D,NI,XC,D
14:30:26,MYOR,RG,2310,3,F,AK,XC,D
14:30:26,MYOR,RG,2310,15,D,AZ,XC,D
14:30:26,MYOR,RG,2310,3,F,AK,XC,D
14:30:26,MYOR,RG,2310,1,D,BQ,XC,D
14:29:51,MYOR,RG,2310,14,D,BQ,DR,D
14:29:21,MYOR,RG,2320,1,D,YP,CC,D
14:29:00,MYOR,RG,2320,1,F,AK,CC,D
14:29:00,MYOR,RG,2320,1,F,AK,CC,D
14:29:00,MYOR,RG,2320,22,F,AK,CC,D
14:29:00,MYOR,RG,2320,35,F,ZP,CC,D
14:29:00,MYOR,RG,2320,3,F,AK,CC,D
14:29:00,MYOR,RG,2320,64,D,AK,CC,D
14:29:00,MYOR,RG,2320,87,D,AK,CC,D
14:29:00,MYOR,RG,2320,90,D,AK,CC,D
14:29:00,MYOR,RG,2320,82,F,AK,CC,D
14:28:04,MYOR,RG,2330,7,F,AK,KZ,D
14:27:25,MYOR,RG,2320,15,F,AK,CC,D
14:27:25,MYOR,RG,2320,2,F,AK,CC,D
14:27:25,MYOR,RG,2320,42,D,AK,CC,D
14:27:25,MYOR,RG,2320,88,D,AK,CC,D
14:27:07,MYOR,RG,2330,2,D,IF,KZ,D
14:26:57,MYOR,RG,2320,5,D,AK,XC,D
14:26:29,MYOR,RG,2320,1,D,AK,BK,F
14:26:29,MYOR,RG,2320,11,D,AK,CS,D
14:26:29,MYOR,RG,2320,60,D,AK,CS,D
14:26:29,MYOR,RG,2320,59,D,AK,KZ,D
14:26:29,MYOR,RG,2320,175,F,ZP,KZ,D
14:26:29,MYOR,RG,2320,86,D,AK,KZ,D
14:26:29,MYOR,RG,2320,15,D,AK,LG,D
14:26:29,MYOR,RG,2320,45,D,AK,DR,D
14:26:29,MYOR,RG,2320,7,D,AK,YP,D
14:26:29,MYOR,RG,2320,5,D,AK,KZ,D
14:26:29,MYOR,RG,2320,43,D,AK,KZ,D
14:26:29,MYOR,RG,2320,184,D,AK,KZ,D
14:26:29,MYOR,RG,2320,56,D,AK,KZ,D
14:26:29,MYOR,RG,2320,15,D,AK,LG,D
14:26:29,MYOR,RG,2320,1,D,AK,BK,F
14:26:29,MYOR,RG,2320,78,D,AK,CS,D
14:26:29,MYOR,RG,2320,3,D,AK,BK,F
14:26:29,MYOR,RG,2320,3,D,AK,BK,F
14:26:29,MYOR,RG,2320,87,D,AK,BK,F
14:26:28,MYOR,RG,2320,76,D,AK,BK,F
14:26:28,MYOR,RG,2320,30,D,AK,LG,D
14:26:03,MYOR,RG,2310,27,F,ZP,NI,D
14:26:03,MYOR,RG,2310,8,F,AK,NI,D
14:26:02,MYOR,RG,2310,2,F,AK,DH,D
14:25:10,MYOR,RG,2310,2,F,AK,EP,D
14:24:59,MYOR,RG,2310,10,D,AZ,OD,D
14:19:34,MYOR,RG,2310,1,F,BK,BK,F
14:19:34,MYOR,RG,2310,11,F,BK,DR,D
14:19:34,MYOR,RG,2310,55,F,BK,CS,D
14:19:34,MYOR,RG,2310,75,F,BK,KZ,D
14:19:30,MYOR,RG,2310,26,D,BQ,KZ,D
14:19:27,MYOR,RG,2310,10,D,AZ,KZ,D
14:19:20,MYOR,RG,2310,84,D,BQ,KZ,D
14:19:20,MYOR,RG,2310,231,D,BQ,KZ,D
14:19:17,MYOR,RG,2310,5,D,AZ,KZ,D
14:19:17,MYOR,RG,2300,5,D,YP,SQ,D
14:19:13,MYOR,RG,2310,1,F,AK,KZ,D
14:19:13,MYOR,RG,2310,1,F,AK,KZ,D
14:19:13,MYOR,RG,2310,3,F,AK,KZ,D
14:19:12,MYOR,RG,2310,6,F,AK,KZ,D
14:19:12,MYOR,RG,2310,12,F,AK,KZ,D
14:19:12,MYOR,RG,2310,160,D,BQ,KZ,D
14:19:12,MYOR,RG,2310,187,D,BQ,CC,D
14:19:12,MYOR,RG,2310,46,D,BQ,DR,D
14:19:12,MYOR,RG,2310,4,D,BQ,CS,D
14:19:12,MYOR,RG,2310,1,D,BQ,BK,F
14:19:12,MYOR,RG,2310,42,D,BQ,CC,D
14:19:00,MYOR,RG,2310,4,F,AK,CC,D
14:19:00,MYOR,RG,2310,5,F,AK,CC,D
14:19:00,MYOR,RG,2310,73,F,BK,CC,D
14:19:00,MYOR,RG,2310,5,F,AK,CC,D
14:19:00,MYOR,RG,2310,72,D,AK,CC,D
14:19:00,MYOR,RG,2310,76,F,AK,CC,D
14:19:00,MYOR,RG,2310,16,F,AK,CC,D
14:19:00,MYOR,RG,2310,38,F,CC,CC,D
14:19:00,MYOR,RG,2310,83,D,AK,CC,D
14:19:00,MYOR,RG,2310,10,D,PD,CC,D
14:19:00,MYOR,RG,2310,4,F,AK,CC,D
14:19:00,MYOR,RG,2310,122,F,AK,CC,D
14:19:00,MYOR,RG,2310,17,D,BQ,CC,D
14:19:00,MYOR,RG,2310,10,D,BQ,CC,D
14:19:00,MYOR,RG,2310,9,F,AK,CC,D
14:19:00,MYOR,RG,2310,26,D,BQ,CC,D
14:19:00,MYOR,RG,2310,184,D,BQ,CC,D
14:19:00,MYOR,RG,2310,41,F,ZP,CC,D
14:19:00,MYOR,RG,2310,107,F,BK,CC,D
14:19:00,MYOR,RG,2310,80,F,BK,CC,D
14:19:00,MYOR,RG,2310,251,D,BQ,CC,D
14:18:12,MYOR,RG,2320,28,D,BQ,KZ,D
14:18:10,MYOR,RG,2320,2,D,XL,KZ,D
14:18:08,MYOR,RG,2310,39,D,BQ,BK,F
14:18:08,MYOR,RG,2310,152,F,BK,BK,F
14:18:08,MYOR,RG,2310,13,F,AK,BK,F
14:18:08,MYOR,RG,2310,6,F,AK,BK,F
14:18:08,MYOR,RG,2310,5,F,AK,BK,F
14:18:08,MYOR,RG,2310,8,D,AK,BK,F
14:18:04,MYOR,RG,2320,15,D,BQ,KZ,D
14:17:56,MYOR,RG,2320,187,D,BQ,KZ,D
14:17:56,MYOR,RG,2320,71,D,BQ,CS,D
14:17:56,MYOR,RG,2320,57,D,BQ,CC,D
14:17:50,MYOR,RG,2320,109,D,BQ,CC,D
14:17:50,MYOR,RG,2320,10,D,BQ,LG,D
14:17:50,MYOR,RG,2320,44,D,BQ,CS,D
14:17:50,MYOR,RG,2320,17,D,BQ,CS,D
14:17:50,MYOR,RG,2320,36,D,BQ,DR,D
14:17:50,MYOR,RG,2320,15,D,BQ,LG,D
14:17:50,MYOR,RG,2320,38,D,BQ,CS,D
14:17:50,MYOR,RG,2320,1,D,BQ,BK,F
14:17:50,MYOR,RG,2320,169,D,BQ,BK,F
14:17:50,MYOR,RG,2320,1,D,BQ,KZ,D
14:17:49,MYOR,RG,2320,5,F,AK,KZ,D
14:17:14,MYOR,RG,2320,2,D,AZ,KZ,D
14:16:49,MYOR,RG,2320,10,D,PD,KZ,D
14:15:34,MYOR,RG,2320,1,F,AK,KZ,D
14:15:34,MYOR,RG,2310,14,D,AK,DR,D
14:15:18,MYOR,RG,2320,1,F,AK,KZ,D
14:15:18,MYOR,RG,2310,50,D,AK,YP,D
14:14:14,MYOR,RG,2310,14,D,AK,DR,D
14:13:52,MYOR,RG,2320,10,F,BK,KZ,D
14:13:45,MYOR,RG,2320,4,D,XC,KZ,D
14:13:23,MYOR,RG,2320,1,D,HP,KZ,D
14:12:24,MYOR,RG,2320,10,D,IF,KZ,D
14:12:09,MYOR,RG,2310,7,D,AK,KZ,D
14:12:09,MYOR,RG,2310,17,F,AK,KZ,D
14:12:09,MYOR,RG,2310,4,F,AK,KZ,D
14:12:09,MYOR,RG,2310,30,D,OD,KZ,D
14:12:09,MYOR,RG,2310,79,F,ZP,KZ,D
14:12:09,MYOR,RG,2310,4,F,AK,KZ,D
14:12:09,MYOR,RG,2310,2,D,YP,KZ,D
14:12:09,MYOR,RG,2310,15,D,AZ,KZ,D
14:12:09,MYOR,RG,2310,94,D,AK,KZ,D
14:12:00,MYOR,RG,2310,6,D,AK,CC,D
14:12:00,MYOR,RG,2310,1,D,DR,CC,D
14:12:00,MYOR,RG,2310,4,F,AK,CC,D
14:12:00,MYOR,RG,2310,140,F,BK,CC,D
14:12:00,MYOR,RG,2310,21,F,AK,CC,D
14:12:00,MYOR,RG,2310,21,F,AK,CC,D
14:12:00,MYOR,RG,2310,263,F,BK,CC,D
14:12:00,MYOR,RG,2310,307,F,BK,CC,D
14:12:00,MYOR,RG,2310,239,F,BK,CC,D
14:12:00,MYOR,RG,2310,28,F,AK,CC,D
14:12:00,MYOR,RG,2310,4,D,AZ,CC,D
14:12:00,MYOR,RG,2310,4,F,AK,CC,D
14:12:00,MYOR,RG,2310,65,D,AK,CC,D
14:10:53,MYOR,RG,2310,13,D,AK,PD,D
14:10:52,MYOR,RG,2320,1,D,KK,KZ,D
14:09:51,MYOR,RG,2320,4,F,AK,KZ,D
14:09:51,MYOR,RG,2320,1,F,AK,KZ,D
14:09:51,MYOR,RG,2320,18,F,AK,KZ,D
14:09:50,MYOR,RG,2320,38,F,ZP,KZ,D
14:09:50,MYOR,RG,2320,25,F,ZP,LG,D
14:09:50,MYOR,RG,2320,6,F,ZP,DR,D
14:09:50,MYOR,RG,2320,29,F,ZP,DR,D
14:09:32,MYOR,RG,2320,1,D,YP,CS,D
14:09:00,MYOR,RG,2320,1,D,YP,CS,D
14:08:41,MYOR,RG,2320,8,F,AK,CS,D
14:08:41,MYOR,RG,2310,16,D,AK,TP,D
14:07:50,MYOR,RG,2310,38,D,AK,DR,D
14:07:37,MYOR,RG,2310,23,D,AK,CC,D
14:07:37,MYOR,RG,2310,38,F,BK,CC,D
14:07:37,MYOR,RG,2310,39,F,AK,CC,D
14:07:37,MYOR,RG,2310,1,F,AK,CC,D
14:07:21,MYOR,RG,2320,1,D,AZ,CS,D
14:06:45,MYOR,RG,2310,2,F,AK,XC,D
14:06:45,MYOR,RG,2310,1,F,AK,XC,D
14:06:41,MYOR,RG,2310,4,F,AK,CS,D
14:06:41,MYOR,RG,2310,14,D,AK,CS,D
14:06:41,MYOR,RG,2310,16,D,AK,CS,D
14:06:41,MYOR,RG,2310,4,D,AK,CS,D
14:06:41,MYOR,RG,2310,53,D,AK,KZ,D
14:06:41,MYOR,RG,2310,43,D,AK,KZ,D
14:06:40,MYOR,RG,2310,184,D,AK,KZ,D
14:06:40,MYOR,RG,2310,3,D,AK,KZ,D
14:06:40,MYOR,RG,2310,106,D,AK,KZ,D
14:06:40,MYOR,RG,2310,42,D,AK,KZ,D
14:06:40,MYOR,RG,2310,51,F,AK,KZ,D
14:06:40,MYOR,RG,2310,2,D,AK,OD,D
14:06:40,MYOR,RG,2310,1,D,AK,BK,F
14:06:40,MYOR,RG,2310,9,D,AK,CS,D
14:06:40,MYOR,RG,2310,37,D,AK,CS,D
14:06:40,MYOR,RG,2310,11,D,AK,CS,D
14:06:40,MYOR,RG,2310,34,D,AK,KZ,D
14:06:40,MYOR,RG,2310,158,D,AK,KZ,D
14:06:40,MYOR,RG,2310,153,D,AK,KZ,D
14:06:40,MYOR,RG,2310,111,D,AK,KZ,D
14:06:40,MYOR,RG,2310,1,D,AK,BK,F
14:06:40,MYOR,RG,2310,18,D,AK,DR,D
14:06:26,MYOR,RG,2310,2,F,AK,DR,D
14:06:26,MYOR,RG,2300,43,D,PD,DR,D
14:06:16,MYOR,RG,2300,14,D,PD,YP,D
14:05:57,MYOR,RG,2300,2,D,PD,CP,D
14:05:51,MYOR,RG,2300,2,D,PD,NI,D
14:05:15,MYOR,RG,2300,1,D,PD,YP,D
14:05:13,MYOR,RG,2310,1,D,KK,DR,D
14:04:19,MYOR,RG,2300,138,D,PD,BK,F
14:04:19,MYOR,RG,2300,1,D,DR,BK,F
14:04:19,MYOR,RG,2300,1,D,NI,BK,F
14:04:19,MYOR,RG,2300,3,D,XC,BK,F
14:04:19,MYOR,RG,2300,3,D,XA,BK,F
14:04:19,MYOR,RG,2300,10,D,YP,BK,F
14:04:19,MYOR,RG,2300,1,D,YP,BK,F
14:04:19,MYOR,RG,2300,1,D,XL,BK,F
14:04:19,MYOR,RG,2300,5,D,XC,BK,F
14:04:19,MYOR,RG,2300,1,D,XC,BK,F
14:04:19,MYOR,RG,2300,1,D,LG,BK,F
14:04:19,MYOR,RG,2300,2,D,YP,BK,F
14:04:19,MYOR,RG,2300,5,D,AZ,BK,F
14:04:19,MYOR,RG,2300,10,D,LG,BK,F
14:04:19,MYOR,RG,2300,8,D,SQ,BK,F
14:04:19,MYOR,RG,2300,100,D,YP,BK,F
14:04:19,MYOR,RG,2300,10,D,CP,BK,F
14:04:19,MYOR,RG,2300,6,D,XC,BK,F
14:04:19,MYOR,RG,2300,25,D,LG,BK,F
14:04:19,MYOR,RG,2300,13,D,XL,BK,F
14:04:04,MYOR,RG,2310,3,D,XC,AK,F
14:04:04,MYOR,RG,2310,4,F,AK,AK,F
14:04:04,MYOR,RG,2310,3,D,XC,AK,F
14:04:04,MYOR,RG,2310,85,D,AK,AK,F
14:04:04,MYOR,RG,2310,4,F,ZP,KZ,D
14:04:04,MYOR,RG,2310,3,D,XC,KZ,D
14:04:04,MYOR,RG,2310,3,F,AK,KZ,D
14:04:04,MYOR,RG,2310,125,F,CC,KZ,D
14:04:04,MYOR,RG,2310,68,F,ZP,KZ,D
14:04:04,MYOR,RG,2310,3,F,AK,KZ,D
14:04:04,MYOR,RG,2310,4,F,AK,KZ,D
14:04:04,MYOR,RG,2310,3,D,PD,KZ,D
14:04:04,MYOR,RG,2310,3,F,AK,KZ,D
14:04:04,MYOR,RG,2310,25,D,AZ,KZ,D
14:04:04,MYOR,RG,2310,25,D,AZ,KZ,D
14:04:04,MYOR,RG,2310,25,D,AZ,KZ,D
14:04:04,MYOR,RG,2310,3,D,AZ,KZ,D
14:04:04,MYOR,RG,2310,5,D,PD,KZ,D
14:04:04,MYOR,RG,2310,3,D,XL,KZ,D
14:04:04,MYOR,RG,2310,1,D,XA,KZ,D
14:04:04,MYOR,RG,2310,17,F,ZP,KZ,D
14:04:04,MYOR,RG,2310,1,D,XL,KZ,D
14:04:04,MYOR,RG,2310,19,D,YP,KZ,D
14:04:04,MYOR,RG,2310,2,D,PD,KZ,D
14:04:04,MYOR,RG,2310,10,D,PD,KZ,D
14:04:04,MYOR,RG,2310,11,D,HP,KZ,D
14:04:04,MYOR,RG,2310,51,D,BQ,KZ,D
14:04:00,MYOR,RG,2310,95,D,BQ,CS,D
14:04:00,MYOR,RG,2310,100,D,BQ,CC,D
14:04:00,MYOR,RG,2310,189,D,BQ,CC,D
14:04:00,MYOR,RG,2310,30,D,BQ,CC,D
14:04:00,MYOR,RG,2310,96,D,BQ,CC,D
14:04:00,MYOR,RG,2310,219,D,BQ,CC,D
14:04:00,MYOR,RG,2310,17,D,BQ,CC,D
14:04:00,MYOR,RG,2310,20,D,AI,CC,D
14:04:00,MYOR,RG,2310,20,D,AI,CC,D
14:04:00,MYOR,RG,2310,244,F,IF,CC,D
14:04:00,MYOR,RG,2310,284,F,IF,CC,D
14:03:04,MYOR,RG,2310,1,F,IF,BK,F
14:02:45,MYOR,RG,2310,2,F,IF,PD,D
14:01:13,MYOR,RG,2310,50,F,IF,CP,D
14:01:08,MYOR,RG,2310,1,F,IF,DR,D
14:01:07,MYOR,RG,2310,1,F,IF,DR,D
14:01:00,MYOR,RG,2310,50,F,IF,CP,D
13:59:52,MYOR,RG,2310,13,F,IF,DR,D
13:59:25,MYOR,RG,2310,2,F,IF,XL,D
13:59:00,MYOR,RG,2320,85,F,ZP,CC,D
13:59:00,MYOR,RG,2320,131,D,AK,CC,D
13:59:00,MYOR,RG,2320,3,F,AK,CC,D
13:59:00,MYOR,RG,2320,50,D,PD,CC,D
13:59:00,MYOR,RG,2320,41,D,AK,CC,D
13:59:00,MYOR,RG,2320,60,D,AK,CC,D
13:59:00,MYOR,RG,2320,3,F,AK,CC,D
13:59:00,MYOR,RG,2320,20,D,AZ,CC,D
13:59:00,MYOR,RG,2320,30,D,BQ,CC,D
13:59:00,MYOR,RG,2320,17,D,BQ,CC,D
13:59:00,MYOR,RG,2320,34,F,ZP,CC,D
13:59:00,MYOR,RG,2320,162,D,BQ,CC,D
13:58:39,MYOR,RG,2320,153,D,BQ,KZ,D
13:58:39,MYOR,RG,2320,5,D,AZ,KZ,D
13:58:39,MYOR,RG,2320,3,F,AK,KZ,D
13:58:39,MYOR,RG,2320,3,F,AK,KZ,D
13:58:39,MYOR,RG,2320,104,D,AK,KZ,D
13:58:39,MYOR,RG,2320,21,F,ZP,KZ,D
13:58:39,MYOR,RG,2320,147,D,BQ,KZ,D
13:58:39,MYOR,RG,2320,13,D,BQ,DR,D
13:58:38,MYOR,RG,2320,50,D,BQ,YP,D
13:58:11,MYOR,RG,2330,3,D,IF,KZ,D
13:57:48,MYOR,RG,2320,133,D,BQ,CS,D
13:57:28,MYOR,RG,2330,1,D,DR,KZ,D
13:56:31,MYOR,RG,2320,34,D,BQ,NI,D
13:56:20,MYOR,RG,2320,13,D,BQ,XL,D
13:54:12,MYOR,RG,2320,50,D,BQ,CC,D
13:52:46,MYOR,RG,2320,1,D,AK,CS,D
13:52:46,MYOR,RG,2320,106,D,AK,KZ,D
13:52:46,MYOR,RG,2320,29,D,AK,KZ,D
13:52:46,MYOR,RG,2320,65,D,AK,KZ,D
13:52:46,MYOR,RG,2320,98,D,AK,KZ,D
13:52:46,MYOR,RG,2320,1,D,AK,BK,F
13:52:46,MYOR,RG,2320,11,D,AK,CC,D
13:52:46,MYOR,RG,2320,128,D,AK,CC,D
13:52:46,MYOR,RG,2320,30,D,AK,CC,D
13:52:46,MYOR,RG,2320,61,D,AK,CC,D
13:52:46,MYOR,RG,2320,2,D,AK,CC,D
13:52:46,MYOR,RG,2320,22,D,AK,CC,D
13:52:46,MYOR,RG,2320,52,D,AK,DR,D
13:52:46,MYOR,RG,2320,38,D,AK,DR,D
13:52:46,MYOR,RG,2320,52,D,AK,CC,D
13:52:29,MYOR,RG,2310,9,F,IF,XL,D
13:51:21,MYOR,RG,2310,4,F,IF,DR,D
13:50:20,MYOR,RG,2320,2,D,KK,CC,D
13:50:10,MYOR,RG,2320,3,D,KK,CC,D
13:50:07,MYOR,RG,2320,1,D,NI,CC,D
13:50:03,MYOR,RG,2320,1,D,KK,CC,D
13:50:00,MYOR,RG,2320,31,F,ZP,CC,D
13:50:00,MYOR,RG,2320,6,F,ZP,CS,D
13:50:00,MYOR,RG,2320,6,F,ZP,CC,D
13:50:00,MYOR,RG,2320,3,F,AK,CC,D
13:50:00,MYOR,RG,2320,25,D,AZ,CC,D
13:50:00,MYOR,RG,2320,30,D,BQ,CC,D
13:50:00,MYOR,RG,2320,17,D,BQ,CC,D
13:50:00,MYOR,RG,2320,190,F,BK,CC,D
13:50:00,MYOR,RG,2320,117,D,BQ,CC,D
13:50:00,MYOR,RG,2320,198,D,BQ,CC,D
13:50:00,MYOR,RG,2320,45,F,ZP,CC,D
13:50:00,MYOR,RG,2320,97,D,BQ,CC,D
13:50:00,MYOR,RG,2320,343,D,BQ,CC,D
13:50:00,MYOR,RG,2320,3,F,AK,CC,D
13:50:00,MYOR,RG,2320,29,F,AK,CC,D
13:49:32,MYOR,RG,2320,35,F,AK,DR,D
13:49:00,MYOR,RG,2320,25,F,AK,AZ,D
13:48:54,MYOR,RG,2320,17,F,AK,KZ,D
13:48:54,MYOR,RG,2320,193,D,AK,KZ,D
13:48:54,MYOR,RG,2320,62,F,ZP,KZ,D
13:48:54,MYOR,RG,2320,3,F,AK,KZ,D
13:48:54,MYOR,RG,2320,11,F,AK,KZ,D
13:48:49,MYOR,RG,2320,25,D,AZ,AK,F
13:48:49,MYOR,RG,2320,1,D,DR,AK,F
13:48:49,MYOR,RG,2320,95,D,AK,AK,F
13:48:49,MYOR,RG,2320,3,F,AK,AK,F
13:48:49,MYOR,RG,2320,38,F,ZP,AK,F
13:48:49,MYOR,RG,2320,290,D,BQ,AK,F
13:48:49,MYOR,RG,2320,11,D,BQ,AK,F
13:48:49,MYOR,RG,2320,6,D,BQ,AK,F
13:48:49,MYOR,RG,2320,194,D,BQ,KZ,D
13:48:49,MYOR,RG,2320,1,D,YP,KZ,D
13:48:49,MYOR,RG,2320,2,F,AK,KZ,D
13:48:49,MYOR,RG,2320,25,D,AZ,KZ,D
13:48:49,MYOR,RG,2320,2,F,AK,KZ,D
13:48:49,MYOR,RG,2320,25,F,ZP,KZ,D
13:48:49,MYOR,RG,2320,99,D,AK,KZ,D
13:48:49,MYOR,RG,2320,19,D,BQ,KZ,D
13:48:49,MYOR,RG,2320,79,F,BK,KZ,D
13:48:48,MYOR,RG,2320,99,F,BK,CS,D
13:48:30,MYOR,RG,2330,3,F,AK,KZ,D
13:46:51,MYOR,RG,2320,5,F,BK,PD,D
13:46:00,MYOR,RG,2320,199,F,BK,CC,D
13:46:00,MYOR,RG,2320,11,D,BQ,CC,D
13:46:00,MYOR,RG,2320,48,D,YP,CC,D
13:45:25,MYOR,RG,2330,10,D,AZ,KZ,D
13:43:52,MYOR,RG,2330,13,D,XC,KZ,D
13:43:52,MYOR,RG,2330,17,D,XC,KZ,D
13:42:49,MYOR,RG,2330,1,D,PD,KZ,D
13:41:58,MYOR,RG,2330,25,D,AZ,KZ,D
13:41:01,MYOR,RG,2330,12,D,AZ,KZ,D
13:41:01,MYOR,RG,2330,5,D,AZ,DR,D
13:41:01,MYOR,RG,2330,2,D,AZ,XC,D
13:41:01,MYOR,RG,2330,6,D,AZ,CS,D
13:40:35,MYOR,RG,2330,7,D,AZ,CS,D
13:40:35,MYOR,RG,2330,18,D,AZ,CS,D
13:39:13,MYOR,RG,2320,2,D,YP,AZ,D
13:38:43,MYOR,RG,2320,24,F,BK,CS,D
13:38:43,MYOR,RG,2320,1,F,BK,BK,F
13:38:43,MYOR,RG,2320,24,F,BK,DR,D
13:38:40,MYOR,RG,2320,5,D,XL,DR,D
13:38:39,MYOR,RG,2320,25,D,AZ,DR,D
13:38:29,MYOR,RG,2320,19,D,BQ,DR,D
13:38:25,MYOR,RG,2320,6,D,BQ,DR,D
13:38:25,MYOR,RG,2320,5,D,BQ,KZ,D
13:38:24,MYOR,RG,2310,192,F,IF,KZ,D
13:38:19,MYOR,RG,2320,210,D,BQ,KZ,D
13:38:14,MYOR,RG,2320,152,D,BQ,KZ,D
13:38:14,MYOR,RG,2320,76,D,BQ,KZ,D
13:38:14,MYOR,RG,2320,1,D,BQ,BK,F
13:38:14,MYOR,RG,2320,37,D,BQ,DR,D
13:38:14,MYOR,RG,2320,24,D,BQ,CC,D
13:38:00,MYOR,RG,2320,2,F,AK,CC,D
13:38:00,MYOR,RG,2320,4,F,CC,CC,D
13:38:00,MYOR,RG,2320,2,F,AK,CC,D
13:38:00,MYOR,RG,2320,55,F,ZP,CC,D
13:38:00,MYOR,RG,2320,108,D,AK,CC,D
13:38:00,MYOR,RG,2320,2,F,AK,CC,D
13:38:00,MYOR,RG,2320,2,F,AK,CC,D
13:38:00,MYOR,RG,2320,91,D,AK,CC,D
13:38:00,MYOR,RG,2320,3,D,AK,CC,D
13:38:00,MYOR,RG,2320,193,F,ZP,CC,D
13:38:00,MYOR,RG,2320,1,D,XL,CC,D
13:38:00,MYOR,RG,2320,182,D,BQ,CC,D
13:38:00,MYOR,RG,2320,253,D,BQ,CC,D
13:38:00,MYOR,RG,2320,30,D,BQ,CC,D
13:38:00,MYOR,RG,2320,75,D,BQ,CC,D
13:36:39,MYOR,RG,2320,1,D,BQ,CC,D
13:36:04,MYOR,RG,2320,227,D,BQ,KZ,D
13:35:48,MYOR,RG,2320,4,D,BQ,DR,D
13:34:43,MYOR,RG,2320,5,D,BQ,PD,D
13:33:55,MYOR,RG,2320,3,D,BQ,DR,D
13:33:55,MYOR,RG,2320,17,D,BQ,DR,D
13:33:55,MYOR,RG,2320,7,F,ZP,DR,D
13:33:00,MYOR,RG,2330,3,F,AK,CC,D
13:33:00,MYOR,RG,2330,3,F,AK,CC,D
13:33:00,MYOR,RG,2330,109,F,AK,CC,D
13:33:00,MYOR,RG,2330,4,F,AK,CC,D
13:33:00,MYOR,RG,2330,10,D,CC,CC,D
13:33:00,MYOR,RG,2330,10,D,CC,CC,D
13:33:00,MYOR,RG,2330,91,D,AK,CC,D
13:33:00,MYOR,RG,2330,1,D,XL,CC,D
13:33:00,MYOR,RG,2330,1,D,PD,CC,D
13:33:00,MYOR,RG,2330,2,D,EP,CC,D
13:33:00,MYOR,RG,2330,3,D,PD,CC,D
13:33:00,MYOR,RG,2330,22,D,PD,CC,D
13:33:00,MYOR,RG,2330,5,D,LG,CC,D
13:33:00,MYOR,RG,2330,5,D,LG,CC,D
13:33:00,MYOR,RG,2330,22,F,ZP,CC,D
13:33:00,MYOR,RG,2330,17,D,BQ,CC,D
13:33:00,MYOR,RG,2330,33,F,ZP,CC,D
13:33:00,MYOR,RG,2330,203,D,BQ,CC,D
13:33:00,MYOR,RG,2330,112,D,BQ,CC,D
13:33:00,MYOR,RG,2330,30,D,BQ,CC,D
13:33:00,MYOR,RG,2330,180,D,BQ,CC,D
13:30:26,MYOR,RG,2340,2,D,XC,CC,D
13:30:05,MYOR,RG,2340,1,D,XL,CC,D
13:30:04,MYOR,RG,2340,3,D,CC,CC,D
13:30:04,MYOR,RG,2340,10,F,AK,CC,D
13:30:04,MYOR,RG,2340,59,D,AK,CC,D
13:30:04,MYOR,RG,2340,19,D,AK,CS,D
13:30:04,MYOR,RG,2340,26,D,AK,CS,D
13:30:04,MYOR,RG,2340,3,D,AK,XL,D
13:30:04,MYOR,RG,2340,29,D,AK,CS,D
13:30:04,MYOR,RG,2340,82,D,AK,KZ,D
13:30:02,MYOR,RG,2340,1,D,XC,KZ,D
13:30:02,MYOR,RG,2340,2,D,AK,KZ,D
13:30:02,MYOR,RG,2340,1,D,AK,KZ,D
13:30:01,MYOR,RG,2340,1,D,PD,KZ,D
13:30:01,MYOR,RG,2330,60,D,BQ,PD,D
13:30:01,MYOR,RG,2330,1,D,BQ,XC,D
13:30:01,MYOR,RG,2330,2,D,BQ,PD,D
13:30:01,MYOR,RG,2340,2,D,EP,KZ,D
13:30:01,MYOR,RG,2340,2,D,EP,KZ,D
13:30:01,MYOR,RG,2330,8,D,BQ,YB,D
11:29:45,MYOR,RG,2340,12,D,AK,KZ,D
11:29:45,MYOR,RG,2340,7,D,AK,KZ,D
11:29:35,MYOR,RG,2340,6,D,AK,KZ,D
11:29:09,MYOR,RG,2340,2,F,AK,KZ,D
11:28:54,MYOR,RG,2340,1,F,AK,KZ,D
11:28:15,MYOR,RG,2340,83,D,AK,KZ,D
11:27:54,MYOR,RG,2340,3,F,AK,KZ,D
11:27:45,MYOR,RG,2340,15,D,AK,KZ,D
11:27:45,MYOR,RG,2340,9,D,AK,KZ,D
11:27:45,MYOR,RG,2340,14,D,AK,NI,D
11:27:00,MYOR,RG,2340,16,D,AK,NI,D
11:27:00,MYOR,RG,2340,15,D,AK,DH,D
11:27:00,MYOR,RG,2340,20,D,AK,DH,D
11:26:39,MYOR,RG,2340,5,F,AK,DH,D
11:26:39,MYOR,RG,2340,1,F,AK,LG,D
11:26:15,MYOR,RG,2330,180,D,BQ,KZ,D
11:25:54,MYOR,RG,2340,3,F,AK,LG,D
11:25:24,MYOR,RG,2340,3,F,AK,LG,D
11:23:35,MYOR,RG,2330,1,D,BQ,KK,D
11:21:33,MYOR,RG,2330,1,D,BQ,PD,D
11:20:44,MYOR,RG,2330,2,D,BQ,PD,D
11:18:58,MYOR,RG,2330,8,F,ZP,CS,D
11:18:58,MYOR,RG,2330,10,D,AZ,CS,D
11:18:58,MYOR,RG,2330,5,D,AZ,DX,D
11:18:58,MYOR,RG,2330,17,D,AZ,LG,D
11:18:58,MYOR,RG,2330,10,D,AZ,BK,F
11:18:58,MYOR,RG,2330,17,D,AZ,LG,D
11:18:58,MYOR,RG,2330,32,D,AZ,CS,D
11:18:58,MYOR,RG,2330,38,D,AZ,CS,D
11:18:58,MYOR,RG,2330,10,D,AZ,KZ,D
11:18:58,MYOR,RG,2330,7,D,AZ,XC,D
11:18:58,MYOR,RG,2330,7,D,AZ,PD,D
11:18:58,MYOR,RG,2330,25,D,AZ,DH,D
11:18:58,MYOR,RG,2330,1,D,AZ,XC,D
11:18:58,MYOR,RG,2330,50,D,AZ,KZ,D
11:18:58,MYOR,RG,2330,17,D,AZ,LG,D
11:18:58,MYOR,RG,2330,4,D,AZ,CC,D
11:17:58,MYOR,RG,2320,7,D,BQ,CS,D
11:17:58,MYOR,RG,2320,4,D,BQ,CS,D
11:17:58,MYOR,RG,2320,6,D,BQ,LG,D
11:17:58,MYOR,RG,2320,10,D,BQ,LG,D
11:17:58,MYOR,RG,2320,26,D,BQ,CS,D
11:17:58,MYOR,RG,2320,203,D,BQ,BK,F
11:17:58,MYOR,RG,2320,179,D,BQ,CC,D
11:17:52,MYOR,RG,2320,4,D,PD,CC,D
11:17:48,MYOR,RG,2310,16,F,IF,BK,F
11:17:47,MYOR,RG,2320,89,F,BK,CC,D
11:17:47,MYOR,RG,2320,89,F,BK,CC,D
11:17:47,MYOR,RG,2320,43,F,ZP,CC,D
11:17:47,MYOR,RG,2320,89,F,BK,CC,D
11:17:47,MYOR,RG,2320,18,D,YP,CC,D
11:17:47,MYOR,RG,2320,32,D,YP,CC,D
11:17:40,MYOR,RG,2320,30,D,BQ,CC,D
11:17:34,MYOR,RG,2320,176,D,BQ,CC,D
11:17:34,MYOR,RG,2320,139,D,BQ,CC,D
11:17:30,MYOR,RG,2320,17,D,BQ,CC,D
11:17:16,MYOR,RG,2310,25,F,IF,OD,D
11:16:55,MYOR,RG,2310,1,F,IF,CC,D
11:16:41,MYOR,RG,2320,374,D,AZ,CC,D
11:16:41,MYOR,RG,2320,34,D,AZ,CS,D
11:16:41,MYOR,RG,2320,226,D,AZ,KZ,D
11:16:30,MYOR,RG,2320,8,F,BK,KZ,D
11:16:30,MYOR,RG,2320,10,F,AK,KZ,D
11:16:15,MYOR,RG,2320,2,F,AK,AK,F
11:16:15,MYOR,RG,2320,237,F,BK,AK,F
11:16:00,MYOR,RG,2320,71,F,BK,CC,D
11:16:00,MYOR,RG,2320,373,D,AK,CC,D
11:16:00,MYOR,RG,2320,35,F,ZP,CC,D
11:16:00,MYOR,RG,2320,7,F,AK,CC,D
11:16:00,MYOR,RG,2320,16,F,ZP,CC,D
11:16:00,MYOR,RG,2320,3,F,AK,CC,D
11:16:00,MYOR,RG,2320,36,F,ZP,CC,D
11:16:00,MYOR,RG,2320,33,D,AK,CC,D
11:14:15,MYOR,RG,2320,64,D,AK,KZ,D
11:14:15,MYOR,RG,2320,97,D,AK,KZ,D
11:14:15,MYOR,RG,2320,122,F,BK,KZ,D
11:12:47,MYOR,RG,2320,2,F,BK,KK,D
11:12:15,MYOR,RG,2320,4,F,BK,KZ,D
11:12:15,MYOR,RG,2320,3,F,AK,KZ,D
11:12:15,MYOR,RG,2320,119,F,AK,KZ,D
11:12:15,MYOR,RG,2320,44,F,ZP,KZ,D
11:12:15,MYOR,RG,2320,53,F,CC,KZ,D
11:11:39,MYOR,RG,2330,1,F,AK,CC,D
11:11:39,MYOR,RG,2330,2,F,AK,SQ,D
11:08:28,MYOR,RG,2330,4,D,XL,GR,D
11:07:51,MYOR,RG,2330,8,F,ZP,GR,D
11:07:51,MYOR,RG,2320,10,F,ZP,CS,D
11:07:51,MYOR,RG,2320,5,F,ZP,CS,D
11:07:51,MYOR,RG,2320,5,F,ZP,SQ,D
11:07:16,MYOR,RG,2320,3,D,XC,SQ,D
11:06:09,MYOR,RG,2320,2,F,AK,SQ,D
11:05:59,MYOR,RG,2310,13,F,IF,CS,D
11:05:59,MYOR,RG,2310,3,F,IF,CS,D
11:05:59,MYOR,RG,2310,13,F,IF,CS,D
11:05:59,MYOR,RG,2310,148,F,IF,KZ,D
11:05:59,MYOR,RG,2310,171,F,IF,KZ,D
11:05:59,MYOR,RG,2310,17,F,IF,CS,D
11:04:28,MYOR,RG,2300,10,D,AK,PD,D
11:02:34,MYOR,RG,2320,3,F,ZP,AK,F
11:02:34,MYOR,RG,2320,3,F,ZP,KZ,D
11:02:34,MYOR,RG,2320,11,F,ZP,LG,D
11:02:34,MYOR,RG,2320,13,F,ZP,XC,D
11:02:34,MYOR,RG,2310,1,F,ZP,CC,D
11:01:42,MYOR,RG,2320,2,D,RO,XC,D
11:01:42,MYOR,RG,2320,5,D,RO,YP,D
11:01:42,MYOR,RG,2320,2,D,RO,CS,D
11:00:23,MYOR,RG,2320,3,D,KK,CS,D
11:00:23,MYOR,RG,2320,1,D,KK,CS,D
11:00:07,MYOR,RG,2320,5,D,XL,CS,D
10:59:59,MYOR,RG,2310,11,F,ZP,CS,D
10:59:59,MYOR,RG,2310,3,F,ZP,CS,D
10:59:59,MYOR,RG,2310,9,D,MG,CS,D
10:59:59,MYOR,RG,2310,2,D,MG,CS,D
10:59:59,MYOR,RG,2310,52,D,MG,KZ,D
10:59:59,MYOR,RG,2310,7,D,MG,KZ,D
10:59:59,MYOR,RG,2310,2,D,MG,CS,D
10:59:59,MYOR,RG,2310,28,D,MG,CS,D
10:59:12,MYOR,RG,2300,42,D,AK,DR,D
10:59:05,MYOR,RG,2310,4,D,AZ,CS,D
10:58:17,MYOR,RG,2300,20,F,AK,CS,D
10:58:17,MYOR,RG,2300,17,F,AK,LG,D
10:58:17,MYOR,RG,2300,182,F,AK,KZ,D
10:58:17,MYOR,RG,2300,527,F,AK,CC,D
10:58:17,MYOR,RG,2300,229,F,AK,CC,D
10:58:17,MYOR,RG,2300,2,F,AK,CC,D
10:58:17,MYOR,RG,2300,145,D,AK,CC,D
10:58:17,MYOR,RG,2300,98,D,AK,CC,D
10:58:16,MYOR,RG,2300,157,D,AK,CC,D
10:58:16,MYOR,RG,2300,144,D,AK,CC,D
10:58:16,MYOR,RG,2300,4,D,AK,CS,D
10:58:16,MYOR,RG,2300,8,D,AK,CS,D
10:58:16,MYOR,RG,2300,22,D,AK,DR,D
10:58:16,MYOR,RG,2300,70,D,AK,DR,D
10:58:16,MYOR,RG,2300,4,D,AK,DR,D
10:57:01,MYOR,RG,2300,30,F,AK,CC,D
10:57:01,MYOR,RG,2300,2,D,XC,CC,D
10:57:01,MYOR,RG,2300,5,F,AK,CC,D
10:57:01,MYOR,RG,2300,1,D,YP,CC,D
10:57:01,MYOR,RG,2300,8,D,YP,CC,D
10:57:01,MYOR,RG,2300,1,D,PD,CC,D
10:57:01,MYOR,RG,2300,1,D,AZ,CC,D
10:57:01,MYOR,RG,2300,10,D,XL,CC,D
10:57:01,MYOR,RG,2300,10,D,GR,CC,D
10:57:01,MYOR,RG,2300,1,F,ZP,CC,D
10:57:01,MYOR,RG,2300,1,D,YP,CC,D
10:57:01,MYOR,RG,2300,1,D,PD,CC,D
10:57:01,MYOR,RG,2300,2,D,AT,CC,D
10:57:01,MYOR,RG,2300,2,D,KK,CC,D
10:57:01,MYOR,RG,2300,1,D,GR,CC,D
10:57:01,MYOR,RG,2300,5,D,PD,CC,D
10:57:01,MYOR,RG,2300,10,D,DR,CC,D
10:57:01,MYOR,RG,2300,10,D,LG,CC,D
10:57:01,MYOR,RG,2300,10,D,KK,CC,D
10:57:01,MYOR,RG,2300,2,D,AZ,CC,D
10:57:01,MYOR,RG,2300,3,D,XC,CC,D
10:57:01,MYOR,RG,2300,5,D,CC,CC,D
10:57:01,MYOR,RG,2300,20,D,HP,CC,D
10:57:01,MYOR,RG,2300,1,D,XC,CC,D
10:57:01,MYOR,RG,2300,1,D,PD,CC,D
10:57:01,MYOR,RG,2300,5,D,EP,CC,D
10:57:01,MYOR,RG,2300,3,D,GR,CC,D
10:57:01,MYOR,RG,2300,2,D,XC,CC,D
10:57:01,MYOR,RG,2300,2,D,TF,CC,D
10:57:01,MYOR,RG,2300,5,D,TF,CC,D
10:57:01,MYOR,RG,2300,25,D,LG,CC,D
10:57:01,MYOR,RG,2300,1,D,PD,CC,D
10:57:01,MYOR,RG,2300,1,D,CC,CC,D
10:57:01,MYOR,RG,2300,1,D,CC,CC,D
10:57:01,MYOR,RG,2300,2,D,XC,CC,D
10:57:01,MYOR,RG,2300,5,D,PD,CC,D
10:57:01,MYOR,RG,2300,1,D,LG,CC,D
10:57:01,MYOR,RG,2300,5,D,HP,CC,D
10:57:01,MYOR,RG,2300,2,D,EP,CC,D
10:57:01,MYOR,RG,2300,10,D,CP,CC,D
10:57:00,MYOR,RG,2310,153,D,AK,CC,D
10:57:00,MYOR,RG,2310,17,D,AK,CC,D
10:57:00,MYOR,RG,2310,4,F,AK,CC,D
10:57:00,MYOR,RG,2310,5,D,AK,CC,D
10:57:00,MYOR,RG,2310,10,D,DR,CC,D
10:57:00,MYOR,RG,2310,2,F,AK,CC,D
10:57:00,MYOR,RG,2310,1,D,AK,CC,D
10:57:00,MYOR,RG,2310,1,D,AK,CC,D
10:57:00,MYOR,RG,2310,104,D,AK,CC,D
10:57:00,MYOR,RG,2310,1,D,XC,CC,D
10:57:00,MYOR,RG,2310,1,D,XC,CC,D
10:57:00,MYOR,RG,2310,5,D,XL,CC,D
10:57:00,MYOR,RG,2310,7,F,ZP,CC,D
10:57:00,MYOR,RG,2310,18,F,ZP,CC,D
10:55:26,MYOR,RG,2310,25,F,ZP,OD,D
10:54:43,MYOR,RG,2310,11,D,AK,CS,D
10:54:43,MYOR,RG,2310,11,D,AK,DR,D
10:54:43,MYOR,RG,2310,1,D,AK,DR,D
10:54:43,MYOR,RG,2310,2,F,AK,DR,D
10:54:43,MYOR,RG,2310,33,D,AK,DR,D
10:53:30,MYOR,RG,2310,72,D,AK,KZ,D
10:53:30,MYOR,RG,2310,5,D,NI,KZ,D
10:53:30,MYOR,RG,2310,50,D,DR,KZ,D
10:53:30,MYOR,RG,2310,6,D,AK,KZ,D
10:53:30,MYOR,RG,2310,1,D,AK,KZ,D
10:53:30,MYOR,RG,2310,42,F,ZP,KZ,D
10:52:00,MYOR,RG,2310,1,D,AK,CS,D
10:52:00,MYOR,RG,2310,15,D,AK,CS,D
10:52:00,MYOR,RG,2310,43,D,AK,CC,D
10:52:00,MYOR,RG,2310,150,D,AK,CC,D
10:52:00,MYOR,RG,2310,99,D,AK,CC,D
10:52:00,MYOR,RG,2310,127,D,AK,CC,D
10:52:00,MYOR,RG,2310,15,D,AK,CC,D
10:52:00,MYOR,RG,2310,1,D,AK,CC,D
10:52:00,MYOR,RG,2310,21,D,NI,CC,D
10:52:00,MYOR,RG,2310,24,F,CC,CC,D
10:52:00,MYOR,RG,2310,2,D,AK,CC,D
10:52:00,MYOR,RG,2310,1,D,AK,CC,D
10:52:00,MYOR,RG,2310,5,D,AK,CC,D
10:52:00,MYOR,RG,2310,4,D,AK,CC,D
10:52:00,MYOR,RG,2310,10,F,AK,CC,D
10:52:00,MYOR,RG,2310,2,D,AK,CC,D
10:52:00,MYOR,RG,2310,10,D,XL,CC,D
10:52:00,MYOR,RG,2310,12,D,AK,CC,D
10:51:55,MYOR,RG,2310,26,D,AK,KZ,D
10:51:11,MYOR,RG,2310,36,D,AK,AK,F
10:51:10,MYOR,RG,2310,29,D,AK,AK,F
10:51:10,MYOR,RG,2310,40,F,ZP,AK,F
10:51:10,MYOR,RG,2310,5,D,AK,AK,F
10:51:10,MYOR,RG,2310,3,D,AK,AK,F
10:51:10,MYOR,RG,2310,23,D,AK,AK,F
10:51:10,MYOR,RG,2310,93,D,AK,KZ,D
10:51:10,MYOR,RG,2310,1,D,AK,KZ,D
10:51:10,MYOR,RG,2310,1,D,AK,KZ,D
10:51:10,MYOR,RG,2310,3,F,AK,KZ,D
10:51:10,MYOR,RG,2310,1,D,AK,KZ,D
10:51:10,MYOR,RG,2310,1,D,AK,KZ,D
10:51:10,MYOR,RG,2310,43,F,ZP,KZ,D
10:50:49,MYOR,RG,2310,1,F,ZP,NI,D
10:50:11,MYOR,RG,2310,4,D,PD,BQ,D
10:49:19,MYOR,RG,2310,1,D,PD,AK,F
10:49:19,MYOR,RG,2310,12,D,AK,AK,F
10:49:19,MYOR,RG,2320,1,D,XC,CS,D
10:49:19,MYOR,RG,2320,2,D,XC,YP,D
10:47:46,MYOR,RG,2320,5,D,YP,YP,D
10:47:25,MYOR,RG,2310,86,D,AK,KZ,D
10:47:25,MYOR,RG,2310,2,D,XC,KZ,D
10:47:25,MYOR,RG,2310,2,D,AK,KZ,D
10:47:25,MYOR,RG,2310,18,F,ZP,KZ,D
10:47:25,MYOR,RG,2310,1,D,AK,KZ,D
10:47:25,MYOR,RG,2310,39,D,AK,KZ,D
10:47:15,MYOR,RG,2320,5,D,YP,KZ,D
10:47:11,MYOR,RG,2310,24,D,AK,YP,D
10:46:55,MYOR,RG,2310,43,D,AK,KZ,D
10:46:55,MYOR,RG,2310,1,D,AK,KZ,D
10:46:55,MYOR,RG,2310,1,D,AK,KZ,D
10:46:55,MYOR,RG,2310,4,D,PD,KZ,D
10:46:55,MYOR,RG,2310,3,F,AK,KZ,D
10:46:55,MYOR,RG,2310,1,D,AK,KZ,D
10:46:55,MYOR,RG,2310,9,D,AK,KZ,D
10:46:55,MYOR,RG,2310,4,D,AK,KZ,D
10:46:55,MYOR,RG,2310,6,D,AK,KZ,D
10:46:55,MYOR,RG,2310,4,D,AK,KZ,D
10:46:55,MYOR,RG,2310,5,D,AK,KZ,D
10:46:55,MYOR,RG,2310,1,D,AK,KZ,D
10:46:55,MYOR,RG,2310,101,F,CC,KZ,D
10:46:32,MYOR,RG,2320,12,D,XC,KZ,D
10:44:51,MYOR,RG,2320,20,D,PD,KZ,D
10:44:09,MYOR,RG,2310,1,F,CC,DR,D
10:43:48,MYOR,RG,2310,2,F,CC,AT,D
10:42:15,MYOR,RG,2310,219,F,CC,KZ,D
10:42:15,MYOR,RG,2310,3,F,AK,KZ,D
10:42:15,MYOR,RG,2310,2,D,AZ,KZ,D
10:42:15,MYOR,RG,2310,9,F,ZP,KZ,D
10:42:15,MYOR,RG,2310,98,F,AK,KZ,D
10:42:07,MYOR,RG,2320,1,D,XL,KZ,D
10:40:20,MYOR,RG,2320,22,F,ZP,KZ,D
10:38:31,MYOR,RG,2320,17,F,ZP,KZ,D
10:38:31,MYOR,RG,2310,5,F,ZP,CS,D
10:38:31,MYOR,RG,2310,5,F,ZP,YP,D
10:38:29,MYOR,RG,2320,70,D,AK,KZ,D
10:38:29,MYOR,RG,2320,34,D,AK,KZ,D
10:38:29,MYOR,RG,2320,17,D,AK,LG,D
10:38:29,MYOR,RG,2320,15,D,AK,CS,D
10:38:29,MYOR,RG,2320,16,D,AK,CS,D
10:38:29,MYOR,RG,2320,3,D,AK,CS,D
10:38:29,MYOR,RG,2320,40,D,AK,CS,D
10:38:29,MYOR,RG,2320,17,D,AK,CS,D
10:38:29,MYOR,RG,2320,31,D,AK,CS,D
10:38:29,MYOR,RG,2320,5,D,AK,CC,D
10:38:29,MYOR,RG,2320,305,D,AK,CC,D
10:38:29,MYOR,RG,2320,4,D,AK,CC,D
10:38:29,MYOR,RG,2320,227,D,AK,CC,D
10:38:29,MYOR,RG,2320,28,D,AK,KZ,D
10:38:29,MYOR,RG,2320,148,D,AK,KZ,D
10:38:29,MYOR,RG,2320,15,D,AK,CS,D
10:38:29,MYOR,RG,2320,53,D,AK,CC,D
10:38:29,MYOR,RG,2320,98,D,AK,CC,D
10:38:29,MYOR,RG,2320,157,D,AK,CC,D
10:38:29,MYOR,RG,2320,72,D,AK,CC,D
10:38:29,MYOR,RG,2320,134,D,AK,CC,D
10:38:29,MYOR,RG,2320,11,D,AK,CS,D
10:37:02,MYOR,RG,2310,70,D,AK,DR,D
10:37:00,MYOR,RG,2310,5,D,AK,KZ,D
10:37:00,MYOR,RG,2310,2,D,AK,KZ,D
10:37:00,MYOR,RG,2310,19,D,AK,CS,D
10:37:00,MYOR,RG,2310,42,D,AK,CC,D
10:37:00,MYOR,RG,2310,5,D,AK,CC,D
10:37:00,MYOR,RG,2310,1,D,AK,CC,D
10:37:00,MYOR,RG,2310,1,D,AK,CC,D
10:37:00,MYOR,RG,2310,2,D,AK,CC,D
10:37:00,MYOR,RG,2310,1,D,AK,CC,D
10:37:00,MYOR,RG,2310,1,D,AK,CC,D
10:37:00,MYOR,RG,2310,2,D,AK,CC,D
10:37:00,MYOR,RG,2310,1,D,AK,CC,D
10:37:00,MYOR,RG,2310,1,D,AK,CC,D
10:37:00,MYOR,RG,2310,65,F,CC,CC,D
10:37:00,MYOR,RG,2310,102,D,AK,CC,D
10:37:00,MYOR,RG,2310,4,F,AK,CC,D
10:37:00,MYOR,RG,2310,4,D,AK,CC,D
10:37:00,MYOR,RG,2310,3,D,AK,CC,D
10:37:00,MYOR,RG,2310,297,D,AK,CC,D
10:37:00,MYOR,RG,2310,22,F,ZP,CC,D
10:37:00,MYOR,RG,2310,1,D,XC,CC,D
10:37:00,MYOR,RG,2310,5,D,AT,CC,D
10:37:00,MYOR,RG,2310,5,D,PD,CC,D
10:37:00,MYOR,RG,2310,2,D,XC,CC,D
10:37:00,MYOR,RG,2310,1,D,XC,CC,D
10:37:00,MYOR,RG,2310,1,D,XC,CC,D
10:37:00,MYOR,RG,2310,11,D,XL,CC,D
10:37:00,MYOR,RG,2310,10,D,SQ,CC,D
10:37:00,MYOR,RG,2310,1,D,AK,CC,D
10:37:00,MYOR,RG,2310,7,D,XL,CC,D
10:37:00,MYOR,RG,2310,1,D,AK,CC,D
10:37:00,MYOR,RG,2310,1,D,AK,CC,D
10:37:00,MYOR,RG,2310,1,D,KK,CC,D
10:37:00,MYOR,RG,2310,1,D,AK,CC,D
10:37:00,MYOR,RG,2310,1,D,AK,CC,D
10:37:00,MYOR,RG,2310,1,D,AK,CC,D
10:37:00,MYOR,RG,2310,5,D,AK,CC,D
10:37:00,MYOR,RG,2310,3,D,AK,CC,D
10:37:00,MYOR,RG,2310,1,D,AK,CC,D
10:37:00,MYOR,RG,2310,4,D,AK,CC,D
10:37:00,MYOR,RG,2310,3,D,AK,CC,D
10:37:00,MYOR,RG,2310,4,D,AK,CC,D
10:36:58,MYOR,RG,2320,1,D,PD,CS,D
10:33:55,MYOR,RG,2320,3,D,XC,CS,D
10:33:43,MYOR,RG,2320,10,D,PD,CS,D
10:33:25,MYOR,RG,2320,11,F,AK,AK,F
10:33:25,MYOR,RG,2320,10,F,CC,AK,F
10:33:25,MYOR,RG,2320,35,F,ZP,AK,F
10:33:25,MYOR,RG,2320,41,F,ZP,AK,F
10:33:25,MYOR,RG,2320,39,D,AK,AK,F
10:33:25,MYOR,RG,2320,67,D,AK,BK,F
10:33:25,MYOR,RG,2320,30,D,YP,BK,F
10:33:25,MYOR,RG,2320,107,D,AK,BK,F
10:33:25,MYOR,RG,2320,25,F,ZP,BK,F
10:33:25,MYOR,RG,2320,7,F,ZP,KZ,D
10:33:25,MYOR,RG,2320,237,F,BK,KZ,D
10:32:27,MYOR,RG,2330,3,D,KK,GR,D
10:31:25,MYOR,RG,2320,168,F,BK,KZ,D
10:31:03,MYOR,RG,2320,45,F,BK,XC,D
10:29:39,MYOR,RG,2320,42,F,BK,DR,D
10:29:36,MYOR,RG,2320,10,F,BK,LG,D
10:29:08,MYOR,RG,2320,25,F,BK,OD,D
10:27:36,MYOR,RG,2320,15,F,BK,SQ,D
10:27:25,MYOR,RG,2320,176,F,BK,KZ,D
10:27:25,MYOR,RG,2320,49,D,EP,KZ,D
10:25:50,MYOR,RG,2330,5,D,XC,GR,D
10:25:09,MYOR,RG,2320,1,D,EP,AK,F
10:25:09,MYOR,RG,2330,10,D,AZ,GR,D
10:23:40,MYOR,RG,2320,1,D,EP,NI,D
10:20:42,MYOR,RG,2320,36,D,EP,CS,D
10:20:42,MYOR,RG,2320,4,D,EP,CC,F
10:20:42,MYOR,RG,2320,13,D,EP,CS,D
10:20:42,MYOR,RG,2320,28,D,EP,CS,D
10:20:42,MYOR,RG,2320,58,D,EP,DR,D
10:20:34,MYOR,RG,2320,58,F,BK,DR,D
10:20:34,MYOR,RG,2320,22,F,BK,CS,D
10:20:34,MYOR,RG,2320,1,F,BK,CS,D
10:20:34,MYOR,RG,2320,6,F,BK,CS,D
10:20:34,MYOR,RG,2320,2,F,BK,CS,D
10:20:34,MYOR,RG,2320,6,F,BK,CS,D
10:20:34,MYOR,RG,2320,23,F,BK,CS,D
10:20:34,MYOR,RG,2320,3,F,BK,CS,D
10:20:34,MYOR,RG,2320,1,F,BK,CC,F
10:20:34,MYOR,RG,2320,24,F,BK,CC,D
10:20:24,MYOR,RG,2320,123,F,BK,CC,D
10:20:24,MYOR,RG,2320,15,F,ZP,CC,D
10:20:24,MYOR,RG,2320,123,F,BK,CC,D
10:20:24,MYOR,RG,2320,100,F,BK,CC,D
10:20:16,MYOR,RG,2320,105,F,BK,CC,D
10:20:16,MYOR,RG,2320,2,D,XL,CC,D
10:20:14,MYOR,RG,2320,1,D,AZ,CC,D
10:20:01,MYOR,RG,2320,68,F,BK,CC,D
10:20:01,MYOR,RG,2320,214,F,BK,CC,D
10:19:54,MYOR,RG,2320,11,F,BK,CC,D
10:19:54,MYOR,RG,2320,20,F,BK,CS,D
10:19:54,MYOR,RG,2320,1,F,BK,CS,D
10:19:54,MYOR,RG,2320,9,F,BK,CS,D
10:19:54,MYOR,RG,2320,1,F,BK,CS,D
10:19:54,MYOR,RG,2320,1,F,BK,CS,D
10:19:21,MYOR,RG,2310,4,F,BK,XL,D
10:18:53,MYOR,RG,2310,5,F,BK,YP,D
10:18:51,MYOR,RG,2310,1,F,BK,PD,D
10:18:51,MYOR,RG,2310,2,D,AK,PD,D
10:18:35,MYOR,RG,2310,19,D,AK,KZ,D
10:18:35,MYOR,RG,2310,4,D,XL,KZ,D
10:18:35,MYOR,RG,2310,134,F,CC,KZ,D
10:18:09,MYOR,RG,2310,4,F,CC,XL,D
10:18:01,MYOR,RG,2310,15,D,AK,CS,D
10:18:01,MYOR,RG,2310,1,D,AK,CS,D
10:18:01,MYOR,RG,2310,7,D,AK,CC,D
10:18:01,MYOR,RG,2310,48,D,AK,CC,D
10:18:01,MYOR,RG,2310,3,D,AK,CC,D
10:18:01,MYOR,RG,2310,30,D,LS,CC,D
10:18:01,MYOR,RG,2310,10,D,SQ,CC,D
10:18:01,MYOR,RG,2310,6,D,SQ,CC,D
10:18:01,MYOR,RG,2310,5,D,HP,CC,D
10:18:01,MYOR,RG,2310,50,D,YP,CC,D
10:18:01,MYOR,RG,2310,1,D,XC,CC,D
10:18:01,MYOR,RG,2310,5,D,YB,CC,D
10:18:01,MYOR,RG,2310,2,D,YP,CC,D
10:18:01,MYOR,RG,2310,2,D,AZ,CC,D
10:18:01,MYOR,RG,2310,1,D,YP,CC,D
10:18:01,MYOR,RG,2310,5,D,HP,CC,D
10:18:00,MYOR,RG,2320,10,D,YP,CC,D
10:18:00,MYOR,RG,2320,39,F,ZP,CC,D
10:18:00,MYOR,RG,2320,7,F,AK,CC,D
10:17:55,MYOR,RG,2320,6,F,AK,KZ,D
10:17:55,MYOR,RG,2320,218,D,AK,KZ,D
10:17:51,MYOR,RG,2320,41,D,AK,BK,F
10:17:51,MYOR,RG,2320,7,D,AK,CS,D
10:17:51,MYOR,RG,2320,5,D,AK,CS,D
10:17:51,MYOR,RG,2320,6,D,AK,CS,D
10:17:51,MYOR,RG,2320,5,F,ZP,CS,D
10:17:51,MYOR,RG,2320,31,F,ZP,CS,D
10:17:51,MYOR,RG,2320,25,F,ZP,AK,F
10:17:51,MYOR,RG,2320,4,F,AK,AK,F
10:17:51,MYOR,RG,2320,131,F,AK,AK,F
10:17:51,MYOR,RG,2320,5,D,GR,AK,F
10:17:51,MYOR,RG,2320,6,D,BQ,AK,F
10:17:51,MYOR,RG,2320,16,F,ZP,AK,F
10:17:51,MYOR,RG,2320,107,D,AK,AK,F
10:17:51,MYOR,RG,2320,1,D,YP,AK,F
10:17:51,MYOR,RG,2320,1,D,XL,AK,F
10:17:51,MYOR,RG,2320,12,F,ZP,AK,F
10:17:51,MYOR,RG,2320,25,F,ZP,BK,F
10:17:51,MYOR,RG,2320,13,F,BK,BK,F
10:17:51,MYOR,RG,2320,3,D,AK,BK,F
10:17:50,MYOR,RG,2320,123,D,AK,BK,F
10:17:50,MYOR,RG,2320,49,D,AK,KZ,D
10:17:50,MYOR,RG,2320,6,D,YP,KZ,D
10:17:50,MYOR,RG,2320,3,F,ZP,KZ,D
10:17:50,MYOR,RG,2320,5,D,XL,KZ,D
10:17:50,MYOR,RG,2320,44,D,PC,KZ,D
10:17:45,MYOR,RG,2320,106,D,PC,KZ,D
10:17:45,MYOR,RG,2320,4,F,AK,KZ,D
10:17:45,MYOR,RG,2320,5,D,PD,KZ,D
10:17:45,MYOR,RG,2320,1,D,KK,KZ,D
10:17:45,MYOR,RG,2320,4,D,XL,KZ,D
10:17:45,MYOR,RG,2320,1,D,XC,KZ,D
10:17:45,MYOR,RG,2320,2,D,HP,KZ,D
10:17:45,MYOR,RG,2320,4,D,PD,KZ,D
10:17:45,MYOR,RG,2320,3,F,AK,KZ,D
10:17:45,MYOR,RG,2320,10,D,YP,KZ,D
10:17:45,MYOR,RG,2320,10,D,TP,KZ,D
10:17:45,MYOR,RG,2320,2,D,YP,KZ,D
10:17:45,MYOR,RG,2320,2,D,YP,KZ,D
10:17:45,MYOR,RG,2320,5,D,PD,KZ,D
10:17:45,MYOR,RG,2320,11,D,XL,KZ,D
10:17:45,MYOR,RG,2320,1,D,PD,KZ,D
10:17:45,MYOR,RG,2320,1,D,YP,KZ,D
10:17:45,MYOR,RG,2320,50,D,XL,KZ,D
10:17:45,MYOR,RG,2320,2,D,AZ,KZ,D
10:17:45,MYOR,RG,2320,27,D,YP,KZ,D
10:17:18,MYOR,RG,2330,1,D,XC,AK,F
10:16:53,MYOR,RG,2330,1,D,PD,AK,F
10:12:00,MYOR,RG,2330,4,D,AZ,AK,F
10:10:40,MYOR,RG,2330,4,D,IF,AK,F
10:09:53,MYOR,RG,2330,1,D,XL,AK,F
10:09:49,MYOR,RG,2320,5,D,YP,XL,D
10:06:21,MYOR,RG,2330,22,D,AK,AK,F
10:06:21,MYOR,RG,2330,92,D,AK,CC,D
10:06:21,MYOR,RG,2330,67,D,AK,CC,D
10:06:21,MYOR,RG,2330,165,D,AK,CC,D
10:06:21,MYOR,RG,2330,94,D,AK,CC,D
10:06:21,MYOR,RG,2330,72,D,AK,CC,D
10:06:21,MYOR,RG,2330,22,D,AK,CC,D
10:06:21,MYOR,RG,2330,13,D,AK,AK,F
10:06:21,MYOR,RG,2330,11,D,AK,AK,F
10:06:21,MYOR,RG,2330,45,D,AK,AK,F
10:06:21,MYOR,RG,2330,3,D,AK,AK,F
10:06:20,MYOR,RG,2330,7,D,AK,AK,F
10:06:20,MYOR,RG,2330,27,D,AK,AK,F
10:06:20,MYOR,RG,2330,4,D,AK,AK,F
10:06:20,MYOR,RG,2330,24,D,AK,KZ,D
10:06:20,MYOR,RG,2330,27,D,AK,KZ,D
10:06:20,MYOR,RG,2330,1,D,AK,KZ,D
10:06:20,MYOR,RG,2330,1,D,AK,KZ,D
10:06:20,MYOR,RG,2330,1,D,AK,KZ,D
10:06:20,MYOR,RG,2330,1,D,AK,KZ,D
10:06:20,MYOR,RG,2330,1,D,AK,KZ,D
10:06:20,MYOR,RG,2330,1,D,AK,KZ,D
10:06:20,MYOR,RG,2330,1,D,AK,KZ,D
10:06:20,MYOR,RG,2330,3,F,AK,KZ,D
10:06:20,MYOR,RG,2330,15,F,CC,KZ,D
10:06:20,MYOR,RG,2330,1,D,AK,KZ,D
10:06:20,MYOR,RG,2330,48,D,AK,KZ,D
10:06:20,MYOR,RG,2330,11,F,ZP,KZ,D
10:06:20,MYOR,RG,2330,1,D,AK,KZ,D
10:06:20,MYOR,RG,2330,1,D,AK,KZ,D
10:06:20,MYOR,RG,2330,4,F,AK,KZ,D
10:06:20,MYOR,RG,2330,48,D,AK,KZ,D
10:06:19,MYOR,RG,2330,32,D,AK,AK,F
10:05:14,MYOR,RG,2350,4,D,RO,PD,D
10:05:09,MYOR,RG,2330,25,D,AK,YP,D
10:05:09,MYOR,RG,2330,20,D,KK,YP,D
10:04:40,MYOR,RG,2350,1,D,CC,PD,D
10:04:40,MYOR,RG,2340,2,D,CC,AK,F
10:04:40,MYOR,RG,2340,2,D,CC,AK,F
10:04:04,MYOR,RG,2340,9,F,ZP,AK,F
10:04:04,MYOR,RG,2340,1,F,ZP,AK,F
10:04:04,MYOR,RG,2340,4,D,PD,AK,F
10:04:04,MYOR,RG,2340,1,D,PD,AK,F
10:04:04,MYOR,RG,2340,2,D,PD,AK,F
10:04:04,MYOR,RG,2340,1,D,PD,AK,F
10:04:04,MYOR,RG,2340,2,D,PD,EP,D
10:03:55,MYOR,RG,2340,4,D,RO,EP,D
10:03:03,MYOR,RG,2340,1,D,PD,EP,D
10:02:53,MYOR,RG,2340,3,D,XL,EP,D
10:02:16,MYOR,RG,2330,2,F,ZP,AK,F
10:02:16,MYOR,RG,2330,3,D,AK,AK,F
10:02:16,MYOR,RG,2330,1,D,AK,AK,F
10:02:16,MYOR,RG,2330,2,D,AK,AK,F
10:02:02,MYOR,RG,2330,2,D,AK,AK,F
10:02:02,MYOR,RG,2330,1,D,AK,AK,F
10:02:02,MYOR,RG,2330,4,D,AK,AK,F
10:02:02,MYOR,RG,2330,1,D,AK,AK,F
10:02:01,MYOR,RG,2330,1,D,AK,AK,F
10:02:01,MYOR,RG,2330,26,D,AK,AK,F
10:02:01,MYOR,RG,2330,51,D,AK,KZ,D
10:02:01,MYOR,RG,2320,1,D,YP,AK,F
10:02:01,MYOR,RG,2330,11,F,ZP,KZ,D
10:02:01,MYOR,RG,2320,2,D,YP,AK,F
10:02:01,MYOR,RG,2320,8,D,SQ,AK,F
10:02:01,MYOR,RG,2320,2,D,PD,AK,F
10:02:01,MYOR,RG,2330,197,D,AK,KZ,D
10:02:01,MYOR,RG,2330,3,D,AK,XL,D
10:02:01,MYOR,RG,2330,3,D,AK,EP,D
10:00:03,MYOR,RG,2320,1,D,PD,YP,D
09:59:24,MYOR,RG,2330,17,D,AK,EP,D
09:59:24,MYOR,RG,2330,7,D,AK,KZ,D
09:59:24,MYOR,RG,2330,9,D,AK,KZ,D
09:59:24,MYOR,RG,2330,10,D,AK,KZ,D
09:59:24,MYOR,RG,2330,1,D,AK,KZ,D
09:59:24,MYOR,RG,2330,21,D,AK,KZ,D
09:59:24,MYOR,RG,2330,34,D,AK,KZ,D
09:59:24,MYOR,RG,2330,29,D,AK,KZ,D
09:59:24,MYOR,RG,2330,13,D,AK,KZ,D
09:59:23,MYOR,RG,2330,19,D,AK,KZ,D
09:59:23,MYOR,RG,2330,40,D,AK,KZ,D
09:58:57,MYOR,RG,2330,2,D,YP,KZ,D
09:58:52,MYOR,RG,2330,48,D,YP,KZ,D
09:58:52,MYOR,RG,2330,2,D,YP,XC,D
09:58:43,MYOR,RG,2320,6,D,PD,EP,D
09:58:43,MYOR,RG,2320,4,D,CP,EP,D
09:58:36,MYOR,RG,2330,4,D,XL,XC,D
09:57:28,MYOR,RG,2330,266,F,AK,CC,D
09:57:21,MYOR,RG,2330,4,F,AK,AK,F
09:57:21,MYOR,RG,2330,4,F,AK,AK,F
09:57:21,MYOR,RG,2330,86,F,AK,AZ,D
09:57:21,MYOR,RG,2330,63,F,ZP,AZ,D
09:57:21,MYOR,RG,2330,59,F,ZP,AZ,D
09:57:21,MYOR,RG,2330,1,D,PD,AZ,D
09:57:21,MYOR,RG,2330,50,D,YP,AZ,D
09:57:21,MYOR,RG,2330,100,D,YP,AZ,D
09:57:21,MYOR,RG,2330,1,D,PD,AZ,D
09:57:21,MYOR,RG,2330,4,D,CC,AZ,D
09:57:21,MYOR,RG,2330,200,D,CC,AZ,D
09:57:21,MYOR,RG,2330,9,D,CC,AZ,D
09:57:21,MYOR,RG,2330,2,D,YP,AZ,D
09:57:21,MYOR,RG,2330,10,D,GR,AZ,D
09:57:21,MYOR,RG,2330,2,D,GR,AZ,D
09:57:21,MYOR,RG,2330,1,D,EP,AZ,D
09:57:21,MYOR,RG,2340,50,D,YP,AZ,D
09:57:21,MYOR,RG,2340,35,D,AK,AZ,D
09:57:10,MYOR,RG,2340,2,D,AK,KZ,D
09:57:05,MYOR,RG,2340,118,D,AK,KZ,D
09:57:05,MYOR,RG,2340,48,F,ZP,KZ,D
09:56:45,MYOR,RG,2340,14,F,ZP,KZ,D
09:56:45,MYOR,RG,2340,1,D,OD,KZ,D
09:56:45,MYOR,RG,2340,5,D,YP,KZ,D
09:56:45,MYOR,RG,2340,32,D,YP,KZ,D
09:56:45,MYOR,RG,2340,1,D,YP,KZ,D
09:56:45,MYOR,RG,2340,17,D,YP,KZ,D
09:56:45,MYOR,RG,2340,20,D,PD,KZ,D
09:56:45,MYOR,RG,2340,2,D,AZ,KZ,D
09:56:45,MYOR,RG,2340,3,D,YP,KZ,D
09:56:43,MYOR,RG,2340,8,D,YP,YP,D
09:56:40,MYOR,RG,2340,19,D,YP,KZ,D
09:56:40,MYOR,RG,2340,3,D,CP,KZ,D
09:56:40,MYOR,RG,2340,3,D,XL,KZ,D
09:56:37,MYOR,RG,2350,3,F,AK,PD,D
09:56:37,MYOR,RG,2350,1,D,OD,PD,D
09:56:37,MYOR,RG,2350,2,D,DH,PD,D
09:56:37,MYOR,RG,2350,4,D,XL,PD,D
09:56:37,MYOR,RG,2350,3,F,AK,PD,D
09:56:37,MYOR,RG,2350,107,D,AK,PD,D
09:56:37,MYOR,RG,2350,22,F,ZP,PD,D
09:56:37,MYOR,RG,2350,3,F,AK,PD,D
09:56:37,MYOR,RG,2350,239,D,AK,PD,D
09:56:37,MYOR,RG,2350,57,F,ZP,PD,D
09:56:37,MYOR,RG,2350,424,D,IF,PD,D
09:56:37,MYOR,RG,2350,2,F,ZP,PD,D
09:56:37,MYOR,RG,2350,22,D,SQ,PD,D
09:56:34,MYOR,RG,2350,1,D,SQ,XC,D
09:55:36,MYOR,RG,2350,1,D,SQ,YP,D
09:53:23,MYOR,RG,2360,10,D,YP,KZ,D
09:52:10,MYOR,RG,2350,68,D,SQ,KZ,D
09:51:50,MYOR,RG,2350,8,D,SQ,KZ,D
09:51:50,MYOR,RG,2350,50,D,AZ,KZ,D
09:51:50,MYOR,RG,2350,50,D,AZ,KZ,D
09:51:50,MYOR,RG,2350,2,D,XL,KZ,D
09:51:50,MYOR,RG,2350,96,D,AZ,KZ,D
09:51:47,MYOR,RG,2350,4,D,AZ,PD,D
09:51:10,MYOR,RG,2360,1,D,NI,KZ,D
09:50:25,MYOR,RG,2360,4,D,XL,KZ,D
09:50:14,MYOR,RG,2360,25,D,XC,KZ,D
09:50:14,MYOR,RG,2360,11,D,XC,CS,D
09:50:14,MYOR,RG,2360,2,D,XC,CS,D
09:50:14,MYOR,RG,2360,2,D,XC,DR,D
09:49:10,MYOR,RG,2360,9,D,CC,DR,D
09:48:57,MYOR,RG,2360,3,D,XL,DR,D
09:48:25,MYOR,RG,2360,50,D,YB,DR,D
09:48:05,MYOR,RG,2370,29,F,ZP,YP,D
09:48:05,MYOR,RG,2360,2,F,ZP,AK,F
09:48:05,MYOR,RG,2360,2,F,ZP,CS,D
09:48:05,MYOR,RG,2360,2,F,AK,AK,F
09:48:05,MYOR,RG,2360,2,F,AK,AK,F
09:48:05,MYOR,RG,2360,4,F,AK,AK,F
09:48:05,MYOR,RG,2360,10,D,YP,AK,F
09:48:05,MYOR,RG,2360,3,D,KK,AK,F
09:48:05,MYOR,RG,2360,85,D,LG,AK,F
09:48:05,MYOR,RG,2360,104,D,AK,AK,F
09:48:05,MYOR,RG,2360,3,F,AK,AK,F
09:48:05,MYOR,RG,2360,1,F,ZP,AK,F
09:48:05,MYOR,RG,2360,5,D,XL,AK,F
09:48:05,MYOR,RG,2360,1,D,XL,AK,F
09:48:05,MYOR,RG,2360,23,D,AK,AK,F
09:48:05,MYOR,RG,2360,2,D,AK,AK,F
09:48:05,MYOR,RG,2360,237,D,AK,BK,F
09:48:05,MYOR,RG,2360,10,F,AK,BK,F
09:48:05,MYOR,RG,2360,3,F,ZP,BK,F
09:47:53,MYOR,RG,2370,5,D,KK,YP,D
09:47:53,MYOR,RG,2370,5,D,KK,AK,F
09:43:30,MYOR,RG,2370,4,D,OD,AK,F
09:43:30,MYOR,RG,2370,6,D,OD,LG,D
09:42:26,MYOR,RG,2370,12,D,MG,CS,D
09:42:26,MYOR,RG,2370,53,D,MG,AK,F
09:42:26,MYOR,RG,2370,1,D,MG,EP,D
09:42:26,MYOR,RG,2370,11,D,MG,CS,D
09:42:26,MYOR,RG,2370,15,D,MG,CS,D
09:42:26,MYOR,RG,2370,4,D,MG,EP,D
09:42:26,MYOR,RG,2370,2,D,MG,OD,F
09:42:26,MYOR,RG,2370,5,D,MG,XL,D
09:42:26,MYOR,RG,2370,3,D,MG,AK,F
09:42:26,MYOR,RG,2370,244,D,MG,AK,F
09:42:23,MYOR,RG,2360,5,F,ZP,PD,D
09:41:59,MYOR,RG,2360,43,F,ZP,YP,D
09:41:51,MYOR,RG,2360,5,F,ZP,PD,D
09:41:14,MYOR,RG,2370,9,D,CC,AK,F
09:40:48,MYOR,RG,2370,3,D,XL,AK,F
09:40:43,MYOR,RG,2370,9,D,DR,AK,F
09:40:43,MYOR,RG,2370,3,D,DR,CS,D
09:40:43,MYOR,RG,2370,40,D,DR,XC,D
09:40:29,MYOR,RG,2360,2,F,ZP,KK,D
09:39:50,MYOR,RG,2360,1,F,ZP,EP,D
09:39:04,MYOR,RG,2360,15,F,ZP,CC,D
09:38:45,MYOR,RG,2360,3,F,ZP,PD,D
09:38:45,MYOR,RG,2360,1,D,PD,PD,D
09:38:45,MYOR,RG,2360,1,D,XL,PD,D
09:37:54,MYOR,RG,2360,3,D,XL,YP,D
09:37:54,MYOR,RG,2360,50,D,AZ,YP,D
09:37:54,MYOR,RG,2360,1,F,AK,YP,D
09:37:54,MYOR,RG,2360,3,F,AK,YP,D
09:37:54,MYOR,RG,2370,10,F,CC,YP,D
09:37:54,MYOR,RG,2370,3,D,PD,YP,D
09:37:54,MYOR,RG,2370,14,D,AK,YP,D
09:37:54,MYOR,RG,2370,7,D,AK,YP,D
09:37:54,MYOR,RG,2370,25,F,ZP,YP,D
09:37:54,MYOR,RG,2370,2,F,AK,YP,D
09:37:54,MYOR,RG,2370,2,F,AK,YP,D
09:37:54,MYOR,RG,2370,1,F,AK,YP,D
09:37:54,MYOR,RG,2370,5,F,ZP,YP,D
09:37:54,MYOR,RG,2370,33,F,ZP,YP,D
09:37:54,MYOR,RG,2370,51,D,PD,YP,D
09:37:50,MYOR,RG,2370,250,D,PD,AK,F
09:37:49,MYOR,RG,2370,30,D,PD,CC,D
09:36:35,MYOR,RG,2380,160,D,AK,AK,F
09:36:35,MYOR,RG,2380,3,D,AK,XL,D
09:36:35,MYOR,RG,2380,20,D,AK,YP,D
09:36:35,MYOR,RG,2380,10,D,AK,KK,D
09:36:35,MYOR,RG,2380,1,D,AK,XC,D
09:36:35,MYOR,RG,2380,10,D,AK,KK,D
09:36:35,MYOR,RG,2380,40,D,AK,PD,D
09:36:35,MYOR,RG,2380,1,D,AK,PD,D
09:36:35,MYOR,RG,2380,25,D,AK,PD,D
09:36:35,MYOR,RG,2380,2,D,AK,MK,D
09:36:35,MYOR,RG,2380,5,D,AK,DR,D
09:36:35,MYOR,RG,2380,306,D,AK,AZ,D
09:36:32,MYOR,RG,2380,1,D,YP,AZ,D
09:35:49,MYOR,RG,2380,2,D,AT,AZ,D
09:35:48,MYOR,RG,2380,11,D,XL,AZ,D
09:35:48,MYOR,RG,2380,189,D,XL,CC,D
09:35:48,MYOR,RG,2370,5,D,PD,SQ,D
09:35:44,MYOR,RG,2380,2,D,AZ,CC,D
09:35:35,MYOR,RG,2370,1,D,PD,PD,D
09:35:35,MYOR,RG,2380,9,D,XL,CC,D
09:35:22,MYOR,RG,2370,19,D,PD,AK,D
09:35:21,MYOR,RG,2370,14,D,PD,CS,D
09:35:21,MYOR,RG,2370,21,D,PD,CS,D
09:35:21,MYOR,RG,2370,4,D,PD,AK,F
09:35:21,MYOR,RG,2370,32,D,PD,AK,D
09:35:21,MYOR,RG,2370,8,D,PD,CS,D
09:35:21,MYOR,RG,2370,57,D,PD,AK,F
09:35:21,MYOR,RG,2370,1,D,PD,YP,D
09:35:21,MYOR,RG,2370,4,D,PD,AK,F
09:35:21,MYOR,RG,2370,3,D,PD,AK,D
09:34:41,MYOR,RG,2360,24,F,AK,AK,D
09:34:41,MYOR,RG,2360,43,F,AK,DR,D
09:34:41,MYOR,RG,2360,5,F,AK,PD,D
09:34:01,MYOR,RG,2360,15,F,AK,AK,D
09:34:00,MYOR,RG,2370,13,F,ZP,AK,D
09:34:00,MYOR,RG,2370,1,F,ZP,AK,F
09:34:00,MYOR,RG,2370,4,D,AZ,AK,F
09:34:00,MYOR,RG,2370,1,D,AZ,AK,F
09:34:00,MYOR,RG,2370,38,D,AZ,AK,F
09:34:00,MYOR,RG,2370,13,D,AZ,CS,D
09:34:00,MYOR,RG,2370,5,D,AZ,AK,D
09:34:00,MYOR,RG,2370,20,D,AZ,AK,F
09:34:00,MYOR,RG,2370,9,D,AZ,AK,D
09:34:00,MYOR,RG,2370,10,D,AZ,AK,F
09:33:37,MYOR,RG,2360,4,F,AK,AK,D
09:33:37,MYOR,RG,2370,8,D,YP,AK,F
09:33:35,MYOR,RG,2360,33,F,AK,AK,D
09:33:35,MYOR,RG,2370,45,F,ZP,AK,F
09:33:35,MYOR,RG,2370,20,D,AZ,AK,F
09:33:35,MYOR,RG,2370,1,D,AZ,AK,D
09:33:35,MYOR,RG,2370,25,D,AZ,AK,D
09:33:35,MYOR,RG,2370,25,D,AZ,CS,D
09:33:35,MYOR,RG,2370,8,D,AZ,AK,F
09:33:35,MYOR,RG,2370,21,D,AZ,AK,F
09:33:34,MYOR,RG,2360,1,F,ZP,XC,D
09:33:04,MYOR,RG,2360,2,F,ZP,AK,D
09:33:03,MYOR,RG,2360,4,F,ZP,PD,D
09:32:52,MYOR,RG,2360,17,F,ZP,AK,D
09:32:52,MYOR,RG,2360,16,F,ZP,AK,F
09:32:52,MYOR,RG,2370,9,F,ZP,AK,F
09:32:52,MYOR,RG,2370,5,F,ZP,AK,D
09:32:52,MYOR,RG,2370,20,F,ZP,AK,D
09:32:52,MYOR,RG,2360,5,F,ZP,AK,F
09:32:52,MYOR,RG,2360,18,D,AK,AK,F
09:32:52,MYOR,RG,2370,54,D,AZ,AK,D
09:32:52,MYOR,RG,2370,2,D,AZ,OD,F
09:32:52,MYOR,RG,2370,144,D,AZ,PC,D
09:32:41,MYOR,RG,2360,1,D,AK,AK,F
09:32:41,MYOR,RG,2360,11,D,AK,AK,D
09:32:41,MYOR,RG,2360,3,D,AK,AK,F
09:32:41,MYOR,RG,2370,6,F,AK,PC,D
09:32:41,MYOR,RG,2370,1,F,AK,NI,D
09:32:41,MYOR,RG,2370,1,F,AK,XC,D
09:32:41,MYOR,RG,2370,1,F,AK,PD,D
09:32:41,MYOR,RG,2370,10,F,AK,KK,D
09:32:41,MYOR,RG,2360,1,D,AK,AK,D
09:32:40,MYOR,RG,2360,1,D,AK,YU,D
09:32:15,MYOR,RG,2360,19,D,AK,AK,D
09:32:15,MYOR,RG,2360,44,D,AK,AK,F
09:32:03,MYOR,RG,2360,1,D,AZ,AK,F
09:31:57,MYOR,RG,2360,9,D,AZ,CS,D
09:31:57,MYOR,RG,2360,10,D,AZ,PD,D
09:31:57,MYOR,RG,2360,1,D,AZ,DH,D
09:31:18,MYOR,RG,2340,10,D,XL,NI,D
09:31:15,MYOR,RG,2350,27,F,AK,AK,F
09:31:15,MYOR,RG,2350,1,F,AK,AK,D
09:31:15,MYOR,RG,2350,2,F,AK,DH,D
09:31:15,MYOR,RG,2350,1,F,AK,CC,D
09:31:15,MYOR,RG,2350,20,F,AK,YP,D
09:31:15,MYOR,RG,2350,1,F,AK,GR,D
09:31:15,MYOR,RG,2350,19,F,AK,PD,D
09:31:15,MYOR,RG,2350,12,F,AK,YP,D
09:31:15,MYOR,RG,2350,10,F,AK,NI,D
09:31:15,MYOR,RG,2350,10,F,AK,XC,D
09:31:15,MYOR,RG,2350,3,F,AK,XL,D
09:31:15,MYOR,RG,2350,65,F,AK,AK,D
09:31:15,MYOR,RG,2350,1,F,AK,XL,D
09:31:15,MYOR,RG,2350,1,F,AK,PD,D
09:31:15,MYOR,RG,2350,1,F,AK,PD,D
09:31:15,MYOR,RG,2350,1,F,AK,YB,D
09:31:15,MYOR,RG,2340,9,D,XL,AK,F
09:31:15,MYOR,RG,2340,34,D,XL,LG,D
09:31:15,MYOR,RG,2340,2,D,XL,AK,F
09:31:15,MYOR,RG,2340,36,D,XL,CS,D
09:31:15,MYOR,RG,2340,103,D,XL,DR,D
09:31:15,MYOR,RG,2340,19,D,XL,CS,D
09:31:15,MYOR,RG,2340,1,D,XL,EP,D
09:31:15,MYOR,RG,2340,9,D,XL,CS,D
09:31:15,MYOR,RG,2340,15,D,XL,CS,D
09:31:15,MYOR,RG,2340,1,D,XL,EP,D
09:31:15,MYOR,RG,2340,21,D,XL,CS,D
09:31:15,MYOR,RG,2340,41,D,XL,AK,F
09:30:37,MYOR,RG,2330,20,F,ZP,LG,D
09:30:15,MYOR,RG,2340,10,D,AK,AK,F
09:30:15,MYOR,RG,2340,44,D,AK,XC,D
09:30:15,MYOR,RG,2340,26,D,AK,CS,D
09:30:15,MYOR,RG,2340,14,D,AK,CC,D
09:29:57,MYOR,RG,2340,5,D,XC,CC,D
09:29:43,MYOR,RG,2330,6,F,ZP,IF,D
09:28:49,MYOR,RG,2330,10,F,ZP,PD,D
09:28:17,MYOR,RG,2330,2,F,ZP,NI,D
09:27:31,MYOR,RG,2330,4,F,ZP,AK,F
09:27:31,MYOR,RG,2330,5,D,AK,AK,F
09:27:31,MYOR,RG,2340,154,D,YP,CC,D
09:26:16,MYOR,RG,2330,1,F,AK,YP,D
09:26:16,MYOR,RG,2330,5,D,AZ,YP,D
09:26:16,MYOR,RG,2330,17,D,AK,YP,D
09:26:14,MYOR,RG,2330,4,D,AK,PD,D
09:25:43,MYOR,RG,2330,50,D,AK,CP,D
09:25:36,MYOR,RG,2340,9,D,YP,CC,D
09:25:24,MYOR,RG,2330,7,D,AK,KK,D
09:25:24,MYOR,RG,2330,2,D,XL,KK,D
09:25:24,MYOR,RG,2330,4,F,AK,KK,D
09:25:24,MYOR,RG,2330,30,D,LS,KK,D
09:25:24,MYOR,RG,2330,2,D,YP,KK,D
09:25:24,MYOR,RG,2330,2,F,AK,KK,D
09:25:24,MYOR,RG,2330,10,D,YP,KK,D
09:25:24,MYOR,RG,2330,4,D,XC,KK,D
09:25:24,MYOR,RG,2330,14,D,NI,KK,D
09:25:24,MYOR,RG,2330,2,D,XC,KK,D
09:25:24,MYOR,RG,2330,22,F,AK,KK,D
09:25:00,MYOR,RG,2330,20,F,AK,AK,F
09:25:00,MYOR,RG,2330,17,F,AK,AK,F
09:25:00,MYOR,RG,2330,2,F,AK,AK,F
09:25:00,MYOR,RG,2330,10,F,AK,AK,F
09:25:00,MYOR,RG,2330,47,F,AK,CC,D
09:25:00,MYOR,RG,2330,1,D,XL,CC,D
09:25:00,MYOR,RG,2330,9,F,ZP,CC,D
09:25:00,MYOR,RG,2330,100,D,EP,CC,D
09:25:00,MYOR,RG,2330,2,D,AZ,CC,D
09:25:00,MYOR,RG,2330,3,F,AK,CC,D
09:25:00,MYOR,RG,2330,17,F,ZP,CC,D
09:25:00,MYOR,RG,2330,45,D,AK,CC,D
09:24:10,MYOR,RG,2340,1,D,XC,CC,D
09:23:31,MYOR,RG,2330,2,D,AK,XC,D
09:22:35,MYOR,RG,2330,29,D,AK,YP,D
09:21:15,MYOR,RG,2340,4,D,TP,CC,D
09:21:09,MYOR,RG,2330,4,D,AK,TP,D
09:21:00,MYOR,RG,2340,37,D,AK,CC,D
09:21:00,MYOR,RG,2340,1,D,AK,GR,D
09:21:00,MYOR,RG,2340,7,D,AK,XC,D
09:21:00,MYOR,RG,2340,17,D,AK,CC,D
09:21:00,MYOR,RG,2340,1,D,AK,AK,F
09:21:00,MYOR,RG,2340,20,D,AK,YP,D
09:21:00,MYOR,RG,2340,15,D,AK,CS,D
09:21:00,MYOR,RG,2340,9,D,AK,CS,D
09:21:00,MYOR,RG,2340,1,D,AK,EP,D
09:21:00,MYOR,RG,2340,40,D,AK,AK,F
09:21:00,MYOR,RG,2340,9,D,AK,CS,D
09:20:30,MYOR,RG,2330,14,D,AK,AK,F
09:20:30,MYOR,RG,2340,8,D,AK,CS,D
09:20:08,MYOR,RG,2340,6,D,OD,CS,D
09:20:08,MYOR,RG,2340,19,D,OD,DR,D
09:19:12,MYOR,RG,2340,5,D,IF,DR,D
09:19:03,MYOR,RG,2330,3,D,AK,CC,D
09:18:38,MYOR,RG,2330,8,D,AK,AK,F
09:18:38,MYOR,RG,2330,9,D,AK,AK,F
09:18:37,MYOR,RG,2330,7,D,AK,CS,D
09:18:37,MYOR,RG,2330,5,F,AK,CS,D
09:18:37,MYOR,RG,2330,100,D,YP,CS,D
09:18:37,MYOR,RG,2330,1,F,AK,CS,D
09:18:37,MYOR,RG,2330,1,F,AK,CS,D
09:18:37,MYOR,RG,2330,9,D,LG,CS,D
09:18:37,MYOR,RG,2330,4,D,LG,CS,D
09:18:37,MYOR,RG,2330,31,D,LG,CS,D
09:18:21,MYOR,RG,2340,5,F,AK,DR,D
09:17:20,MYOR,RG,2330,1,D,LG,NI,D
09:17:06,MYOR,RG,2330,1,D,LG,AK,F
09:17:06,MYOR,RG,2340,19,D,YP,DR,D
09:16:38,MYOR,RG,2330,1,D,LG,AK,F
09:16:38,MYOR,RG,2340,5,D,DR,DR,D
09:16:33,MYOR,RG,2340,5,D,YP,DR,D
09:16:27,MYOR,RG,2340,1,D,XC,DR,D
09:16:10,MYOR,RG,2340,5,D,XL,DR,D
09:15:26,MYOR,RG,2340,1,D,CC,DR,D
09:14:41,MYOR,RG,2330,6,D,LG,PD,D
09:14:34,MYOR,RG,2330,10,D,LG,YB,D
09:14:19,MYOR,RG,2330,1,D,LG,CC,D
09:14:09,MYOR,RG,2330,1,D,LG,XL,D
09:14:04,MYOR,RG,2340,5,D,PD,DR,D
09:11:25,MYOR,RG,2330,2,D,LG,AK,F
09:11:25,MYOR,RG,2340,15,D,KK,DR,D
09:11:14,MYOR,RG,2340,5,D,CC,DR,D
09:10:55,MYOR,RG,2340,15,D,KK,DR,D
09:10:43,MYOR,RG,2340,1,D,IF,DR,D
09:10:02,MYOR,RG,2330,9,D,LG,AK,F
09:09:53,MYOR,RG,2330,20,D,LG,YP,D
09:09:48,MYOR,RG,2330,3,D,LG,PD,D
09:09:00,MYOR,RG,2330,41,D,LG,DR,D
09:08:54,MYOR,RG,2330,15,D,LG,YP,D
09:08:46,MYOR,RG,2330,5,D,LG,CC,D
09:07:30,MYOR,RG,2330,1,D,LG,XC,D
09:07:16,MYOR,RG,2330,39,D,LG,DR,D
09:07:16,MYOR,RG,2330,2,D,AK,DR,D
09:07:16,MYOR,RG,2330,4,F,ZP,DR,D
09:07:16,MYOR,RG,2330,5,D,AK,DR,D
09:07:16,MYOR,RG,2330,1,F,ZP,DR,D
09:06:09,MYOR,RG,2330,1,F,ZP,YP,D
09:05:47,MYOR,RG,2330,1,F,ZP,XC,D
09:05:28,MYOR,RG,2330,1,F,AK,HP,D
09:05:28,MYOR,RG,2330,2,D,PD,HP,D
09:05:11,MYOR,RG,2330,3,D,PD,AK,F
09:05:11,MYOR,RG,2330,8,D,AK,AK,F
09:05:11,MYOR,RG,2330,5,D,SQ,CS,D
09:05:11,MYOR,RG,2330,43,D,AK,CS,D
09:05:11,MYOR,RG,2330,20,D,AK,NI,D
09:04:24,MYOR,RG,2330,5,D,AK,CC,D
09:04:24,MYOR,RG,2330,5,D,EP,CC,D
09:04:24,MYOR,RG,2330,7,F,ZP,CC,D
09:04:24,MYOR,RG,2330,3,F,AK,CC,D
09:03:47,MYOR,RG,2330,1,F,AK,PD,D
09:03:47,MYOR,RG,2330,1,F,AK,PD,D
09:03:47,MYOR,RG,2330,8,D,YP,PD,D
09:03:33,MYOR,RG,2330,20,D,YP,NI,D
09:03:31,MYOR,RG,2330,21,D,YP,PD,D
09:03:27,MYOR,RG,2330,4,D,YP,XL,D
09:02:53,MYOR,RG,2330,1,D,YP,YP,D
09:02:45,MYOR,RG,2340,11,F,ZP,CS,D
09:02:45,MYOR,RG,2340,1,F,AK,CS,D
09:02:19,MYOR,RG,2330,8,D,YP,AK,F
09:02:19,MYOR,RG,2330,9,D,YP,AK,F
09:02:18,MYOR,RG,2330,29,D,YP,NI,D
09:02:18,MYOR,RG,2330,20,D,EP,NI,D
09:02:18,MYOR,RG,2330,46,D,AK,NI,D
09:02:18,MYOR,RG,2330,5,D,AK,NI,D
09:01:45,MYOR,RG,2340,9,D,AK,CS,D
09:01:44,MYOR,RG,2340,1,D,AK,AK,F
09:01:44,MYOR,RG,2340,1,D,AK,CS,D
09:01:44,MYOR,RG,2330,5,D,AK,EP,D
09:01:25,MYOR,RG,2330,1,F,ZP,CS,D
09:01:18,MYOR,RG,2330,1,F,ZP,AK,F
09:01:18,MYOR,RG,2330,4,F,ZP,AK,F
09:01:18,MYOR,RG,2330,1,F,ZP,AK,F
09:01:18,MYOR,RG,2330,3,F,ZP,AK,F
09:01:17,MYOR,RG,2330,4,D,IF,CS,D
09:01:17,MYOR,RG,2330,6,D,IF,AK,F
09:01:17,MYOR,RG,2330,15,D,IF,CS,D
09:01:17,MYOR,RG,2330,3,D,IF,YP,D
09:01:17,MYOR,RG,2330,1,D,IF,CC,D
09:01:17,MYOR,RG,2330,4,D,IF,CC,D
09:01:17,MYOR,RG,2330,1,D,IF,IP,D
09:01:17,MYOR,RG,2330,1,D,IF,KK,D
09:01:17,MYOR,RG,2330,1,D,IF,PD,D
09:01:17,MYOR,RG,2330,15,D,IF,XC,D
09:01:17,MYOR,RG,2330,5,D,IF,PD,D
09:01:17,MYOR,RG,2330,3,D,IF,PD,D
09:01:17,MYOR,RG,2330,5,D,IF,CC,D
09:00:53,MYOR,RG,2330,1,F,AK,CC,D
09:00:52,MYOR,RG,2330,21,D,IF,CC,D
09:00:30,MYOR,RG,2330,10,D,YP,CC,D
09:00:30,MYOR,RG,2330,3,D,YP,CC,D
09:00:19,MYOR,RG,2330,1,D,XL,CC,D
09:00:18,MYOR,RG,2320,2,D,CP,AK,F
09:00:18,MYOR,RG,2320,2,D,CP,AK,F
09:00:13,MYOR,RG,2320,2,D,CP,XL,D
09:00:10,MYOR,RG,2330,6,D,XL,CC,D
09:00:07,MYOR,RG,2330,4,D,SQ,CC,D
09:00:05,MYOR,RG,2330,2,D,PD,CC,D
09:00:05,MYOR,RG,2330,3,D,XL,CC,D
09:00:05,MYOR,RG,2330,1,D,AK,CC,D
09:00:05,MYOR,RG,2330,4,D,XC,CC,D
09:00:05,MYOR,RG,2330,1,D,XC,AI,D
09:00:03,MYOR,RG,2330,1,D,XL,AI,D
09:00:01,MYOR,RG,2330,1,D,AT,AI,D
09:00:01,MYOR,RG,2330,1,D,AZ,AI,D
09:00:00,MYOR,RG,2330,1,D,IF,AI,D
