Time,Stock,Brd,Price,Qty,BT,BC,SC,ST
15:13:41,MYOR,RG,2370,2,D,OD,CP,D
15:10:31,MYOR,RG,2370,1,D,OD,EP,D
15:08:15,MYOR,RG,2370,21,D,OD,AZ,D
15:08:15,MYOR,RG,2370,37,D,OD,AZ,D
15:05:38,MYOR,RG,2370,1,D,OD,YP,D
15:04:58,MYOR,RG,2370,1,D,OD,YP,D
15:02:32,MYOR,RG,2370,10,D,OD,CC,D
15:02:06,MYOR,RG,2370,5,D,OD,EP,D
15:02:03,MYOR,RG,2370,10,D,OD,CC,D
15:01:08,MYOR,RG,2370,57,D,OD,NI,D
15:00:00,MYOR,RG,2370,5,D,OD,KK,D
15:00:00,MYOR,RG,2370,100,D,OD,CC,D
15:00:00,MYOR,RG,2370,1,D,OD,YP,D
15:00:00,MYOR,RG,2370,573,D,OD,NI,D
15:00:00,MYOR,RG,2370,50,D,CC,NI,D
15:00:00,MYOR,RG,2370,10,D,YP,NI,D
15:00:00,MYOR,RG,2370,8,D,YP,NI,D
15:00:00,MYOR,RG,2370,90,D,YP,NI,D
15:00:00,MYOR,RG,2370,43,D,YP,NI,D
15:00:00,MYOR,RG,2370,115,F,ZP,NI,D
15:00:00,MYOR,RG,2370,111,F,ZP,NI,D
15:00:00,MYOR,RG,2370,5,F,ZP,EP,D
15:00:00,MYOR,RG,2370,1,F,ZP,YP,D
15:00:00,MYOR,RG,2370,106,F,ZP,YP,D
15:00:00,MYOR,RG,2370,30,F,ZP,AI,D
15:00:00,MYOR,RG,2370,1,F,ZP,KK,D
15:00:00,MYOR,RG,2370,43,F,ZP,YP,D
15:00:00,MYOR,RG,2370,50,F,ZP,SQ,D
15:00:00,MYOR,RG,2370,6,F,ZP,YP,D
15:00:00,MYOR,RG,2370,38,F,ZP,AZ,D
15:00:00,MYOR,RG,2370,282,F,ZP,BK,F
15:00:00,MYOR,RG,2370,22,F,ZP,BK,F
15:00:00,MYOR,RG,2370,12,F,ZP,BK,F
15:00:00,MYOR,RG,2370,68,D,KZ,BK,F
15:00:00,MYOR,RG,2370,82,D,KZ,AK,F
15:00:00,MYOR,RG,2370,2,F,AK,AK,F
15:00:00,MYOR,RG,2370,5,F,AK,AK,F
14:49:18,MYOR,RG,2370,7,F,ZP,AI,D
14:49:16,MYOR,RG,2360,2,D,AK,BK,F
14:49:16,MYOR,RG,2360,9,D,AK,BK,F
14:49:15,MYOR,RG,2370,1,F,AK,AI,D
14:49:12,MYOR,RG,2360,27,D,AK,BK,F
14:49:12,MYOR,RG,2360,2,D,AK,BK,F
14:49:12,MYOR,RG,2360,1,D,AK,BK,F
14:49:12,MYOR,RG,2360,8,D,AK,BK,F
14:49:11,MYOR,RG,2370,12,F,ZP,AI,D
14:49:11,MYOR,RG,2370,3,F,ZP,AK,F
14:49:11,MYOR,RG,2370,1,F,ZP,DH,D
14:49:11,MYOR,RG,2370,3,F,ZP,DH,D
14:49:11,MYOR,RG,2370,2,F,ZP,YP,D
14:49:11,MYOR,RG,2370,12,F,ZP,PD,D
14:49:11,MYOR,RG,2370,120,D,OD,PD,D
14:49:11,MYOR,RG,2370,5,D,OD,XC,D
14:49:11,MYOR,RG,2370,1,D,OD,YB,D
14:49:11,MYOR,RG,2370,25,D,OD,XC,D
14:49:11,MYOR,RG,2370,9,D,OD,BK,F
14:49:11,MYOR,RG,2370,40,D,OD,BK,F
14:49:11,MYOR,RG,2370,44,D,OD,BK,F
14:49:11,MYOR,RG,2370,5,D,OD,DH,D
14:49:11,MYOR,RG,2370,31,D,OD,YP,D
14:49:11,MYOR,RG,2370,20,D,OD,YP,D
14:49:11,MYOR,RG,2370,9,D,OD,YP,D
14:49:11,MYOR,RG,2370,13,D,OD,GR,D
14:49:04,MYOR,RG,2370,5,F,ZP,GR,D
14:49:04,MYOR,RG,2370,2,F,ZP,GR,D
14:48:54,MYOR,RG,2370,1,D,PD,GR,D
14:48:44,MYOR,RG,2370,5,F,ZP,GR,D
14:48:36,MYOR,RG,2370,4,F,ZP,GR,D
14:48:36,MYOR,RG,2370,7,F,ZP,AK,F
14:48:36,MYOR,RG,2370,35,F,AK,AK,F
14:48:33,MYOR,RG,2370,2,D,NI,AK,F
14:48:17,MYOR,RG,2360,2,F,ZP,HP,D
14:48:12,MYOR,RG,2360,3,F,ZP,BB,D
14:48:09,MYOR,RG,2360,3,F,ZP,BB,D
14:48:02,MYOR,RG,2370,18,F,ZP,AK,F
14:48:02,MYOR,RG,2370,50,D,KZ,AK,F
14:48:02,MYOR,RG,2360,1,F,ZP,BB,D
14:48:02,MYOR,RG,2370,52,D,KZ,AK,F
14:48:02,MYOR,RG,2370,5,D,KZ,AK,F
14:48:02,MYOR,RG,2370,7,D,KZ,AK,F
14:48:02,MYOR,RG,2370,23,D,KZ,AK,F
14:48:02,MYOR,RG,2370,32,D,KZ,AK,F
14:47:51,MYOR,RG,2360,2,F,ZP,BB,D
14:47:29,MYOR,RG,2370,19,F,ZP,AK,F
14:47:28,MYOR,RG,2360,1,F,ZP,BB,D
14:47:08,MYOR,RG,2360,9,F,ZP,BB,D
14:47:00,MYOR,RG,2370,5,F,AK,AK,F
14:46:02,MYOR,RG,2370,5,D,KZ,AK,F
14:46:00,MYOR,RG,2370,2,F,AK,AK,F
14:45:34,MYOR,RG,2360,8,F,ZP,CC,D
14:45:34,MYOR,RG,2360,2,D,OD,CC,D
14:45:30,MYOR,RG,2370,1,F,AK,AK,F
14:45:23,MYOR,RG,2370,12,F,ZP,AK,F
14:45:17,MYOR,RG,2370,23,F,ZP,AK,F
14:44:33,MYOR,RG,2360,4,D,OD,BB,D
14:44:17,MYOR,RG,2370,3,D,YP,AK,F
14:44:00,MYOR,RG,2370,6,F,AK,AK,F
14:43:47,MYOR,RG,2370,21,F,ZP,AK,F
14:43:17,MYOR,RG,2360,17,D,OD,PD,D
14:42:54,MYOR,RG,2370,13,F,AK,AK,F
14:42:36,MYOR,RG,2360,3,D,OD,XL,D
14:42:32,MYOR,RG,2360,26,D,OD,BK,F
14:42:30,MYOR,RG,2370,24,F,ZP,AK,F
14:42:18,MYOR,RG,2370,1,D,PD,AK,F
14:40:25,MYOR,RG,2370,2,F,ZP,AK,F
14:40:03,MYOR,RG,2360,5,D,OD,XC,D
14:39:37,MYOR,RG,2370,1,F,ZP,AK,F
14:39:37,MYOR,RG,2370,3,F,ZP,EP,D
14:39:37,MYOR,RG,2370,1,F,ZP,YP,D
14:39:37,MYOR,RG,2370,16,F,ZP,BB,D
14:39:36,MYOR,RG,2360,44,D,OD,AK,F
14:39:36,MYOR,RG,2360,29,D,OD,BK,F
14:39:33,MYOR,RG,2360,17,D,OD,MG,D
14:38:22,MYOR,RG,2360,23,D,OD,BK,F
14:38:20,MYOR,RG,2360,70,D,OD,AK,F
14:38:20,MYOR,RG,2360,60,D,OD,AK,F
14:38:10,MYOR,RG,2370,9,F,ZP,BB,D
14:38:10,MYOR,RG,2370,9,F,ZP,BK,F
14:38:10,MYOR,RG,2360,7,F,ZP,YP,D
14:38:10,MYOR,RG,2360,6,F,AK,YP,D
14:38:10,MYOR,RG,2360,72,F,AK,YP,D
14:37:58,MYOR,RG,2360,39,F,AK,AK,F
14:37:13,MYOR,RG,2360,5,F,AK,EP,D
14:37:09,MYOR,RG,2360,30,F,AK,BB,D
14:37:06,MYOR,RG,2360,43,F,AK,AK,F
14:37:06,MYOR,RG,2360,83,F,ZP,AK,F
14:37:06,MYOR,RG,2360,4,F,AK,AK,F
14:37:06,MYOR,RG,2370,15,F,ZP,BK,F
14:37:06,MYOR,RG,2370,13,F,ZP,YP,D
14:37:05,MYOR,RG,2360,38,D,KZ,AK,F
14:37:05,MYOR,RG,2360,10,D,OD,AK,F
14:37:05,MYOR,RG,2360,1,D,AZ,AK,F
14:37:05,MYOR,RG,2360,2,D,XC,AK,F
14:37:05,MYOR,RG,2360,43,D,YP,AK,F
14:37:05,MYOR,RG,2360,10,D,CC,AK,F
14:37:05,MYOR,RG,2360,10,D,OD,AK,F
14:37:05,MYOR,RG,2360,98,F,AK,AK,F
14:37:05,MYOR,RG,2360,5,D,NI,AK,F
14:37:05,MYOR,RG,2360,10,D,KZ,AK,F
14:37:05,MYOR,RG,2360,24,D,KZ,AK,F
14:37:05,MYOR,RG,2360,26,D,KZ,PD,D
14:37:05,MYOR,RG,2360,3,F,ZP,PD,D
14:37:05,MYOR,RG,2360,11,F,ZP,PD,D
14:37:05,MYOR,RG,2360,1,F,AK,PD,D
14:37:05,MYOR,RG,2360,9,D,OD,PD,D
14:35:23,MYOR,RG,2370,6,F,ZP,YP,D
14:35:22,MYOR,RG,2370,31,D,KZ,YP,D
14:35:18,MYOR,RG,2370,8,F,ZP,YP,D
14:34:33,MYOR,RG,2370,22,F,ZP,YP,D
14:33:17,MYOR,RG,2370,2,D,XL,YP,D
14:32:45,MYOR,RG,2370,2,F,AK,YP,D
14:32:44,MYOR,RG,2370,24,F,ZP,YP,D
14:32:07,MYOR,RG,2370,2,D,KZ,YP,D
14:32:07,MYOR,RG,2370,1,D,KZ,LG,D
14:32:07,MYOR,RG,2370,7,D,KZ,EP,D
14:32:07,MYOR,RG,2370,15,D,KZ,NI,D
14:30:24,MYOR,RG,2370,16,F,ZP,NI,D
14:30:24,MYOR,RG,2370,6,F,ZP,NI,D
14:29:44,MYOR,RG,2360,9,D,OD,BB,D
14:28:55,MYOR,RG,2370,4,F,ZP,NI,D
14:28:55,MYOR,RG,2370,10,F,ZP,PD,D
14:28:55,MYOR,RG,2370,12,F,ZP,AK,F
14:27:02,MYOR,RG,2370,22,D,KZ,AK,F
14:26:36,MYOR,RG,2370,6,F,AK,AK,F
14:25:43,MYOR,RG,2360,7,D,OD,XC,D
14:25:43,MYOR,RG,2360,4,D,OD,XC,D
14:25:30,MYOR,RG,2370,1,F,AK,AK,F
14:25:24,MYOR,RG,2370,2,F,ZP,AK,F
14:25:20,MYOR,RG,2370,4,F,ZP,AK,F
14:24:30,MYOR,RG,2370,16,F,ZP,AK,F
14:23:47,MYOR,RG,2370,18,D,KZ,AK,F
14:22:12,MYOR,RG,2370,19,D,KZ,AK,F
14:22:12,MYOR,RG,2370,1,D,KZ,BB,D
14:18:13,MYOR,RG,2370,4,F,AK,BK,F
14:18:12,MYOR,RG,2370,30,D,KZ,BK,F
14:17:25,MYOR,RG,2360,8,D,OD,XC,D
14:16:56,MYOR,RG,2360,2,D,OD,XC,D
14:14:19,MYOR,RG,2370,59,D,KZ,BK,F
14:09:48,MYOR,RG,2360,4,D,OD,XL,D
14:06:17,MYOR,RG,2370,2,D,AT,BK,F
14:06:17,MYOR,RG,2370,1,D,AT,XC,D
14:04:04,MYOR,RG,2380,41,F,ZP,BK,F
14:04:03,MYOR,RG,2360,82,D,OD,XA,D
14:04:03,MYOR,RG,2360,10,D,KK,XA,D
14:04:03,MYOR,RG,2360,12,F,ZP,XA,D
14:04:03,MYOR,RG,2360,2,F,ZP,XA,D
14:04:03,MYOR,RG,2360,164,D,OD,XA,D
14:04:03,MYOR,RG,2360,1,F,AK,XA,D
14:04:03,MYOR,RG,2360,8,D,KZ,XA,D
14:04:03,MYOR,RG,2360,14,D,OD,XA,D
14:04:03,MYOR,RG,2370,43,D,KZ,XA,D
14:04:03,MYOR,RG,2370,1,F,AK,XA,D
14:04:03,MYOR,RG,2370,129,F,AK,XA,D
14:04:03,MYOR,RG,2370,3,F,ZP,XA,D
14:04:03,MYOR,RG,2370,1,F,ZP,XA,D
14:04:03,MYOR,RG,2370,30,D,KZ,XA,D
14:02:56,MYOR,RG,2370,10,D,KZ,YP,D
14:00:28,MYOR,RG,2380,2,F,ZP,BK,F
14:00:15,MYOR,RG,2370,1,D,KZ,XC,D
13:58:57,MYOR,RG,2370,1,D,KZ,PD,D
13:58:53,MYOR,RG,2380,10,D,XC,BK,F
13:58:27,MYOR,RG,2370,1,D,OD,XC,D
13:56:58,MYOR,RG,2360,40,D,OD,CC,D
13:56:58,MYOR,RG,2360,2,D,OD,BB,D
13:56:57,MYOR,RG,2360,14,D,OD,BB,D
13:55:19,MYOR,RG,2350,16,D,OD,YP,D
13:54:52,MYOR,RG,2350,19,D,OD,BK,F
13:54:48,MYOR,RG,2350,23,D,OD,BK,F
13:54:48,MYOR,RG,2350,20,D,OD,BK,F
13:54:48,MYOR,RG,2350,1,F,ZP,BK,F
13:54:48,MYOR,RG,2350,4,D,OD,BK,F
13:54:43,MYOR,RG,2360,1,D,CC,BK,F
13:54:43,MYOR,RG,2360,56,D,YP,BK,F
13:54:39,MYOR,RG,2390,11,F,ZP,BK,F
13:54:39,MYOR,RG,2390,2,F,ZP,XL,D
13:54:39,MYOR,RG,2390,5,F,ZP,KK,D
13:54:39,MYOR,RG,2390,1,F,ZP,AZ,D
13:54:39,MYOR,RG,2390,1,F,ZP,NI,D
13:54:39,MYOR,RG,2390,1,F,ZP,XC,D
13:54:39,MYOR,RG,2390,1,F,ZP,SQ,D
13:54:39,MYOR,RG,2390,50,F,ZP,AZ,D
13:54:39,MYOR,RG,2390,5,F,ZP,PD,D
13:54:39,MYOR,RG,2390,5,F,ZP,XC,D
13:54:39,MYOR,RG,2390,21,F,ZP,PD,D
13:54:39,MYOR,RG,2390,8,F,ZP,PD,D
13:54:39,MYOR,RG,2390,2,F,ZP,OD,F
13:54:39,MYOR,RG,2390,10,F,ZP,NI,D
13:54:39,MYOR,RG,2390,5,F,ZP,XC,D
13:54:39,MYOR,RG,2390,1,F,ZP,YP,D
13:54:39,MYOR,RG,2360,444,D,YP,XA,D
13:54:39,MYOR,RG,2360,160,D,OD,XA,D
13:54:39,MYOR,RG,2360,40,D,OD,XA,D
13:54:39,MYOR,RG,2360,160,D,OD,XA,D
13:54:39,MYOR,RG,2360,40,D,OD,XA,D
13:54:39,MYOR,RG,2360,6,F,ZP,XA,D
13:54:39,MYOR,RG,2360,24,F,ZP,XA,D
13:54:39,MYOR,RG,2360,2,F,AK,XA,D
13:54:39,MYOR,RG,2360,1,F,AK,XA,D
13:54:39,MYOR,RG,2360,1,D,YP,XA,D
13:54:39,MYOR,RG,2360,10,D,LG,XA,D
13:54:39,MYOR,RG,2360,5,D,PD,XA,D
13:54:39,MYOR,RG,2360,79,D,CP,XA,D
13:54:39,MYOR,RG,2370,4,D,KZ,XA,D
13:54:39,MYOR,RG,2370,3,D,KZ,XA,D
13:54:39,MYOR,RG,2370,78,F,BK,XA,D
13:54:39,MYOR,RG,2370,1,D,CC,XA,D
13:54:39,MYOR,RG,2370,160,D,OD,XA,D
13:54:39,MYOR,RG,2370,40,D,OD,XA,D
13:54:39,MYOR,RG,2370,8,D,XC,XA,D
13:54:39,MYOR,RG,2370,1,F,AK,XA,D
13:54:39,MYOR,RG,2370,1,F,AK,XA,D
13:54:39,MYOR,RG,2370,8,F,ZP,XA,D
13:54:39,MYOR,RG,2380,26,D,KZ,XA,D
13:54:39,MYOR,RG,2380,6,F,AK,XA,D
13:54:39,MYOR,RG,2380,34,D,KZ,XA,D
13:54:39,MYOR,RG,2380,51,D,KZ,XA,D
13:54:39,MYOR,RG,2380,33,F,ZP,XA,D
13:54:39,MYOR,RG,2380,74,D,OD,XA,D
13:54:30,MYOR,RG,2390,1,D,XC,YP,D
13:54:28,MYOR,RG,2390,8,F,ZP,YP,D
13:54:28,MYOR,RG,2390,10,F,ZP,KK,D
13:54:28,MYOR,RG,2390,5,F,ZP,AZ,D
13:54:28,MYOR,RG,2390,2,F,ZP,XC,D
13:54:28,MYOR,RG,2390,2,F,ZP,XC,D
13:54:28,MYOR,RG,2390,2,F,ZP,XC,D
13:54:28,MYOR,RG,2390,2,F,ZP,YP,D
13:54:28,MYOR,RG,2390,86,F,ZP,YP,D
13:54:28,MYOR,RG,2380,88,D,OD,BK,F
13:54:28,MYOR,RG,2380,5,D,OD,XC,D
13:54:28,MYOR,RG,2380,5,D,OD,EP,D
13:54:28,MYOR,RG,2380,1,D,OD,LG,D
13:54:28,MYOR,RG,2380,87,D,OD,BK,F
13:54:28,MYOR,RG,2380,6,D,OD,XC,D
13:54:28,MYOR,RG,2380,50,D,OD,XL,D
13:54:28,MYOR,RG,2380,2,D,OD,XC,D
13:54:28,MYOR,RG,2380,1,D,OD,YP,D
13:54:28,MYOR,RG,2380,38,D,OD,BB,D
13:54:28,MYOR,RG,2380,417,D,OD,CC,F
13:54:28,MYOR,RG,2380,176,D,OD,BK,F
13:54:28,MYOR,RG,2380,2,D,OD,XC,D
13:54:28,MYOR,RG,2380,30,D,OD,NI,D
13:54:28,MYOR,RG,2380,6,D,OD,KK,D
13:54:28,MYOR,RG,2380,2,D,OD,HP,D
13:54:28,MYOR,RG,2380,2,D,OD,CP,D
13:54:28,MYOR,RG,2380,28,D,OD,BK,F
13:54:28,MYOR,RG,2380,61,D,OD,BK,F
13:54:28,MYOR,RG,2380,7,D,OD,YP,D
13:54:28,MYOR,RG,2380,32,D,OD,CC,D
13:54:28,MYOR,RG,2380,3,F,ZP,CC,D
13:54:28,MYOR,RG,2380,1,F,ZP,XL,D
13:54:28,MYOR,RG,2380,1,F,ZP,OD,D
13:54:28,MYOR,RG,2380,1,F,ZP,XL,D
13:54:28,MYOR,RG,2380,1,F,ZP,XC,D
13:54:28,MYOR,RG,2380,18,F,ZP,YP,D
13:54:27,MYOR,RG,2380,32,D,OD,YP,D
13:54:27,MYOR,RG,2380,1,D,OD,XC,D
13:54:27,MYOR,RG,2380,150,D,OD,PD,D
13:54:27,MYOR,RG,2380,1,D,OD,PD,D
13:54:27,MYOR,RG,2380,18,D,OD,PD,D
13:54:27,MYOR,RG,2380,2,D,OD,XC,D
13:54:27,MYOR,RG,2380,10,D,OD,PD,D
13:54:27,MYOR,RG,2380,1,D,OD,DR,D
13:54:27,MYOR,RG,2380,3,D,OD,DH,D
13:54:27,MYOR,RG,2380,1,D,OD,AT,D
13:54:27,MYOR,RG,2380,2,D,OD,XL,D
13:54:27,MYOR,RG,2380,4,D,OD,XC,D
13:54:27,MYOR,RG,2380,21,D,OD,CC,D
13:54:27,MYOR,RG,2380,34,D,OD,AZ,D
13:53:30,MYOR,RG,2380,1,F,AK,AZ,D
13:52:58,MYOR,RG,2370,3,F,ZP,LG,D
13:52:58,MYOR,RG,2370,19,D,OD,LG,D
13:52:18,MYOR,RG,2380,15,F,ZP,AZ,D
13:52:18,MYOR,RG,2380,1,F,ZP,DH,D
13:52:18,MYOR,RG,2370,97,D,OD,CC,F
13:52:08,MYOR,RG,2370,44,D,OD,BK,F
13:52:08,MYOR,RG,2370,34,D,OD,BK,F
13:51:54,MYOR,RG,2370,6,D,OD,BK,F
13:51:34,MYOR,RG,2380,1,D,XL,DH,D
13:51:34,MYOR,RG,2380,2,D,XL,PD,D
13:50:22,MYOR,RG,2380,3,F,ZP,PD,D
13:50:22,MYOR,RG,2380,3,F,ZP,XL,D
13:50:22,MYOR,RG,2380,3,F,ZP,PD,D
13:48:25,MYOR,RG,2370,52,F,ZP,CC,F
13:48:25,MYOR,RG,2370,39,D,KZ,CC,F
13:47:34,MYOR,RG,2370,20,F,ZP,AK,F
13:47:34,MYOR,RG,2370,37,D,OD,AK,F
13:47:34,MYOR,RG,2370,10,D,OD,CC,D
13:47:34,MYOR,RG,2370,2,D,OD,OD,D
13:47:34,MYOR,RG,2370,1,D,OD,CC,D
13:47:34,MYOR,RG,2370,1,D,OD,PD,D
13:47:34,MYOR,RG,2370,4,D,OD,BB,D
13:47:34,MYOR,RG,2370,5,D,OD,ZP,D
13:47:34,MYOR,RG,2370,28,D,OD,CC,F
13:47:34,MYOR,RG,2370,72,D,OD,BK,F
13:47:34,MYOR,RG,2370,40,D,OD,BK,F
13:47:13,MYOR,RG,2360,2,D,CP,PD,D
13:46:36,MYOR,RG,2360,10,D,CP,AZ,D
13:46:13,MYOR,RG,2360,9,D,CP,AZ,D
13:46:13,MYOR,RG,2360,5,D,XC,AZ,D
13:46:13,MYOR,RG,2360,4,D,KK,AZ,D
13:46:13,MYOR,RG,2360,10,D,GR,AZ,D
13:46:13,MYOR,RG,2360,3,F,ZP,AZ,D
13:46:13,MYOR,RG,2360,5,D,XC,AZ,D
13:46:13,MYOR,RG,2360,4,D,OD,AZ,D
13:41:04,MYOR,RG,2370,1,D,YP,BK,F
13:40:28,MYOR,RG,2370,6,F,ZP,BK,F
13:40:28,MYOR,RG,2370,2,F,ZP,BB,D
13:39:44,MYOR,RG,2360,4,D,OD,OD,D
13:39:10,MYOR,RG,2360,5,D,OD,BQ,D
13:36:34,MYOR,RG,2370,9,F,ZP,CC,F
13:36:25,MYOR,RG,2370,60,F,ZP,CC,F
13:36:25,MYOR,RG,2370,1,F,AK,CC,F
13:36:02,MYOR,RG,2370,1,F,AK,CC,F
13:36:02,MYOR,RG,2370,11,F,ZP,CC,F
13:36:02,MYOR,RG,2370,122,F,AK,CC,F
13:36:02,MYOR,RG,2370,3,F,ZP,CC,F
13:36:00,MYOR,RG,2370,7,F,ZP,BQ,D
13:36:00,MYOR,RG,2370,8,D,OD,BQ,D
13:35:24,MYOR,RG,2380,2,F,ZP,PD,D
13:35:24,MYOR,RG,2380,1,F,ZP,XC,D
13:32:31,MYOR,RG,2380,20,F,ZP,YP,D
13:32:31,MYOR,RG,2380,4,F,ZP,HP,D
13:32:31,MYOR,RG,2380,1,F,ZP,XL,D
13:32:31,MYOR,RG,2380,10,F,ZP,KK,D
13:32:31,MYOR,RG,2370,10,D,OD,OD,D
13:32:31,MYOR,RG,2370,1,D,OD,XL,D
13:32:31,MYOR,RG,2370,165,D,OD,AK,F
13:32:31,MYOR,RG,2370,49,D,OD,BB,D
13:32:31,MYOR,RG,2370,54,D,OD,BK,F
13:32:31,MYOR,RG,2370,1,D,OD,PD,D
13:32:31,MYOR,RG,2370,10,D,OD,PD,D
13:32:31,MYOR,RG,2370,1,D,OD,XC,D
13:32:31,MYOR,RG,2370,45,D,OD,CC,D
13:32:31,MYOR,RG,2370,86,D,OD,CC,D
13:31:12,MYOR,RG,2370,10,D,XC,CC,D
13:30:24,MYOR,RG,2370,9,F,ZP,CC,D
13:30:06,MYOR,RG,2370,4,F,AK,CC,D
13:30:05,MYOR,RG,2370,2,D,YP,CC,D
13:30:04,MYOR,RG,2370,21,D,YP,CC,D
13:30:03,MYOR,RG,2370,50,D,OD,CC,D
13:30:03,MYOR,RG,2370,1,D,XC,CC,D
13:30:02,MYOR,RG,2370,21,F,ZP,CC,D
13:30:02,MYOR,RG,2370,2,D,XL,CC,D
13:30:02,MYOR,RG,2370,4,D,XC,CC,D
13:30:02,MYOR,RG,2370,1,D,PD,CC,D
13:30:02,MYOR,RG,2370,1,D,PD,CC,D
13:30:02,MYOR,RG,2370,1,D,PD,CC,D
13:30:01,MYOR,RG,2370,6,D,PD,CC,D
13:30:01,MYOR,RG,2370,1,D,XC,CC,D
13:30:01,MYOR,RG,2370,1,D,EP,CC,D
13:30:01,MYOR,RG,2370,176,D,OD,CC,D
13:30:01,MYOR,RG,2370,44,D,OD,CC,D
13:30:01,MYOR,RG,2370,38,F,ZP,CC,D
13:30:01,MYOR,RG,2370,1,D,EP,CC,D
13:30:01,MYOR,RG,2370,10,D,KK,CC,D
13:30:01,MYOR,RG,2370,80,D,OD,CC,D
13:30:01,MYOR,RG,2370,20,D,OD,CC,D
13:30:01,MYOR,RG,2370,160,D,OD,CC,D
13:30:01,MYOR,RG,2370,40,D,OD,CC,D
13:30:01,MYOR,RG,2370,10,D,XC,CC,D
13:30:01,MYOR,RG,2370,24,F,ZP,CC,D
13:30:01,MYOR,RG,2370,131,D,OD,CC,D
11:29:42,MYOR,RG,2380,1,F,ZP,AK,F
11:29:26,MYOR,RG,2380,3,F,ZP,AK,F
11:28:40,MYOR,RG,2370,3,D,OD,YP,D
11:28:15,MYOR,RG,2370,1,D,OD,BB,D
11:27:36,MYOR,RG,2380,2,D,CC,AK,F
11:27:15,MYOR,RG,2380,1,F,AK,AK,F
11:26:19,MYOR,RG,2380,1,D,PD,AK,F
11:26:15,MYOR,RG,2380,1,F,AK,AK,F
11:26:03,MYOR,RG,2370,6,D,OD,BB,D
11:25:28,MYOR,RG,2370,23,D,OD,BK,F
11:25:25,MYOR,RG,2380,3,F,ZP,AK,F
11:25:00,MYOR,RG,2380,1,F,AK,AK,F
11:23:01,MYOR,RG,2370,5,D,OD,EP,D
11:22:12,MYOR,RG,2370,2,D,OD,XC,D
11:21:43,MYOR,RG,2370,22,D,OD,BB,D
11:20:49,MYOR,RG,2380,3,D,XC,AK,F
11:20:41,MYOR,RG,2380,11,F,ZP,AK,F
11:20:41,MYOR,RG,2370,30,D,OD,BK,F
11:20:41,MYOR,RG,2370,17,D,OD,OD,D
11:20:41,MYOR,RG,2370,60,D,OD,OD,D
11:20:41,MYOR,RG,2370,1,D,PD,OD,D
11:20:41,MYOR,RG,2370,17,F,ZP,OD,D
11:20:41,MYOR,RG,2370,1,F,AK,OD,D
11:20:41,MYOR,RG,2370,1,F,AK,OD,D
11:20:41,MYOR,RG,2370,3,D,OD,OD,D
11:20:25,MYOR,RG,2380,6,F,ZP,AK,F
11:20:18,MYOR,RG,2370,1,D,OD,CC,D
11:19:12,MYOR,RG,2370,18,D,OD,BK,F
11:19:08,MYOR,RG,2370,36,D,OD,BK,F
11:19:06,MYOR,RG,2380,20,F,ZP,AK,F
11:19:06,MYOR,RG,2380,16,D,ZP,AK,F
11:19:06,MYOR,RG,2380,30,D,ZP,YP,D
11:19:06,MYOR,RG,2380,2,D,ZP,XL,D
11:19:06,MYOR,RG,2380,15,D,ZP,PD,D
11:19:06,MYOR,RG,2380,36,D,ZP,YP,D
11:19:06,MYOR,RG,2380,31,D,ZP,KK,D
11:19:05,MYOR,RG,2370,4,D,OD,CC,D
11:18:55,MYOR,RG,2370,3,D,OD,CC,D
11:18:30,MYOR,RG,2370,17,D,OD,BK,F
11:18:30,MYOR,RG,2380,80,D,PD,KK,D
11:15:18,MYOR,RG,2380,8,F,ZP,KK,D
11:14:51,MYOR,RG,2370,15,D,OD,BK,F
11:14:49,MYOR,RG,2370,4,D,OD,XL,D
11:14:41,MYOR,RG,2370,16,D,OD,BK,F
11:14:36,MYOR,RG,2370,53,D,OD,BK,F
11:14:32,MYOR,RG,2380,21,F,ZP,KK,D
11:14:32,MYOR,RG,2370,70,D,OD,BK,F
11:14:32,MYOR,RG,2370,60,D,OD,BK,F
11:14:32,MYOR,RG,2370,1,F,AK,BK,F
11:14:32,MYOR,RG,2370,1,D,XC,BK,F
11:14:32,MYOR,RG,2370,5,D,PD,BK,F
11:14:32,MYOR,RG,2370,84,D,OD,BK,F
11:14:32,MYOR,RG,2370,1,F,AK,BK,F
11:14:32,MYOR,RG,2370,28,F,ZP,BK,F
11:14:32,MYOR,RG,2380,14,F,ZP,KK,D
11:14:32,MYOR,RG,2370,16,F,ZP,BK,F
11:14:28,MYOR,RG,2370,23,F,ZP,BK,F
11:14:28,MYOR,RG,2370,75,D,OD,BK,F
11:13:31,MYOR,RG,2370,28,D,OD,BK,F
11:13:28,MYOR,RG,2380,22,F,ZP,KK,D
11:13:28,MYOR,RG,2370,97,D,OD,BK,F
11:13:28,MYOR,RG,2370,50,D,OD,BK,F
11:13:28,MYOR,RG,2370,1,F,AK,BK,F
11:13:28,MYOR,RG,2370,1,D,PD,BK,F
11:13:28,MYOR,RG,2370,1,D,PD,BK,F
11:13:28,MYOR,RG,2370,100,D,OD,BK,F
11:13:28,MYOR,RG,2370,3,D,OD,PD,D
11:13:00,MYOR,RG,2370,15,D,OD,BB,D
11:12:49,MYOR,RG,2370,1,D,OD,PD,D
11:12:19,MYOR,RG,2380,4,D,PD,KK,D
11:10:18,MYOR,RG,2380,9,F,ZP,KK,D
11:10:13,MYOR,RG,2370,41,D,OD,BK,F
11:10:13,MYOR,RG,2370,40,D,OD,BK,F
11:10:13,MYOR,RG,2370,6,D,PD,BK,F
11:08:44,MYOR,RG,2380,10,F,ZP,KK,D
11:08:44,MYOR,RG,2380,5,F,ZP,AZ,D
11:08:44,MYOR,RG,2380,5,F,ZP,PD,D
11:08:44,MYOR,RG,2380,3,F,ZP,PD,D
11:08:44,MYOR,RG,2370,22,D,PD,BK,F
11:08:44,MYOR,RG,2370,50,D,CC,BK,F
11:08:44,MYOR,RG,2370,1,F,AK,BK,F
11:08:44,MYOR,RG,2370,1,F,AK,BK,F
11:08:44,MYOR,RG,2370,118,F,AK,BK,F
11:08:44,MYOR,RG,2370,58,F,ZP,BK,F
11:08:44,MYOR,RG,2370,3,F,ZP,PD,D
11:08:39,MYOR,RG,2370,10,F,ZP,PD,D
11:06:08,MYOR,RG,2370,1,F,ZP,PD,D
11:06:06,MYOR,RG,2380,4,F,AK,PD,D
11:05:21,MYOR,RG,2370,15,F,ZP,YP,D
11:05:18,MYOR,RG,2380,2,F,ZP,PD,D
11:05:15,MYOR,RG,2380,1,F,ZP,PD,D
11:03:11,MYOR,RG,2370,13,F,ZP,GR,D
11:02:24,MYOR,RG,2370,1,F,ZP,CC,D
11:01:56,MYOR,RG,2380,1,F,ZP,AT,D
11:01:56,MYOR,RG,2380,3,F,ZP,CC,D
11:00:23,MYOR,RG,2380,4,F,ZP,CC,D
11:00:15,MYOR,RG,2380,2,F,ZP,CC,D
11:00:00,MYOR,RG,2380,2,F,AK,CC,D
10:59:46,MYOR,RG,2380,19,F,ZP,CC,D
10:59:46,MYOR,RG,2380,1,F,ZP,XL,D
10:59:46,MYOR,RG,2380,2,F,ZP,XC,D
10:59:46,MYOR,RG,2380,4,F,ZP,XC,D
10:59:46,MYOR,RG,2370,10,F,AK,CP,D
10:59:46,MYOR,RG,2370,1,F,AK,XC,D
10:59:46,MYOR,RG,2370,1,F,AK,XC,D
10:59:46,MYOR,RG,2370,1,F,AK,XC,D
10:59:46,MYOR,RG,2370,18,F,AK,BK,F
10:59:46,MYOR,RG,2370,10,D,OD,BK,F
10:59:46,MYOR,RG,2370,1,D,OD,CC,D
10:59:46,MYOR,RG,2370,10,D,OD,CC,D
10:59:46,MYOR,RG,2370,3,D,OD,XC,D
10:59:46,MYOR,RG,2370,25,D,OD,PD,D
10:59:46,MYOR,RG,2370,1,D,OD,BQ,D
10:59:46,MYOR,RG,2370,5,D,OD,PD,D
10:59:46,MYOR,RG,2370,3,D,OD,XC,D
10:59:46,MYOR,RG,2370,6,D,OD,BB,D
10:59:46,MYOR,RG,2370,20,D,OD,NI,D
10:59:46,MYOR,RG,2370,10,D,OD,KK,D
10:59:46,MYOR,RG,2370,146,D,OD,AK,F
10:59:46,MYOR,RG,2370,59,D,OD,AK,F
10:59:46,MYOR,RG,2370,1,D,OD,PD,D
10:59:03,MYOR,RG,2370,1,F,ZP,PD,D
10:59:03,MYOR,RG,2370,7,F,ZP,XL,D
10:57:08,MYOR,RG,2370,3,F,ZP,XL,D
10:57:08,MYOR,RG,2370,1,F,ZP,XC,D
10:57:08,MYOR,RG,2370,2,F,ZP,XC,D
10:55:24,MYOR,RG,2370,2,F,ZP,PD,D
10:55:23,MYOR,RG,2360,10,D,OD,BB,D
10:55:20,MYOR,RG,2370,3,F,ZP,PD,D
10:55:06,MYOR,RG,2370,2,F,AK,PD,D
10:54:34,MYOR,RG,2370,13,F,ZP,PD,D
10:54:34,MYOR,RG,2370,1,F,ZP,XC,D
10:51:15,MYOR,RG,2370,1,D,XC,XC,D
10:51:15,MYOR,RG,2370,2,F,AK,CC,D
10:51:06,MYOR,RG,2370,1,D,XC,CC,D
10:50:59,MYOR,RG,2370,1,D,XC,CC,D
10:50:23,MYOR,RG,2370,1,F,ZP,CC,D
10:48:06,MYOR,RG,2360,9,D,OD,LG,D
10:45:24,MYOR,RG,2370,1,F,ZP,CC,D
10:45:07,MYOR,RG,2360,1,D,OD,NI,D
10:43:21,MYOR,RG,2370,4,D,XC,CC,D
10:43:21,MYOR,RG,2370,2,D,XC,PD,D
10:42:45,MYOR,RG,2370,2,F,AK,PD,D
10:40:23,MYOR,RG,2370,1,F,ZP,PD,D
10:39:45,MYOR,RG,2370,1,F,AK,PD,D
10:38:26,MYOR,RG,2360,2,D,OD,BB,D
10:35:19,MYOR,RG,2370,4,F,ZP,PD,D
10:35:05,MYOR,RG,2360,5,D,OD,YP,D
10:35:05,MYOR,RG,2360,1,F,ZP,YP,D
10:33:21,MYOR,RG,2370,2,F,AK,BB,D
10:33:10,MYOR,RG,2370,5,D,MK,BB,D
10:32:54,MYOR,RG,2360,3,F,ZP,XC,D
10:31:47,MYOR,RG,2360,1,F,ZP,XC,D
10:31:47,MYOR,RG,2360,20,D,OD,XC,D
10:30:42,MYOR,RG,2360,10,D,OD,BB,D
10:30:21,MYOR,RG,2370,5,F,ZP,BK,F
10:28:16,MYOR,RG,2360,1,D,OD,XC,D
10:28:10,MYOR,RG,2360,5,D,OD,KK,D
10:27:43,MYOR,RG,2360,1,D,OD,XL,D
10:26:27,MYOR,RG,2370,50,D,MG,BK,F
10:25:24,MYOR,RG,2370,14,F,ZP,BK,F
10:24:47,MYOR,RG,2360,24,D,OD,PD,D
10:23:38,MYOR,RG,2360,99,D,OD,AZ,D
10:23:38,MYOR,RG,2360,22,D,OD,AZ,D
10:23:19,MYOR,RG,2360,1,D,OD,XC,D
10:22:56,MYOR,RG,2360,6,D,OD,BB,D
10:22:50,MYOR,RG,2360,3,D,OD,PD,D
10:20:26,MYOR,RG,2370,10,F,ZP,BK,F
10:19:32,MYOR,RG,2370,7,D,XL,BK,F
10:19:01,MYOR,RG,2370,1,D,XL,BK,F
10:17:46,MYOR,RG,2370,10,D,XL,BK,F
10:17:33,MYOR,RG,2370,1,D,XC,BK,F
10:17:23,MYOR,RG,2360,8,D,OD,XL,D
10:17:23,MYOR,RG,2360,1,F,AK,XL,D
10:17:23,MYOR,RG,2360,5,D,OD,XL,D
10:16:22,MYOR,RG,2370,2,D,AZ,BK,F
10:15:25,MYOR,RG,2370,23,F,ZP,BK,F
10:15:25,MYOR,RG,2370,1,F,ZP,PD,D
10:15:25,MYOR,RG,2370,1,F,ZP,NI,D
10:15:09,MYOR,RG,2360,30,D,OD,YP,D
10:12:47,MYOR,RG,2370,1,D,CP,NI,D
10:12:36,MYOR,RG,2370,1,D,NI,NI,D
10:12:30,MYOR,RG,2370,119,D,OD,AK,F
10:12:30,MYOR,RG,2370,41,D,OD,YU,D
10:12:30,MYOR,RG,2370,15,F,ZP,YU,D
10:12:30,MYOR,RG,2370,40,D,OD,YU,D
10:12:30,MYOR,RG,2370,1,F,AK,YU,D
10:12:30,MYOR,RG,2370,1,F,AK,YU,D
10:12:30,MYOR,RG,2370,1,F,AK,YU,D
10:12:30,MYOR,RG,2370,1,F,AK,YU,D
10:12:25,MYOR,RG,2370,93,F,CC,AK,F
10:12:24,MYOR,RG,2370,7,F,CC,YU,D
10:12:24,MYOR,RG,2370,125,F,AK,YU,D
10:12:24,MYOR,RG,2370,67,F,ZP,YU,D
10:12:24,MYOR,RG,2370,1,F,AK,YU,D
10:12:13,MYOR,RG,2370,30,F,ZP,AK,F
10:12:13,MYOR,RG,2370,140,D,AZ,AK,F
10:12:13,MYOR,RG,2370,3,D,AZ,BB,D
10:12:13,MYOR,RG,2370,5,D,AZ,AZ,D
10:12:13,MYOR,RG,2370,10,D,AZ,NI,D
10:12:13,MYOR,RG,2370,3,D,AZ,DR,D
10:12:13,MYOR,RG,2370,1,D,AZ,XC,D
10:12:13,MYOR,RG,2370,2,D,AZ,XC,D
10:12:13,MYOR,RG,2370,1,D,AZ,YP,D
10:12:13,MYOR,RG,2370,35,D,AZ,XC,D
10:11:22,MYOR,RG,2360,6,D,OD,PD,D
10:11:16,MYOR,RG,2360,1,D,OD,DH,D
10:11:16,MYOR,RG,2360,2,D,OD,PD,D
10:11:16,MYOR,RG,2360,2,D,OD,SQ,D
10:11:16,MYOR,RG,2360,4,D,OD,BB,D
10:11:16,MYOR,RG,2360,5,D,OD,PD,D
10:11:16,MYOR,RG,2360,5,D,OD,XC,D
10:11:16,MYOR,RG,2360,100,D,OD,YU,D
10:11:16,MYOR,RG,2360,40,D,OD,YU,D
10:11:04,MYOR,RG,2350,1,D,OD,XL,D
10:10:25,MYOR,RG,2360,5,F,ZP,YU,D
10:09:51,MYOR,RG,2350,4,D,OD,PD,D
10:07:32,MYOR,RG,2350,3,D,OD,BB,D
10:06:56,MYOR,RG,2360,40,F,ZP,YU,D
10:06:56,MYOR,RG,2350,1,D,OD,XC,D
10:06:56,MYOR,RG,2350,1,D,OD,BB,D
10:06:56,MYOR,RG,2350,200,D,OD,YU,D
10:06:56,MYOR,RG,2350,15,D,OD,GR,D
10:06:56,MYOR,RG,2350,171,D,OD,YP,D
10:06:56,MYOR,RG,2350,100,D,OD,YP,D
10:06:36,MYOR,RG,2350,5,D,OD,YP,D
10:06:12,MYOR,RG,2350,5,D,OD,YP,D
10:06:03,MYOR,RG,2350,1,D,BQ,YP,D
10:05:21,MYOR,RG,2350,14,F,ZP,YP,D
10:04:27,MYOR,RG,2340,4,D,AK,BB,D
10:01:54,MYOR,RG,2340,3,D,AK,LG,D
10:01:54,MYOR,RG,2350,21,D,PD,YP,D
10:01:25,MYOR,RG,2340,2,D,AK,BB,D
10:01:18,MYOR,RG,2340,25,D,AK,OD,D
10:00:53,MYOR,RG,2340,1,D,AK,YP,D
09:58:05,MYOR,RG,2340,1,D,AK,PD,D
09:57:10,MYOR,RG,2350,2,D,IF,YP,D
09:54:12,MYOR,RG,2340,1,D,AK,XC,D
09:54:00,MYOR,RG,2340,1,D,AK,XC,D
09:53:38,MYOR,RG,2340,10,D,AK,CC,D
09:52:32,MYOR,RG,2340,2,D,AK,PD,D
09:51:08,MYOR,RG,2350,1,D,NI,YP,D
09:50:47,MYOR,RG,2350,1,F,ZP,YP,D
09:50:47,MYOR,RG,2350,4,D,DH,YP,D
09:50:47,MYOR,RG,2350,6,F,ZP,YP,D
09:50:47,MYOR,RG,2350,1,F,AK,YP,D
09:50:47,MYOR,RG,2350,5,D,YP,YP,D
09:50:47,MYOR,RG,2350,4,D,PD,YP,D
09:50:47,MYOR,RG,2350,1,D,SS,YP,D
09:50:47,MYOR,RG,2350,25,F,CC,YP,D
09:50:47,MYOR,RG,2350,2,D,YP,YP,D
09:50:47,MYOR,RG,2350,1,F,ZP,YP,D
09:50:13,MYOR,RG,2350,22,F,ZP,XC,D
09:49:28,MYOR,RG,2350,15,F,ZP,AZ,D
09:49:28,MYOR,RG,2350,3,F,AK,AZ,D
09:49:28,MYOR,RG,2350,3,F,AK,AZ,D
09:49:28,MYOR,RG,2350,1,F,ZP,AZ,D
09:49:28,MYOR,RG,2350,23,D,YP,AZ,D
09:47:24,MYOR,RG,2350,23,D,YP,XC,D
09:46:48,MYOR,RG,2350,4,D,YP,KK,D
09:46:25,MYOR,RG,2350,200,D,YP,YU,D
09:46:25,MYOR,RG,2350,50,D,YP,AK,F
09:46:18,MYOR,RG,2350,10,D,PD,AK,F
09:46:02,MYOR,RG,2350,7,D,PD,AK,F
09:45:10,MYOR,RG,2340,16,D,AK,BK,F
09:45:05,MYOR,RG,2340,52,D,AK,DR,D
09:44:55,MYOR,RG,2340,17,D,AK,BK,F
09:44:52,MYOR,RG,2340,58,D,AK,AK,F
09:44:52,MYOR,RG,2340,4,F,CC,AK,F
09:44:52,MYOR,RG,2340,25,F,ZP,AK,F
09:44:52,MYOR,RG,2340,1,F,AK,AK,F
09:44:41,MYOR,RG,2350,137,D,OD,AK,F
09:44:40,MYOR,RG,2350,23,D,OD,AK,F
09:44:40,MYOR,RG,2350,40,D,OD,AK,F
09:44:39,MYOR,RG,2350,7,D,OD,AK,F
09:44:39,MYOR,RG,2350,57,D,OD,AK,F
09:44:39,MYOR,RG,2350,69,D,OD,BK,F
09:44:39,MYOR,RG,2350,27,D,OD,AK,F
09:44:38,MYOR,RG,2350,40,D,OD,AK,F
09:44:33,MYOR,RG,2330,31,D,OD,BK,F
09:44:33,MYOR,RG,2330,45,D,OD,YU,D
09:44:33,MYOR,RG,2330,40,D,OD,YU,D
09:44:33,MYOR,RG,2330,1,D,AK,YU,D
09:44:33,MYOR,RG,2330,1,D,AK,YU,D
09:44:33,MYOR,RG,2330,1,D,AK,YU,D
09:44:33,MYOR,RG,2330,1,D,AK,YU,D
09:44:33,MYOR,RG,2330,1,D,AK,YU,D
09:44:33,MYOR,RG,2330,1,D,AK,YU,D
09:44:33,MYOR,RG,2330,1,D,YP,YU,D
09:44:33,MYOR,RG,2330,1,D,XC,YU,D
09:44:33,MYOR,RG,2330,2,D,AK,YU,D
09:44:33,MYOR,RG,2330,5,D,OD,YU,D
09:44:30,MYOR,RG,2330,29,D,OD,YU,D
09:44:30,MYOR,RG,2340,2,D,XL,YU,D
09:44:30,MYOR,RG,2340,3,D,YP,YU,D
09:44:30,MYOR,RG,2340,66,D,OD,YU,D
09:44:29,MYOR,RG,2350,1,F,AK,AK,F
09:44:29,MYOR,RG,2350,73,F,ZP,AK,F
09:44:29,MYOR,RG,2350,16,F,ZP,AK,F
09:44:25,MYOR,RG,2350,536,D,YP,AK,F
09:44:24,MYOR,RG,2360,15,F,CC,YU,D
09:44:22,MYOR,RG,2370,4,D,PD,XC,D
09:44:22,MYOR,RG,2370,1,D,PD,XC,D
09:44:20,MYOR,RG,2370,1,D,AZ,XC,D
09:44:19,MYOR,RG,2350,162,D,YP,YU,D
09:44:19,MYOR,RG,2350,3,D,PD,YU,D
09:44:19,MYOR,RG,2350,1,D,PD,YU,D
09:44:19,MYOR,RG,2350,26,F,ZP,YU,D
09:44:19,MYOR,RG,2350,3,F,ZP,YU,D
09:44:19,MYOR,RG,2350,5,D,YP,YU,D
09:44:15,MYOR,RG,2360,6,F,CC,AK,F
09:44:15,MYOR,RG,2360,2,D,XL,AK,F
09:44:14,MYOR,RG,2360,19,F,ZP,AK,F
09:44:14,MYOR,RG,2360,20,F,ZP,YU,D
09:44:14,MYOR,RG,2360,78,D,OD,YU,D
09:44:11,MYOR,RG,2360,67,D,OD,AK,F
09:44:11,MYOR,RG,2360,15,D,OD,BK,F
09:44:11,MYOR,RG,2360,39,D,OD,BK,F
09:44:11,MYOR,RG,2360,1,D,OD,XC,D
09:43:57,MYOR,RG,2360,36,F,ZP,AK,F
09:43:57,MYOR,RG,2360,2,F,ZP,BK,F
09:43:57,MYOR,RG,2360,6,F,ZP,BK,F
09:43:01,MYOR,RG,2360,64,D,OD,BK,F
09:43:01,MYOR,RG,2360,10,D,OD,NI,D
09:43:01,MYOR,RG,2360,101,D,OD,CC,F
09:43:01,MYOR,RG,2360,17,D,OD,BB,D
09:43:01,MYOR,RG,2360,6,D,OD,AK,F
09:43:01,MYOR,RG,2360,10,D,OD,KK,D
09:43:01,MYOR,RG,2360,2,D,OD,XL,D
09:43:01,MYOR,RG,2360,1,D,OD,XC,D
09:43:01,MYOR,RG,2360,6,D,OD,PD,D
09:43:01,MYOR,RG,2360,1,D,OD,XC,D
09:43:01,MYOR,RG,2360,15,D,OD,PD,D
09:43:01,MYOR,RG,2360,87,D,OD,YU,F
09:43:01,MYOR,RG,2360,80,D,OD,YU,F
09:42:48,MYOR,RG,2360,7,D,XC,YU,F
09:42:21,MYOR,RG,2360,1,D,PD,YU,F
09:41:50,MYOR,RG,2350,62,D,OD,AK,F
09:41:50,MYOR,RG,2350,98,D,OD,CC,F
09:41:50,MYOR,RG,2350,39,D,OD,CC,F
09:41:50,MYOR,RG,2350,1,D,OD,BB,D
09:41:48,MYOR,RG,2350,11,F,ZP,AK,F
09:41:48,MYOR,RG,2350,38,D,OD,AK,F
09:41:48,MYOR,RG,2350,122,D,OD,CC,F
09:41:48,MYOR,RG,2350,39,D,OD,CC,F
09:41:48,MYOR,RG,2350,1,D,OD,CC,D
09:41:44,MYOR,RG,2350,19,D,XC,CC,D
09:41:44,MYOR,RG,2350,2,D,XC,BB,D
09:41:44,MYOR,RG,2350,1,D,XC,XC,D
09:41:44,MYOR,RG,2350,1,D,XC,YP,D
09:41:23,MYOR,RG,2350,9,F,ZP,AK,F
09:41:23,MYOR,RG,2350,1,F,ZP,KK,D
09:41:23,MYOR,RG,2350,8,F,ZP,NI,D
09:41:23,MYOR,RG,2340,1,D,OD,BB,D
09:41:23,MYOR,RG,2340,13,D,OD,YU,D
09:41:23,MYOR,RG,2340,20,D,OD,YU,D
09:41:23,MYOR,RG,2340,64,D,OD,AK,F
09:41:23,MYOR,RG,2340,16,D,OD,AI,D
09:41:23,MYOR,RG,2340,20,D,OD,AI,D
09:41:18,MYOR,RG,2340,3,F,ZP,AI,D
09:41:03,MYOR,RG,2340,1,D,YP,AI,D
09:40:00,MYOR,RG,2330,6,D,OD,PD,D
09:40:00,MYOR,RG,2330,10,D,OD,PD,D
09:40:00,MYOR,RG,2330,2,D,AK,PD,D
09:40:00,MYOR,RG,2330,3,D,AK,PD,D
09:40:00,MYOR,RG,2330,1,D,AK,PD,D
09:40:00,MYOR,RG,2330,4,D,AK,PD,D
09:40:00,MYOR,RG,2330,2,D,AK,PD,D
09:40:00,MYOR,RG,2330,1,D,AK,PD,D
09:40:00,MYOR,RG,2330,1,D,AK,PD,D
09:39:34,MYOR,RG,2350,2,D,PD,NI,D
09:39:27,MYOR,RG,2340,1,D,XC,CC,F
09:39:09,MYOR,RG,2340,1,D,XC,CC,F
09:39:01,MYOR,RG,2340,4,F,AK,AK,F
09:39:01,MYOR,RG,2340,2,F,AK,AK,F
09:39:01,MYOR,RG,2340,1,F,AK,AK,F
09:39:01,MYOR,RG,2340,42,F,ZP,AK,F
09:39:01,MYOR,RG,2340,8,F,ZP,AK,F
09:38:59,MYOR,RG,2340,1,F,ZP,YU,D
09:38:59,MYOR,RG,2340,2,D,OD,YU,D
09:38:59,MYOR,RG,2340,2,D,OD,YU,D
09:38:59,MYOR,RG,2340,20,D,OD,YP,D
09:38:59,MYOR,RG,2340,3,D,OD,BB,D
09:38:59,MYOR,RG,2340,2,D,OD,AZ,D
09:38:59,MYOR,RG,2340,51,D,OD,AK,F
09:38:59,MYOR,RG,2340,17,D,OD,AK,F
09:38:59,MYOR,RG,2340,3,D,OD,PD,D
09:37:37,MYOR,RG,2330,4,D,AK,YU,D
09:37:37,MYOR,RG,2330,29,D,AK,AK,F
09:37:37,MYOR,RG,2320,27,D,CC,YU,D
09:37:37,MYOR,RG,2320,2,D,XC,YU,D
09:37:37,MYOR,RG,2320,2,D,YP,YU,D
09:37:37,MYOR,RG,2320,1,D,PD,YU,D
09:37:37,MYOR,RG,2320,2,D,XC,YU,D
09:37:37,MYOR,RG,2330,39,D,AK,AK,F
09:37:37,MYOR,RG,2330,6,D,AK,BB,D
09:37:37,MYOR,RG,2330,50,D,AK,XL,D
09:37:15,MYOR,RG,2330,1,F,AK,XL,D
09:36:54,MYOR,RG,2330,1,D,OD,YU,D
09:36:54,MYOR,RG,2340,1,F,AK,PD,D
09:36:53,MYOR,RG,2330,13,D,OD,YU,D
09:36:53,MYOR,RG,2330,20,D,OD,CC,D
09:36:49,MYOR,RG,2330,6,D,OD,YU,D
09:36:49,MYOR,RG,2330,2,D,OD,YU,D
09:36:49,MYOR,RG,2330,8,D,OD,PD,D
09:36:49,MYOR,RG,2330,1,D,XC,PD,D
09:36:49,MYOR,RG,2330,3,D,OD,PD,D
09:36:43,MYOR,RG,2330,8,D,OD,YU,D
09:36:43,MYOR,RG,2330,11,D,OD,AK,F
09:36:43,MYOR,RG,2330,6,D,OD,YU,D
09:36:43,MYOR,RG,2330,10,D,OD,CC,D
09:36:34,MYOR,RG,2330,2,D,OD,YU,D
09:36:34,MYOR,RG,2330,10,D,OD,YU,D
09:36:34,MYOR,RG,2330,1,F,AK,YU,D
09:36:34,MYOR,RG,2330,1,F,AK,YU,D
09:36:34,MYOR,RG,2330,6,D,SQ,YU,D
09:36:34,MYOR,RG,2330,30,D,SQ,AK,F
09:36:28,MYOR,RG,2330,8,D,SQ,YU,D
09:36:27,MYOR,RG,2330,6,D,SQ,YU,D
09:36:27,MYOR,RG,2330,1,D,PD,YU,D
09:36:27,MYOR,RG,2330,3,D,CC,YU,D
09:36:27,MYOR,RG,2330,7,D,CC,AK,F
09:36:27,MYOR,RG,2330,1,F,AK,AK,F
09:36:27,MYOR,RG,2330,5,F,ZP,AK,F
09:36:27,MYOR,RG,2330,15,D,EP,AK,F
09:35:34,MYOR,RG,2330,1,D,EP,YU,D
09:35:34,MYOR,RG,2340,1,D,AZ,PD,D
09:35:34,MYOR,RG,2330,4,D,EP,YU,D
09:35:34,MYOR,RG,2330,1,F,AK,YU,D
09:35:34,MYOR,RG,2330,2,F,ZP,YU,D
09:35:34,MYOR,RG,2330,10,F,ZP,XC,D
09:35:15,MYOR,RG,2330,2,F,ZP,YU,D
09:35:15,MYOR,RG,2330,1,F,ZP,BB,D
09:35:15,MYOR,RG,2330,2,F,ZP,BB,D
09:33:36,MYOR,RG,2330,1,F,ZP,OD,D
09:33:30,MYOR,RG,2330,1,F,ZP,YU,D
09:33:30,MYOR,RG,2330,1,F,ZP,XL,D
09:33:25,MYOR,RG,2330,2,F,ZP,YU,D
09:33:25,MYOR,RG,2330,1,F,ZP,YU,D
09:33:25,MYOR,RG,2330,3,F,ZP,XL,D
09:33:25,MYOR,RG,2330,1,D,HP,XL,D
09:33:25,MYOR,RG,2330,1,F,AK,XL,D
09:33:10,MYOR,RG,2330,1,F,AK,AK,F
09:33:10,MYOR,RG,2330,3,F,AK,AK,F
09:33:10,MYOR,RG,2330,8,F,AK,AK,F
09:33:10,MYOR,RG,2330,6,F,AK,YU,D
09:33:10,MYOR,RG,2330,24,F,AK,YU,D
09:33:10,MYOR,RG,2330,3,F,AK,YP,D
09:33:10,MYOR,RG,2330,3,F,ZP,YP,D
09:33:10,MYOR,RG,2330,3,F,ZP,YP,D
09:33:10,MYOR,RG,2330,35,D,OD,YP,D
09:32:16,MYOR,RG,2330,3,D,OD,YU,D
09:32:16,MYOR,RG,2330,1,D,OD,YU,D
09:32:16,MYOR,RG,2350,5,D,OD,XC,D
09:32:16,MYOR,RG,2350,1,D,OD,CD,D
09:32:00,MYOR,RG,2330,1,D,OD,YU,D
09:32:00,MYOR,RG,2330,2,F,AK,YU,D
09:32:00,MYOR,RG,2330,2,D,OD,YU,D
09:32:00,MYOR,RG,2330,1,D,OD,XC,D
09:32:00,MYOR,RG,2330,1,D,OD,BB,D
09:32:00,MYOR,RG,2330,6,D,OD,NI,D
09:31:09,MYOR,RG,2320,3,F,AK,YU,D
09:31:09,MYOR,RG,2320,5,F,AK,PD,D
09:29:22,MYOR,RG,2320,1,F,AK,YU,D
09:29:22,MYOR,RG,2330,1,F,AK,NI,D
09:29:21,MYOR,RG,2320,5,F,AK,YU,D
09:29:21,MYOR,RG,2320,6,F,AK,YU,D
09:29:21,MYOR,RG,2330,3,F,ZP,NI,D
09:29:21,MYOR,RG,2330,2,F,ZP,BB,D
09:29:21,MYOR,RG,2330,1,F,ZP,YP,D
09:29:21,MYOR,RG,2330,2,F,ZP,PD,D
09:29:21,MYOR,RG,2330,8,F,ZP,CC,D
09:28:28,MYOR,RG,2330,1,D,AZ,CC,D
09:28:19,MYOR,RG,2320,1,F,AK,YU,D
09:28:19,MYOR,RG,2330,1,D,AZ,CC,D
09:28:18,MYOR,RG,2320,1,F,AK,YU,D
09:28:18,MYOR,RG,2330,1,D,XC,CC,D
09:28:00,MYOR,RG,2320,56,F,AK,YU,D
09:28:00,MYOR,RG,2320,3,F,ZP,YU,D
09:28:00,MYOR,RG,2320,9,F,ZP,YU,D
09:26:09,MYOR,RG,2330,1,F,AK,CC,D
09:26:09,MYOR,RG,2330,9,D,YP,CC,D
09:26:09,MYOR,RG,2330,5,D,YP,NI,D
09:26:09,MYOR,RG,2330,20,D,YP,AZ,D
09:26:09,MYOR,RG,2330,16,D,YP,YP,D
09:25:54,MYOR,RG,2330,1,D,PD,YP,D
09:25:44,MYOR,RG,2330,10,D,AZ,YP,D
09:25:17,MYOR,RG,2330,20,D,AZ,YP,D
09:25:11,MYOR,RG,2320,1,F,ZP,XA,D
09:25:00,MYOR,RG,2330,1,F,AK,YP,D
09:25:00,MYOR,RG,2320,39,F,AK,YU,D
09:24:24,MYOR,RG,2330,1,D,AZ,YP,D
09:24:20,MYOR,RG,2330,1,F,AK,YP,D
09:24:19,MYOR,RG,2320,4,F,AK,XC,D
09:24:19,MYOR,RG,2320,4,D,AZ,XC,D
09:24:19,MYOR,RG,2320,6,D,AZ,YU,D
09:24:16,MYOR,RG,2320,1,D,AZ,YU,D
09:24:09,MYOR,RG,2320,2,D,NI,YU,D
09:24:06,MYOR,RG,2320,16,D,DX,YU,D
09:24:06,MYOR,RG,2320,1,D,DX,XC,D
09:24:06,MYOR,RG,2320,13,D,DX,GR,D
09:23:45,MYOR,RG,2320,2,D,XC,GR,D
09:23:45,MYOR,RG,2320,2,D,XC,YU,D
09:23:01,MYOR,RG,2320,1,D,PD,YU,D
09:22:58,MYOR,RG,2320,1,D,KK,YU,D
09:22:58,MYOR,RG,2320,4,D,KK,CC,D
09:22:57,MYOR,RG,2320,1,D,AZ,CC,D
09:22:55,MYOR,RG,2320,2,D,XC,CC,D
09:22:50,MYOR,RG,2320,1,D,NI,CC,D
09:22:33,MYOR,RG,2320,5,D,XC,CC,D
09:22:27,MYOR,RG,2320,2,D,OD,CC,D
09:22:25,MYOR,RG,2320,10,D,KK,CC,D
09:22:25,MYOR,RG,2320,40,D,PD,CC,D
09:22:25,MYOR,RG,2320,1,D,CP,CC,D
09:22:25,MYOR,RG,2320,1,D,HP,CC,D
09:22:25,MYOR,RG,2320,1,D,XC,CC,D
09:22:25,MYOR,RG,2320,10,D,CC,CC,D
09:22:25,MYOR,RG,2320,1,D,YP,CC,D
09:22:25,MYOR,RG,2320,1,F,AK,CC,D
09:22:25,MYOR,RG,2320,50,D,CC,CC,D
09:22:25,MYOR,RG,2320,2,D,LG,CC,D
09:22:25,MYOR,RG,2320,2,D,EP,CC,D
09:22:25,MYOR,RG,2320,5,D,AZ,CC,D
09:22:25,MYOR,RG,2320,1,D,XC,CC,D
09:22:25,MYOR,RG,2320,1,D,XL,CC,D
09:22:25,MYOR,RG,2320,1,F,AK,CC,D
09:22:25,MYOR,RG,2320,3,F,ZP,CC,D
09:22:25,MYOR,RG,2320,20,D,YP,CC,D
09:22:25,MYOR,RG,2320,6,F,CC,CC,D
09:22:07,MYOR,RG,2320,1,F,CC,YU,D
09:22:06,MYOR,RG,2320,1,F,CC,YP,D
09:22:00,MYOR,RG,2320,1,F,CC,YU,D
09:22:00,MYOR,RG,2320,1,F,AK,YU,D
09:22:00,MYOR,RG,2320,3,F,ZP,YU,D
09:22:00,MYOR,RG,2320,1,F,AK,YU,D
09:22:00,MYOR,RG,2320,20,D,HP,YU,D
09:21:57,MYOR,RG,2330,2,D,XC,CC,D
09:21:25,MYOR,RG,2330,1,D,HP,CC,D
09:20:51,MYOR,RG,2330,1,D,AZ,CC,D
09:20:44,MYOR,RG,2320,5,D,HP,KK,D
09:20:44,MYOR,RG,2320,1,D,LG,KK,D
09:20:44,MYOR,RG,2320,1,D,PD,KK,D
09:20:44,MYOR,RG,2320,1,D,CC,KK,D
09:20:44,MYOR,RG,2320,25,D,YP,KK,D
09:20:44,MYOR,RG,2320,10,D,CC,KK,D
09:20:30,MYOR,RG,2330,1,D,AZ,CC,D
09:19:45,MYOR,RG,2330,1,D,AZ,CC,D
09:19:17,MYOR,RG,2330,2,D,LG,CC,D
09:19:13,MYOR,RG,2320,10,D,CC,GR,D
09:18:21,MYOR,RG,2330,5,D,KK,CC,D
09:17:55,MYOR,RG,2330,5,D,AZ,CC,D
09:17:53,MYOR,RG,2330,1,D,YP,CC,D
09:17:46,MYOR,RG,2330,1,D,SQ,CC,D
09:16:47,MYOR,RG,2330,1,D,LG,CC,D
09:15:52,MYOR,RG,2320,10,F,BK,GR,D
09:15:44,MYOR,RG,2320,1,D,PD,YP,D
09:15:44,MYOR,RG,2320,4,D,BQ,YP,D
09:14:59,MYOR,RG,2320,6,D,BQ,YU,D
09:14:59,MYOR,RG,2320,13,F,ZP,YU,D
09:14:59,MYOR,RG,2320,4,D,NI,YU,D
09:14:59,MYOR,RG,2320,1,D,IF,YU,D
09:14:59,MYOR,RG,2320,1,D,PD,YU,D
09:14:59,MYOR,RG,2320,1,D,IF,YU,D
09:14:59,MYOR,RG,2320,7,D,YP,YU,D
09:14:47,MYOR,RG,2330,5,D,PD,CC,D
09:14:43,MYOR,RG,2330,6,D,BQ,CC,D
09:14:33,MYOR,RG,2330,1,D,AZ,CC,D
09:14:33,MYOR,RG,2330,59,F,ZP,CC,D
09:14:33,MYOR,RG,2330,19,F,ZP,CC,D
09:14:33,MYOR,RG,2330,1,F,AK,CC,D
09:14:33,MYOR,RG,2330,1,F,AK,CC,D
09:14:33,MYOR,RG,2330,14,D,AK,CC,D
09:14:33,MYOR,RG,2330,97,F,AK,CC,D
09:14:33,MYOR,RG,2330,28,D,AK,CC,D
09:14:33,MYOR,RG,2330,13,D,AK,CC,D
09:14:33,MYOR,RG,2330,1,F,AK,CC,D
09:14:33,MYOR,RG,2330,4,F,AK,CC,D
09:14:33,MYOR,RG,2340,1,F,AK,CC,D
09:14:33,MYOR,RG,2340,5,F,AK,CC,D
09:14:33,MYOR,RG,2340,34,F,ZP,CC,D
09:14:33,MYOR,RG,2340,19,F,ZP,CC,D
09:14:28,MYOR,RG,2340,20,F,AK,CC,D
09:14:28,MYOR,RG,2340,9,F,AK,YP,D
09:14:28,MYOR,RG,2340,17,F,AK,XC,D
09:14:28,MYOR,RG,2340,1,D,AZ,XC,D
09:14:25,MYOR,RG,2330,10,F,AK,XC,D
09:14:25,MYOR,RG,2330,20,F,AK,KK,D
09:14:25,MYOR,RG,2330,115,F,AK,CC,D
09:14:25,MYOR,RG,2330,41,D,AK,CC,D
09:14:24,MYOR,RG,2330,34,D,AK,CC,D
09:14:24,MYOR,RG,2330,30,D,AK,CC,D
09:14:24,MYOR,RG,2330,1,D,AK,CC,D
09:14:24,MYOR,RG,2330,33,D,AK,CC,D
09:14:24,MYOR,RG,2330,59,D,AK,CC,D
09:14:24,MYOR,RG,2330,49,D,AK,CC,D
09:14:24,MYOR,RG,2330,3,D,AK,CC,D
09:14:14,MYOR,RG,2330,1,D,AZ,CC,D
09:13:14,MYOR,RG,2330,1,D,AZ,CC,D
09:13:06,MYOR,RG,2330,1,D,AZ,CC,D
09:12:53,MYOR,RG,2330,1,D,AZ,CC,D
09:12:49,MYOR,RG,2320,1,D,YP,DR,D
09:12:44,MYOR,RG,2330,1,D,AZ,CC,D
09:12:34,MYOR,RG,2330,5,D,CC,CC,D
09:12:04,MYOR,RG,2330,1,D,AZ,CC,D
09:11:40,MYOR,RG,2330,22,D,HP,CC,D
09:11:40,MYOR,RG,2330,1,F,AK,CC,D
09:11:40,MYOR,RG,2320,2,D,YP,LG,D
09:11:40,MYOR,RG,2320,2,D,CC,LG,D
09:11:40,MYOR,RG,2320,2,D,XL,LG,D
09:11:40,MYOR,RG,2320,2,D,XC,LG,D
09:11:40,MYOR,RG,2320,2,F,ZP,LG,D
09:11:40,MYOR,RG,2320,1,D,NI,LG,D
09:11:40,MYOR,RG,2320,19,D,NI,LG,D
09:11:23,MYOR,RG,2330,1,D,AZ,CC,D
09:10:48,MYOR,RG,2330,5,D,OD,CC,D
09:10:24,MYOR,RG,2330,14,D,LG,CC,D
09:10:14,MYOR,RG,2330,6,D,PD,CC,D
09:10:02,MYOR,RG,2320,1,D,NI,XC,D
09:10:02,MYOR,RG,2320,1,F,AK,XC,D
09:10:02,MYOR,RG,2320,6,F,ZP,XC,D
09:09:28,MYOR,RG,2330,7,D,LG,CC,D
09:09:28,MYOR,RG,2330,4,F,ZP,CC,D
09:09:28,MYOR,RG,2330,5,D,AZ,CC,D
09:09:28,MYOR,RG,2330,50,D,LG,CC,D
09:09:28,MYOR,RG,2330,1,F,AK,CC,D
09:09:28,MYOR,RG,2330,1,D,DH,CC,D
09:09:28,MYOR,RG,2330,5,F,ZP,CC,D
09:09:28,MYOR,RG,2330,2,D,HP,CC,D
09:06:43,MYOR,RG,2340,1,D,CC,XC,D
09:05:56,MYOR,RG,2340,1,D,AZ,XC,D
09:05:53,MYOR,RG,2320,1,F,ZP,PD,D
09:05:53,MYOR,RG,2320,1,F,AK,PD,D
09:05:53,MYOR,RG,2320,2,F,ZP,PD,D
09:05:53,MYOR,RG,2320,1,D,AZ,PD,D
09:05:53,MYOR,RG,2320,5,D,NI,PD,D
09:05:53,MYOR,RG,2320,2,D,YP,PD,D
09:05:53,MYOR,RG,2320,10,D,XL,PD,D
09:05:53,MYOR,RG,2320,10,D,XC,PD,D
09:05:53,MYOR,RG,2320,10,D,LG,PD,D
09:05:53,MYOR,RG,2320,50,D,YP,PD,D
09:05:53,MYOR,RG,2320,2,D,YB,PD,D
09:05:53,MYOR,RG,2320,1,D,PD,PD,D
09:05:53,MYOR,RG,2320,5,D,KK,PD,D
09:05:51,MYOR,RG,2330,2,D,OD,YB,D
09:05:49,MYOR,RG,2330,1,D,XC,YB,D
09:05:47,MYOR,RG,2330,1,D,AZ,YB,D
09:05:35,MYOR,RG,2330,1,D,XC,YB,D
09:05:18,MYOR,RG,2330,1,D,AZ,YB,D
09:05:06,MYOR,RG,2330,2,F,ZP,YB,D
09:05:05,MYOR,RG,2330,2,F,ZP,NI,D
09:05:05,MYOR,RG,2330,5,D,DR,NI,D
09:05:05,MYOR,RG,2330,2,F,ZP,NI,D
09:05:05,MYOR,RG,2330,2,D,PD,NI,D
09:05:05,MYOR,RG,2330,1,D,XL,NI,D
09:05:05,MYOR,RG,2330,1,F,AK,NI,D
09:05:05,MYOR,RG,2330,37,D,YP,NI,D
09:05:03,MYOR,RG,2330,1,D,YP,YP,D
09:04:44,MYOR,RG,2340,1,D,AZ,XC,D
09:04:31,MYOR,RG,2340,1,D,PD,BK,F
09:04:22,MYOR,RG,2340,3,F,ZP,BK,F
09:04:22,MYOR,RG,2340,2,F,ZP,BK,F
09:04:22,MYOR,RG,2340,1,D,AZ,BK,F
09:04:12,MYOR,RG,2330,8,D,YP,PD,D
09:04:00,MYOR,RG,2330,1,D,YP,AT,D
09:03:57,MYOR,RG,2330,3,D,YP,PD,D
09:03:57,MYOR,RG,2330,1,D,AZ,PD,D
09:03:57,MYOR,RG,2330,1,D,NI,PD,D
09:03:52,MYOR,RG,2340,3,D,AZ,BK,F
09:03:43,MYOR,RG,2340,1,D,AZ,BK,F
09:03:33,MYOR,RG,2340,11,F,ZP,BK,F
09:03:33,MYOR,RG,2340,3,F,ZP,BK,F
09:03:33,MYOR,RG,2340,1,F,AK,BK,F
09:03:33,MYOR,RG,2340,1,D,AZ,BK,F
09:03:02,MYOR,RG,2350,1,D,AZ,BK,F
09:02:53,MYOR,RG,2350,1,D,AZ,BK,F
09:02:48,MYOR,RG,2350,1,D,AZ,BK,F
09:02:43,MYOR,RG,2350,1,D,AZ,BK,F
09:02:41,MYOR,RG,2340,1,F,AK,BK,F
09:02:41,MYOR,RG,2340,3,F,ZP,BK,F
09:02:41,MYOR,RG,2340,100,D,YP,BK,F
09:02:29,MYOR,RG,2350,1,D,AZ,BK,F
09:02:24,MYOR,RG,2350,1,D,AZ,BK,F
09:02:23,MYOR,RG,2340,15,F,ZP,BK,F
09:02:16,MYOR,RG,2340,15,F,BK,BK,F
09:02:16,MYOR,RG,2340,12,F,CC,BK,F
09:02:16,MYOR,RG,2340,5,D,KK,BK,F
09:02:16,MYOR,RG,2340,3,D,KK,BK,F
09:02:16,MYOR,RG,2340,2,F,ZP,BK,F
09:02:08,MYOR,RG,2340,23,F,ZP,AK,F
09:02:08,MYOR,RG,2340,2,F,ZP,AK,F
09:02:08,MYOR,RG,2340,1,D,AZ,AK,F
09:01:46,MYOR,RG,2360,2,F,ZP,YU,F
09:01:46,MYOR,RG,2330,3,F,ZP,BK,F
09:01:46,MYOR,RG,2330,7,F,ZP,EP,D
09:01:45,MYOR,RG,2330,2,D,AZ,EP,D
09:01:22,MYOR,RG,2330,9,F,ZP,EP,D
09:01:22,MYOR,RG,2330,20,F,ZP,PD,D
09:01:18,MYOR,RG,2330,50,D,YP,PD,D
09:01:09,MYOR,RG,2330,2,D,YB,PD,D
09:01:07,MYOR,RG,2320,1,F,ZP,XC,D
09:00:37,MYOR,RG,2320,7,F,ZP,YP,D
09:00:37,MYOR,RG,2320,3,F,ZP,YP,D
09:00:29,MYOR,RG,2330,6,D,YP,PD,D
09:00:25,MYOR,RG,2320,40,F,AK,MK,D
09:00:25,MYOR,RG,2320,86,F,AK,PD,D
09:00:25,MYOR,RG,2320,52,F,AK,PD,D
09:00:25,MYOR,RG,2320,213,F,AK,PD,D
09:00:25,MYOR,RG,2320,99,F,AK,PD,D
09:00:25,MYOR,RG,2320,5,D,YP,PD,D
09:00:25,MYOR,RG,2320,95,D,YP,PD,D
09:00:24,MYOR,RG,2320,2,D,OD,PD,D
09:00:16,MYOR,RG,2320,2,D,XL,PD,D
09:00:14,MYOR,RG,2320,5,D,XL,PD,D
09:00:10,MYOR,RG,2320,15,D,LG,PD,D
09:00:08,MYOR,RG,2320,17,D,YP,PD,D
09:00:08,MYOR,RG,2320,12,D,YP,PD,D
09:00:08,MYOR,RG,2320,10,D,YP,PD,D
09:00:08,MYOR,RG,2320,1,D,XC,PD,D
09:00:07,MYOR,RG,2320,2,D,XL,PD,D
09:00:07,MYOR,RG,2320,5,D,XL,PD,D
09:00:07,MYOR,RG,2320,1,D,PD,PD,D
09:00:07,MYOR,RG,2320,30,D,DR,PD,D
09:00:07,MYOR,RG,2320,1,D,DH,PD,D
09:00:07,MYOR,RG,2330,1,D,XC,PD,D
09:00:07,MYOR,RG,2330,10,D,LG,PD,D
09:00:07,MYOR,RG,2330,4,D,YB,PD,D
09:00:07,MYOR,RG,2330,10,D,KK,PD,D
09:00:07,MYOR,RG,2330,44,D,BQ,PD,D
09:00:07,MYOR,RG,2330,1,D,HP,PD,D
09:00:07,MYOR,RG,2340,10,D,PD,PD,D
09:00:07,MYOR,RG,2340,1,D,XC,PD,D
09:00:07,MYOR,RG,2350,3,D,XC,PD,D
09:00:07,MYOR,RG,2350,1,F,ZP,PD,D
09:00:07,MYOR,RG,2350,2,F,ZP,PD,D
09:00:07,MYOR,RG,2350,1,D,XC,PD,D
09:00:07,MYOR,RG,2350,7,D,PD,PD,D
09:00:06,MYOR,RG,2350,1,D,CP,XC,D
09:00:06,MYOR,RG,2360,4,F,AK,YU,F
09:00:05,MYOR,RG,2360,6,D,NI,YU,F
09:00:04,MYOR,RG,2360,1,D,XL,YU,F
09:00:03,MYOR,RG,2360,12,D,YB,YU,F
09:00:03,MYOR,RG,2360,1,D,YB,CC,D
09:00:03,MYOR,RG,2360,8,D,YB,KK,D
09:00:03,MYOR,RG,2360,1,D,PD,KK,D
