Time,Stock,Brd,Price,Qty,BT,BC,SC,ST
15:14:21,MYOR,RG,1860,28,D,YP,KZ,F
15:13:58,MYOR,RG,1860,10,D,XL,KZ,F
15:12:42,MYOR,RG,1860,50,D,CC,KZ,F
15:10:24,MYOR,RG,1860,6,D,CC,KZ,F
15:10:21,MYOR,RG,1860,22,D,OD,KZ,F
15:10:21,MYOR,RG,1860,28,D,OD,YP,D
15:09:43,MYOR,RG,1860,27,D,PD,KZ,F
15:08:56,MYOR,RG,1860,1,D,CC,KZ,F
15:07:13,MYOR,RG,1860,1,D,XL,KZ,F
15:07:11,MYOR,RG,1860,45,D,EP,KZ,F
15:05:33,MYOR,RG,1860,10,D,CC,KZ,F
15:04:20,MYOR,RG,1860,1,D,YP,KZ,F
15:04:14,MYOR,RG,1860,125,D,PD,KZ,F
15:04:02,MYOR,RG,1860,30,D,OD,KZ,F
15:03:57,MYOR,RG,1860,5,D,XC,KZ,F
15:03:39,MYOR,RG,1860,1000,D,ZP,KZ,F
15:02:53,MYOR,RG,1860,58,D,HP,KZ,F
15:02:53,MYOR,RG,1860,5,D,CC,KZ,F
15:02:53,MYOR,RG,1860,17,D,PD,KZ,F
15:02:53,MYOR,RG,1860,12,D,XC,KZ,F
15:02:53,MYOR,RG,1860,9,D,CC,KZ,F
15:02:53,MYOR,RG,1860,40,D,DR,KZ,F
15:02:53,MYOR,RG,1860,194,F,CC,KZ,F
15:02:53,MYOR,RG,1860,25,D,KK,KZ,F
15:02:53,MYOR,RG,1860,250,D,YP,KZ,F
15:02:53,MYOR,RG,1860,8145,D,BQ,KZ,F
15:02:18,MYOR,RG,1860,9855,D,BQ,KZ,F
15:02:18,MYOR,RG,1860,5,D,GR,KZ,F
15:02:18,MYOR,RG,1860,70,D,IF,KZ,F
15:01:48,MYOR,RG,1860,5,D,IF,KK,D
15:01:39,MYOR,RG,1860,8,D,IF,XC,D
15:01:20,MYOR,RG,1860,1,D,IF,PD,D
15:00:00,MYOR,RG,1860,30,D,IF,KK,D
15:00:00,MYOR,RG,1860,486,D,IF,KZ,F
15:00:00,MYOR,RG,1860,1000,D,BQ,KZ,F
15:00:00,MYOR,RG,1860,14,F,CC,KZ,F
15:00:00,MYOR,RG,1860,15,F,CC,BK,F
15:00:00,MYOR,RG,1860,200,D,YP,BK,F
15:00:00,MYOR,RG,1860,20,D,PD,BK,F
15:00:00,MYOR,RG,1860,150,D,YP,BK,F
15:00:00,MYOR,RG,1860,50,D,YP,BK,F
15:00:00,MYOR,RG,1860,25,D,KK,BK,F
15:00:00,MYOR,RG,1860,1,D,YP,BK,F
15:00:00,MYOR,RG,1860,2,D,PD,BK,F
15:00:00,MYOR,RG,1860,30,D,XL,BK,F
15:00:00,MYOR,RG,1860,10,D,NI,BK,F
15:00:00,MYOR,RG,1860,46,D,YP,BK,F
15:00:00,MYOR,RG,1860,25,D,PD,BK,F
15:00:00,MYOR,RG,1860,50,D,KK,BK,F
15:00:00,MYOR,RG,1860,5,D,DX,BK,F
15:00:00,MYOR,RG,1860,8,D,YP,BK,F
15:00:00,MYOR,RG,1860,1,D,PD,BK,F
15:00:00,MYOR,RG,1860,1,D,YP,BK,F
15:00:00,MYOR,RG,1860,24,D,ZP,BK,F
15:00:00,MYOR,RG,1860,50,D,CC,BK,F
15:00:00,MYOR,RG,1860,5,D,YP,BK,F
15:00:00,MYOR,RG,1860,1,D,YP,BK,F
15:00:00,MYOR,RG,1860,53,D,PD,BK,F
15:00:00,MYOR,RG,1860,1,D,YP,BK,F
15:00:00,MYOR,RG,1860,7,D,XL,BK,F
15:00:00,MYOR,RG,1860,8,D,YP,BK,F
15:00:00,MYOR,RG,1860,29,D,DH,BK,F
15:00:00,MYOR,RG,1860,27,D,DH,AK,F
15:00:00,MYOR,RG,1860,28,D,DH,AK,F
15:00:00,MYOR,RG,1860,1,D,DH,AK,F
15:00:00,MYOR,RG,1860,17,D,DH,AK,F
15:00:00,MYOR,RG,1860,18,F,AK,AK,F
14:49:59,MYOR,RG,1875,1,D,ZP,KK,D
14:49:47,MYOR,RG,1870,2,D,XC,KZ,F
14:49:45,MYOR,RG,1870,1,D,XC,KZ,F
14:49:45,MYOR,RG,1870,4,D,XC,AK,F
14:49:45,MYOR,RG,1870,2,D,XC,AK,F
14:49:45,MYOR,RG,1870,2,D,XC,AK,F
14:49:45,MYOR,RG,1870,1,D,XC,AK,F
14:49:36,MYOR,RG,1865,1,D,YP,AK,F
14:49:36,MYOR,RG,1865,2,D,YP,AK,F
14:49:31,MYOR,RG,1865,1,D,YP,KZ,F
14:49:31,MYOR,RG,1870,1,D,XL,SQ,D
14:49:25,MYOR,RG,1870,1,D,XL,KZ,F
14:49:25,MYOR,RG,1870,5,D,XL,YP,D
14:48:59,MYOR,RG,1865,5,F,AK,KZ,F
14:48:59,MYOR,RG,1870,10,F,AK,EP,D
14:48:48,MYOR,RG,1880,10,D,EP,HP,D
14:48:33,MYOR,RG,1865,1,F,AK,KZ,F
14:48:32,MYOR,RG,1870,5,F,AK,XC,D
14:48:31,MYOR,RG,1865,1,F,AK,NI,D
14:48:15,MYOR,RG,1865,10,F,AK,KZ,F
14:48:14,MYOR,RG,1865,38,F,AK,XC,D
14:48:12,MYOR,RG,1865,12,F,AK,KZ,F
14:48:10,MYOR,RG,1865,63,F,AK,KZ,F
14:48:10,MYOR,RG,1865,44,F,AK,KZ,F
14:48:10,MYOR,RG,1865,273,F,AK,KZ,F
14:48:10,MYOR,RG,1865,44,F,AK,KZ,F
14:48:10,MYOR,RG,1865,50,D,HP,KZ,F
14:48:10,MYOR,RG,1865,91,F,AK,KZ,F
14:48:10,MYOR,RG,1865,10,D,YP,KZ,F
14:48:10,MYOR,RG,1865,10,D,PD,KZ,F
14:48:10,MYOR,RG,1865,58,F,AK,KZ,F
14:48:07,MYOR,RG,1865,4,F,AK,KZ,F
14:48:05,MYOR,RG,1900,19,D,IF,KZ,F
14:48:04,MYOR,RG,1900,1,D,IF,CS,F
14:48:04,MYOR,RG,1900,5,D,IF,CS,F
14:48:03,MYOR,RG,1900,4,D,IF,CS,F
14:48:03,MYOR,RG,1900,35,D,IF,KZ,F
14:48:03,MYOR,RG,1900,35,D,IF,YP,D
14:48:02,MYOR,RG,1900,6,D,IF,CS,F
14:48:02,MYOR,RG,1900,25,D,IF,YP,D
14:48:01,MYOR,RG,1900,60,D,IF,YP,D
14:48:01,MYOR,RG,1900,8,D,IF,CS,F
14:48:01,MYOR,RG,1900,57,D,IF,KZ,F
14:48:01,MYOR,RG,1900,20,D,IF,YP,D
14:47:59,MYOR,RG,1900,11,D,IF,CS,F
14:47:59,MYOR,RG,1900,200,D,IF,SQ,D
14:47:57,MYOR,RG,1900,4,D,IF,XL,D
14:47:57,MYOR,RG,1900,499,D,IF,CS,F
14:47:56,MYOR,RG,1900,50,D,IF,YP,D
14:47:55,MYOR,RG,1900,71,D,IF,CS,F
14:47:55,MYOR,RG,1900,302,D,IF,CS,F
14:47:55,MYOR,RG,1900,2,D,IF,KZ,F
14:47:55,MYOR,RG,1900,1,D,IF,NI,D
14:47:55,MYOR,RG,1900,10,D,IF,KK,D
14:47:55,MYOR,RG,1900,50,D,IF,NI,D
14:47:55,MYOR,RG,1900,2,D,IF,XC,D
14:47:55,MYOR,RG,1900,177,D,IF,RS,D
14:47:55,MYOR,RG,1900,150,D,IF,CC,D
14:47:55,MYOR,RG,1900,10,D,IF,YP,D
14:47:55,MYOR,RG,1900,2,D,IF,XC,D
14:47:55,MYOR,RG,1900,50,D,IF,YP,D
14:47:55,MYOR,RG,1900,5,D,IF,PD,D
14:47:55,MYOR,RG,1900,100,D,IF,IP,D
14:47:55,MYOR,RG,1900,20,D,IF,NI,D
14:47:55,MYOR,RG,1900,1,D,IF,XL,D
14:47:55,MYOR,RG,1900,1,D,IF,XC,D
14:47:55,MYOR,RG,1900,20,D,IF,SQ,D
14:47:55,MYOR,RG,1900,5,D,IF,DR,D
14:47:55,MYOR,RG,1900,10,D,IF,AZ,D
14:47:55,MYOR,RG,1900,17,D,IF,XL,D
14:47:55,MYOR,RG,1900,5,D,IF,PD,D
14:47:55,MYOR,RG,1900,11,D,IF,YP,D
14:47:55,MYOR,RG,1900,1,D,IF,NI,D
14:47:55,MYOR,RG,1900,10,D,IF,DR,D
14:47:55,MYOR,RG,1900,10,D,IF,PD,D
14:47:55,MYOR,RG,1900,10,D,IF,YP,D
14:47:55,MYOR,RG,1900,6,D,IF,XL,D
14:47:55,MYOR,RG,1900,1,D,IF,XL,D
14:47:55,MYOR,RG,1900,40,D,IF,DR,D
14:47:55,MYOR,RG,1900,1000,D,IF,MK,D
14:47:55,MYOR,RG,1900,1,D,IF,KK,D
14:47:55,MYOR,RG,1900,30,D,IF,XL,D
14:47:55,MYOR,RG,1900,5,D,IF,XL,D
14:47:55,MYOR,RG,1900,50,D,IF,CP,D
14:47:55,MYOR,RG,1900,1,D,IF,CC,D
14:47:55,MYOR,RG,1900,10,D,IF,PD,D
14:47:55,MYOR,RG,1900,1,D,IF,PD,D
14:47:55,MYOR,RG,1900,10,D,IF,AZ,D
14:47:55,MYOR,RG,1900,5,D,IF,AZ,D
14:47:55,MYOR,RG,1900,2,D,IF,AZ,D
14:47:55,MYOR,RG,1895,5,D,IF,YP,D
14:47:55,MYOR,RG,1895,70,D,IF,PD,D
14:47:55,MYOR,RG,1895,1,D,IF,XC,D
14:47:55,MYOR,RG,1895,90,D,IF,KZ,F
14:47:55,MYOR,RG,1895,1,D,IF,PD,D
14:47:55,MYOR,RG,1890,5,D,IF,NI,D
14:47:55,MYOR,RG,1890,5,D,IF,NI,D
14:47:55,MYOR,RG,1890,168,D,IF,CS,F
14:47:55,MYOR,RG,1890,16,D,IF,KZ,F
14:47:55,MYOR,RG,1890,4,D,IF,CS,F
14:47:55,MYOR,RG,1890,4,D,IF,PD,D
14:47:55,MYOR,RG,1885,30,D,IF,YP,D
14:47:55,MYOR,RG,1885,33,D,IF,KZ,F
14:47:55,MYOR,RG,1885,7,D,IF,AK,F
14:47:55,MYOR,RG,1885,3,D,IF,AK,F
14:47:55,MYOR,RG,1885,59,D,IF,CS,F
14:47:55,MYOR,RG,1885,82,D,IF,KZ,F
14:47:55,MYOR,RG,1885,92,D,IF,KZ,F
14:47:55,MYOR,RG,1885,8,D,IF,KZ,F
14:47:55,MYOR,RG,1885,59,D,IF,AK,F
14:47:55,MYOR,RG,1885,2,D,IF,CS,F
14:47:55,MYOR,RG,1885,2,D,IF,KK,D
14:47:35,MYOR,RG,1885,1,D,NI,CS,F
14:47:15,MYOR,RG,1865,15,F,AK,BK,F
14:47:15,MYOR,RG,1865,5,D,CC,BK,F
14:47:15,MYOR,RG,1865,10,D,YP,BK,F
14:47:15,MYOR,RG,1865,6,D,CC,BK,F
14:47:09,MYOR,RG,1895,1,D,IF,PD,D
14:47:09,MYOR,RG,1895,105,D,IF,XL,D
14:47:09,MYOR,RG,1895,20,D,IF,NI,D
14:47:09,MYOR,RG,1895,2,D,IF,BQ,D
14:47:09,MYOR,RG,1895,5,D,IF,DR,D
14:47:09,MYOR,RG,1895,2,D,IF,LG,D
14:47:09,MYOR,RG,1895,3,D,IF,PD,D
14:47:09,MYOR,RG,1895,7,D,IF,PD,D
14:47:09,MYOR,RG,1895,1,D,IF,YP,D
14:47:09,MYOR,RG,1895,1,D,IF,CC,D
14:47:09,MYOR,RG,1895,200,D,IF,GR,D
14:47:09,MYOR,RG,1895,10,D,IF,PD,D
14:47:09,MYOR,RG,1890,52,D,IF,KZ,F
14:47:09,MYOR,RG,1890,93,D,IF,AK,F
14:47:09,MYOR,RG,1890,117,D,IF,CS,F
14:47:09,MYOR,RG,1890,141,D,IF,KZ,F
14:47:09,MYOR,RG,1890,1,D,IF,PD,D
14:47:09,MYOR,RG,1890,34,D,IF,YP,D
14:47:09,MYOR,RG,1890,100,D,IF,YP,D
14:47:09,MYOR,RG,1890,200,D,IF,YP,D
14:47:09,MYOR,RG,1890,1,D,IF,YP,D
14:47:09,MYOR,RG,1890,100,D,IF,FS,D
14:47:09,MYOR,RG,1890,20,D,IF,TP,D
14:47:09,MYOR,RG,1890,20,D,IF,FS,D
14:47:09,MYOR,RG,1890,20,D,IF,ZP,D
14:47:09,MYOR,RG,1890,2,D,IF,XC,D
14:47:09,MYOR,RG,1890,2,D,IF,PD,D
14:47:09,MYOR,RG,1890,1,D,IF,XC,D
14:47:09,MYOR,RG,1890,50,D,IF,YP,D
14:47:09,MYOR,RG,1890,1,D,IF,XL,D
14:47:09,MYOR,RG,1890,1,D,IF,KK,D
14:47:09,MYOR,RG,1890,11,D,IF,CC,D
14:47:09,MYOR,RG,1885,176,D,IF,CS,F
14:47:09,MYOR,RG,1885,139,D,IF,BK,F
14:47:09,MYOR,RG,1885,5,D,IF,YP,D
14:47:09,MYOR,RG,1885,5,D,IF,NI,D
14:47:09,MYOR,RG,1885,1,D,IF,XC,D
14:47:09,MYOR,RG,1885,46,D,IF,KZ,F
14:47:09,MYOR,RG,1885,118,D,IF,KZ,F
14:47:09,MYOR,RG,1885,93,D,IF,CS,F
14:47:09,MYOR,RG,1885,93,D,IF,AK,F
14:46:44,MYOR,RG,1885,371,D,IF,AK,F
14:46:44,MYOR,RG,1885,297,D,IF,CS,F
14:46:44,MYOR,RG,1885,2,D,IF,YP,D
14:46:44,MYOR,RG,1885,343,D,IF,KZ,F
14:46:44,MYOR,RG,1885,2,D,IF,LS,D
14:46:44,MYOR,RG,1885,40,D,IF,KK,D
14:46:44,MYOR,RG,1885,1,D,IF,YP,D
14:46:44,MYOR,RG,1885,4,D,IF,DR,D
14:46:44,MYOR,RG,1885,1,D,IF,NI,D
14:46:44,MYOR,RG,1885,25,D,IF,PD,D
14:46:44,MYOR,RG,1885,14,D,IF,PD,D
14:46:44,MYOR,RG,1885,30,D,IF,NI,D
14:46:44,MYOR,RG,1885,50,D,IF,YP,D
14:46:44,MYOR,RG,1885,115,D,IF,KK,D
14:46:44,MYOR,RG,1885,10,D,IF,YP,D
14:46:44,MYOR,RG,1885,56,D,IF,XL,D
14:46:44,MYOR,RG,1885,1000,D,IF,ZP,D
14:46:44,MYOR,RG,1885,1,D,IF,XL,D
14:46:44,MYOR,RG,1880,4,D,IF,KZ,F
14:46:44,MYOR,RG,1880,25,D,IF,DR,D
14:46:44,MYOR,RG,1880,21,D,IF,KZ,F
14:46:44,MYOR,RG,1880,84,D,IF,AK,F
14:46:44,MYOR,RG,1880,1,D,IF,KZ,F
14:46:44,MYOR,RG,1880,2,D,IF,YP,D
14:46:44,MYOR,RG,1880,7,D,IF,KZ,F
14:46:44,MYOR,RG,1880,9,D,IF,KZ,F
14:46:44,MYOR,RG,1880,2,D,IF,XC,D
14:46:44,MYOR,RG,1880,187,D,IF,KZ,F
14:46:44,MYOR,RG,1880,1,D,IF,YP,D
14:46:44,MYOR,RG,1880,2,D,IF,XL,D
14:46:44,MYOR,RG,1880,30,D,IF,PD,D
14:46:44,MYOR,RG,1880,6,D,IF,DH,D
14:46:44,MYOR,RG,1880,10,D,IF,NI,D
14:46:44,MYOR,RG,1880,10,D,IF,XC,D
14:46:44,MYOR,RG,1880,100,D,IF,FS,D
14:46:44,MYOR,RG,1880,1,D,IF,CC,D
14:46:44,MYOR,RG,1880,1,D,IF,DH,D
14:46:44,MYOR,RG,1880,1,D,IF,XC,D
14:46:44,MYOR,RG,1880,3,D,IF,XC,D
14:46:44,MYOR,RG,1880,5,D,IF,DR,D
14:46:44,MYOR,RG,1880,2,D,IF,LG,D
14:46:44,MYOR,RG,1880,3,D,IF,BQ,D
14:46:44,MYOR,RG,1880,50,D,IF,YP,D
14:46:44,MYOR,RG,1880,10,D,IF,KK,D
14:46:44,MYOR,RG,1880,1,D,IF,XC,D
14:46:44,MYOR,RG,1880,25,D,IF,YB,D
14:46:44,MYOR,RG,1880,3,D,IF,XL,D
14:46:44,MYOR,RG,1880,1,D,IF,PD,D
14:46:44,MYOR,RG,1880,46,D,IF,YP,D
14:46:44,MYOR,RG,1880,300,D,IF,YP,D
14:46:44,MYOR,RG,1880,1,D,IF,XC,D
14:46:44,MYOR,RG,1880,12,D,IF,XC,D
14:46:44,MYOR,RG,1880,20,D,IF,PD,D
14:46:44,MYOR,RG,1880,100,D,IF,YP,D
14:46:44,MYOR,RG,1880,9,D,IF,PD,D
14:46:44,MYOR,RG,1880,2,D,IF,YP,D
14:46:44,MYOR,RG,1880,1,D,IF,XL,D
14:46:44,MYOR,RG,1880,21,D,IF,XL,D
14:46:44,MYOR,RG,1880,1,D,IF,KK,D
14:46:44,MYOR,RG,1880,27,D,IF,PD,D
14:46:44,MYOR,RG,1875,98,D,IF,KZ,F
14:46:44,MYOR,RG,1875,93,D,IF,AK,F
14:46:44,MYOR,RG,1875,300,D,IF,YP,D
14:46:11,MYOR,RG,1865,14,D,CC,PD,D
14:46:11,MYOR,RG,1865,11,D,CC,PD,D
14:46:04,MYOR,RG,1880,8,D,IF,PD,D
14:46:03,MYOR,RG,1875,20,D,IF,CP,D
14:45:55,MYOR,RG,1875,2,D,IF,YP,D
14:45:55,MYOR,RG,1875,84,D,IF,AK,F
14:45:55,MYOR,RG,1875,16,D,IF,BK,F
14:45:55,MYOR,RG,1875,21,D,IF,KZ,F
14:45:55,MYOR,RG,1875,1,D,IF,CC,D
14:45:55,MYOR,RG,1875,100,D,IF,HD,D
14:45:55,MYOR,RG,1875,21,D,IF,KZ,F
14:45:55,MYOR,RG,1875,100,D,IF,XL,D
14:45:55,MYOR,RG,1875,5,D,IF,PD,D
14:45:55,MYOR,RG,1875,12,D,IF,KZ,F
14:45:55,MYOR,RG,1875,42,D,IF,KZ,F
14:45:55,MYOR,RG,1875,55,D,IF,EP,D
14:45:55,MYOR,RG,1875,2,D,IF,YP,D
14:45:55,MYOR,RG,1875,1,D,IF,YP,D
14:45:55,MYOR,RG,1875,2,D,IF,LS,D
14:45:55,MYOR,RG,1875,5,D,IF,PD,D
14:45:55,MYOR,RG,1875,2,D,IF,LG,D
14:45:55,MYOR,RG,1875,5,D,IF,GR,D
14:45:55,MYOR,RG,1875,1,D,IF,YP,D
14:45:55,MYOR,RG,1875,5,D,IF,NI,D
14:45:55,MYOR,RG,1875,2,D,IF,DH,D
14:45:55,MYOR,RG,1875,1,D,IF,PD,D
14:45:55,MYOR,RG,1875,5,D,IF,GR,D
14:45:55,MYOR,RG,1875,13,D,IF,DR,D
14:45:55,MYOR,RG,1875,1,D,IF,PD,D
14:45:55,MYOR,RG,1875,50,D,IF,YP,D
14:45:55,MYOR,RG,1875,1,D,IF,DH,D
14:45:39,MYOR,RG,1870,1,D,IF,YP,D
14:45:39,MYOR,RG,1870,5,D,IF,PD,D
14:45:39,MYOR,RG,1870,5,D,IF,AK,F
14:45:39,MYOR,RG,1870,12,D,IF,AK,F
14:45:39,MYOR,RG,1870,5,D,IF,DH,D
14:45:39,MYOR,RG,1870,3,D,IF,KZ,F
14:45:39,MYOR,RG,1870,17,D,IF,KZ,F
14:45:39,MYOR,RG,1870,30,D,IF,BK,F
14:45:39,MYOR,RG,1870,129,D,IF,KZ,F
14:45:39,MYOR,RG,1870,76,D,IF,BK,F
14:45:39,MYOR,RG,1870,197,D,IF,KZ,F
14:45:39,MYOR,RG,1870,18,D,IF,KZ,F
14:45:39,MYOR,RG,1870,92,D,IF,AK,F
14:45:39,MYOR,RG,1870,1,D,IF,XC,D
14:45:39,MYOR,RG,1870,109,D,IF,BK,F
14:45:39,MYOR,RG,1870,1,D,IF,XL,D
14:45:39,MYOR,RG,1870,27,D,IF,BK,F
14:45:39,MYOR,RG,1870,87,D,IF,EP,D
14:45:24,MYOR,RG,1865,9,D,CC,YP,D
14:45:24,MYOR,RG,1865,3,D,PD,YP,D
14:45:24,MYOR,RG,1865,10,D,DH,YP,D
14:45:18,MYOR,RG,1870,7,D,PD,EP,D
14:45:17,MYOR,RG,1870,53,D,IF,EP,D
14:45:12,MYOR,RG,1865,2,D,DH,SQ,D
14:45:08,MYOR,RG,1870,300,D,IF,EP,D
14:44:57,MYOR,RG,1870,138,D,IF,EP,D
14:44:57,MYOR,RG,1870,5,D,IF,NI,D
14:44:57,MYOR,RG,1870,5,D,IF,PD,D
14:44:57,MYOR,RG,1870,52,D,IF,CC,D
14:44:54,MYOR,RG,1870,15,D,DX,CC,D
14:44:49,MYOR,RG,1870,83,D,IF,CC,D
14:44:49,MYOR,RG,1870,89,D,IF,AK,F
14:44:49,MYOR,RG,1870,4,D,IF,NI,D
14:44:49,MYOR,RG,1870,30,D,IF,BK,F
14:44:49,MYOR,RG,1870,130,D,IF,KZ,F
14:44:49,MYOR,RG,1870,1,D,IF,NI,D
14:44:49,MYOR,RG,1870,62,D,IF,BK,F
14:44:49,MYOR,RG,1870,2,D,IF,KZ,F
14:44:49,MYOR,RG,1870,11,D,IF,XL,D
14:44:49,MYOR,RG,1870,3,D,IF,XL,D
14:44:49,MYOR,RG,1870,1,D,IF,KZ,F
14:44:49,MYOR,RG,1870,7,D,IF,KZ,F
14:43:48,MYOR,RG,1870,1,D,PD,KZ,F
14:43:29,MYOR,RG,1865,1,D,DH,CC,D
14:43:28,MYOR,RG,1865,16,D,DH,KZ,F
14:43:28,MYOR,RG,1865,62,D,DH,BK,F
14:43:28,MYOR,RG,1865,3,D,DH,YP,D
14:43:19,MYOR,RG,1865,17,D,DX,YP,D
14:42:31,MYOR,RG,1870,167,D,NI,KZ,F
14:42:31,MYOR,RG,1870,150,D,NI,YP,D
14:42:31,MYOR,RG,1870,1,D,NI,YP,D
14:42:31,MYOR,RG,1870,231,D,NI,CC,D
14:42:31,MYOR,RG,1870,1,D,NI,BQ,D
14:42:31,MYOR,RG,1870,2,D,NI,KK,D
14:42:31,MYOR,RG,1870,5,D,NI,CC,D
14:42:31,MYOR,RG,1870,2,D,NI,DR,D
14:42:31,MYOR,RG,1870,3,D,NI,XL,D
14:42:31,MYOR,RG,1870,30,D,NI,SQ,D
14:42:31,MYOR,RG,1870,10,D,NI,KK,D
14:42:31,MYOR,RG,1870,2,D,NI,YP,D
14:42:31,MYOR,RG,1870,1,D,NI,YP,D
14:42:31,MYOR,RG,1870,1,D,NI,DH,D
14:42:31,MYOR,RG,1870,1,D,NI,NI,D
14:42:31,MYOR,RG,1870,20,D,NI,NI,D
14:42:31,MYOR,RG,1870,5,D,NI,PD,D
14:42:31,MYOR,RG,1870,1,D,NI,XC,D
14:42:31,MYOR,RG,1870,5,D,NI,OD,D
14:42:31,MYOR,RG,1870,1,D,NI,XC,D
14:42:31,MYOR,RG,1870,5,D,NI,GR,D
14:42:31,MYOR,RG,1870,36,D,NI,XC,D
14:42:31,MYOR,RG,1870,55,D,NI,OD,D
14:42:31,MYOR,RG,1870,10,D,NI,KK,D
14:42:31,MYOR,RG,1870,4,D,NI,PD,D
14:42:31,MYOR,RG,1870,10,D,NI,EP,D
14:42:31,MYOR,RG,1870,32,D,NI,NI,D
14:42:31,MYOR,RG,1870,15,D,NI,PD,D
14:42:31,MYOR,RG,1870,10,D,NI,NI,D
14:42:31,MYOR,RG,1870,50,D,NI,YP,D
14:42:31,MYOR,RG,1865,8,D,NI,XC,D
14:42:31,MYOR,RG,1865,1,D,NI,XL,D
14:42:31,MYOR,RG,1865,5,D,NI,DH,D
14:42:31,MYOR,RG,1865,1,D,NI,KK,D
14:42:31,MYOR,RG,1865,32,D,NI,KZ,F
14:42:31,MYOR,RG,1865,5,D,NI,PD,D
14:42:31,MYOR,RG,1865,10,D,NI,AT,D
14:42:31,MYOR,RG,1865,68,D,NI,BK,F
14:42:31,MYOR,RG,1865,55,D,NI,KZ,F
14:42:31,MYOR,RG,1865,13,D,NI,XC,D
14:42:31,MYOR,RG,1865,1,D,NI,YP,D
14:42:31,MYOR,RG,1865,3,D,NI,XC,D
14:42:31,MYOR,RG,1865,51,D,NI,KZ,F
14:42:31,MYOR,RG,1865,77,D,NI,HD,D
14:42:31,MYOR,RG,1860,32,D,NI,KZ,F
14:42:31,MYOR,RG,1860,104,D,NI,BK,F
14:42:28,MYOR,RG,1860,20,D,CC,BK,F
14:42:18,MYOR,RG,1860,5,D,DX,BK,F
14:42:18,MYOR,RG,1860,11,D,DX,KZ,F
14:42:10,MYOR,RG,1860,8,D,DH,KZ,F
14:42:10,MYOR,RG,1860,77,D,DH,XC,D
14:41:54,MYOR,RG,1860,2,D,DH,KZ,F
14:41:49,MYOR,RG,1860,7,D,DH,KZ,F
14:41:42,MYOR,RG,1855,27,D,IF,XC,D
14:41:42,MYOR,RG,1860,8,D,BQ,XC,D
14:41:39,MYOR,RG,1860,98,D,BQ,KZ,F
14:41:32,MYOR,RG,1860,1,D,BQ,CC,D
14:41:30,MYOR,RG,1860,199,D,BQ,YU,D
14:41:24,MYOR,RG,1865,89,F,AK,HD,D
14:41:23,MYOR,RG,1860,27,D,BQ,AK,F
14:41:23,MYOR,RG,1860,13,D,BQ,AK,F
14:41:23,MYOR,RG,1860,62,D,BQ,BK,F
14:41:23,MYOR,RG,1860,1,D,BQ,YP,D
14:41:23,MYOR,RG,1860,84,D,BQ,KZ,F
14:41:23,MYOR,RG,1860,17,D,BQ,AK,F
14:41:23,MYOR,RG,1860,7,D,BQ,AK,F
14:41:23,MYOR,RG,1860,15,D,BQ,KZ,F
14:41:23,MYOR,RG,1860,93,D,BQ,BK,F
14:41:23,MYOR,RG,1860,200,D,BQ,XA,D
14:41:23,MYOR,RG,1860,10,D,BQ,AT,D
14:41:23,MYOR,RG,1860,10,D,BQ,PD,D
14:41:23,MYOR,RG,1860,29,D,BQ,KZ,F
14:41:23,MYOR,RG,1860,15,D,BQ,AK,F
14:41:23,MYOR,RG,1860,7,D,BQ,AK,F
14:41:23,MYOR,RG,1860,1,D,BQ,KZ,F
14:41:23,MYOR,RG,1860,93,D,BQ,AK,F
14:41:23,MYOR,RG,1860,33,D,BQ,KZ,F
14:41:23,MYOR,RG,1860,14,D,BQ,CC,F
14:41:23,MYOR,RG,1860,119,D,BQ,BK,F
14:41:23,MYOR,RG,1860,3,D,BQ,KZ,F
14:41:23,MYOR,RG,1860,5,D,BQ,KZ,F
14:41:23,MYOR,RG,1860,7,D,BQ,KZ,F
14:41:09,MYOR,RG,1855,1,D,IF,KZ,F
14:41:04,MYOR,RG,1855,2,D,IF,KZ,F
14:41:04,MYOR,RG,1855,1,D,IF,KZ,F
14:41:00,MYOR,RG,1855,1,D,IF,YU,D
14:40:39,MYOR,RG,1855,12,D,IF,KZ,F
14:40:01,MYOR,RG,1855,4,D,IF,XC,D
14:40:00,MYOR,RG,1855,47,D,IF,YU,D
14:39:14,MYOR,RG,1855,6,D,IF,XC,D
14:39:09,MYOR,RG,1855,7,D,IF,XC,D
14:39:00,MYOR,RG,1855,59,D,IF,YU,D
14:38:06,MYOR,RG,1860,12,D,DX,KZ,F
14:38:04,MYOR,RG,1860,5,D,DX,KZ,F
14:38:04,MYOR,RG,1860,3,D,DH,KZ,F
14:38:04,MYOR,RG,1860,23,D,DH,KZ,F
14:38:04,MYOR,RG,1860,6,D,DH,KZ,F
14:38:03,MYOR,RG,1860,62,D,DH,IF,D
14:38:03,MYOR,RG,1860,3,D,XL,IF,D
14:38:03,MYOR,RG,1860,10,D,CC,IF,D
14:38:03,MYOR,RG,1860,25,D,NI,IF,D
14:38:00,MYOR,RG,1860,78,D,NI,YU,D
14:37:46,MYOR,RG,1865,14,D,DX,HD,D
14:37:40,MYOR,RG,1860,1,D,NI,KK,D
14:37:37,MYOR,RG,1860,30,D,NI,XA,D
14:37:26,MYOR,RG,1860,1,D,NI,XL,D
14:36:39,MYOR,RG,1865,20,D,DR,HD,D
14:36:03,MYOR,RG,1860,1,D,NI,XC,D
14:35:46,MYOR,RG,1860,10,D,NI,DR,D
14:35:23,MYOR,RG,1860,23,D,NI,KZ,F
14:35:23,MYOR,RG,1860,95,D,NI,YU,D
14:34:51,MYOR,RG,1860,8,F,AK,AK,F
14:34:51,MYOR,RG,1860,1,F,AK,KZ,F
14:34:51,MYOR,RG,1860,4,F,AK,YP,D
14:34:46,MYOR,RG,1860,16,D,DX,YP,D
14:34:37,MYOR,RG,1860,5,D,IF,AK,F
14:34:37,MYOR,RG,1860,16,D,IF,AK,F
14:34:37,MYOR,RG,1860,2,D,IF,AK,F
14:34:37,MYOR,RG,1860,7,D,IF,AK,F
14:34:37,MYOR,RG,1860,138,D,IF,AK,F
14:34:37,MYOR,RG,1860,91,D,IF,YU,D
14:34:37,MYOR,RG,1860,233,D,IF,CC,D
14:34:37,MYOR,RG,1860,11,D,IF,AT,D
14:34:37,MYOR,RG,1860,99,D,IF,KZ,F
14:33:45,MYOR,RG,1855,13,D,IF,AK,F
14:33:45,MYOR,RG,1855,5,D,IF,AK,F
14:33:45,MYOR,RG,1855,9,D,IF,AK,F
14:33:45,MYOR,RG,1855,25,D,IF,AK,F
14:33:45,MYOR,RG,1855,5,D,IF,AK,F
14:33:45,MYOR,RG,1855,52,D,IF,AK,F
14:33:45,MYOR,RG,1855,3,D,IF,KZ,F
14:33:45,MYOR,RG,1855,4,D,IF,KZ,F
14:33:45,MYOR,RG,1855,21,D,IF,KZ,F
14:33:45,MYOR,RG,1855,90,D,IF,KZ,F
14:33:45,MYOR,RG,1855,4,D,IF,AK,F
14:33:45,MYOR,RG,1855,16,D,IF,AK,F
14:33:45,MYOR,RG,1855,7,D,IF,AK,F
14:33:45,MYOR,RG,1855,61,D,IF,AK,F
14:33:45,MYOR,RG,1855,8,D,IF,NI,D
14:33:45,MYOR,RG,1855,135,D,IF,YU,D
14:33:45,MYOR,RG,1855,10,D,IF,NI,D
14:33:45,MYOR,RG,1855,2,D,IF,KZ,F
14:33:45,MYOR,RG,1855,10,D,IF,KZ,F
14:33:30,MYOR,RG,1855,18,D,DX,KZ,F
14:33:03,MYOR,RG,1850,12,D,IF,PD,D
14:33:02,MYOR,RG,1850,15,D,IF,SQ,D
14:33:00,MYOR,RG,1850,88,D,IF,YU,D
14:32:49,MYOR,RG,1850,1,D,IF,NI,D
14:31:48,MYOR,RG,1855,1,D,PD,KZ,F
14:31:36,MYOR,RG,1850,4,D,IF,XC,D
14:31:35,MYOR,RG,1850,10,D,IF,NI,D
14:31:35,MYOR,RG,1850,85,D,IF,KZ,F
14:31:35,MYOR,RG,1850,13,D,IF,AK,F
14:31:35,MYOR,RG,1850,13,D,IF,AK,F
14:31:35,MYOR,RG,1850,59,D,IF,YU,D
14:31:35,MYOR,RG,1850,48,D,IF,YU,D
14:31:35,MYOR,RG,1845,215,D,IF,AK,F
14:31:35,MYOR,RG,1845,14,D,IF,KZ,F
14:31:19,MYOR,RG,1845,5,D,CC,KZ,F
14:31:19,MYOR,RG,1845,1,D,XL,KZ,F
14:31:19,MYOR,RG,1845,20,D,YP,KZ,F
14:31:19,MYOR,RG,1845,5,D,YP,KZ,F
14:31:19,MYOR,RG,1845,1,D,PD,KZ,F
14:31:19,MYOR,RG,1845,1,D,GR,KZ,F
14:31:19,MYOR,RG,1845,10,D,GR,KZ,F
14:31:19,MYOR,RG,1845,15,D,XL,KZ,F
14:31:19,MYOR,RG,1845,9,D,YP,KZ,F
14:31:16,MYOR,RG,1845,5,D,YP,KZ,F
14:31:14,MYOR,RG,1845,2,D,YP,AK,F
14:31:14,MYOR,RG,1845,14,D,YP,AK,F
14:31:14,MYOR,RG,1845,1,D,XL,AK,F
14:31:14,MYOR,RG,1845,4,D,PD,AK,F
14:31:14,MYOR,RG,1850,111,D,OD,KZ,F
14:31:10,MYOR,RG,1850,1,D,OD,XC,D
14:31:09,MYOR,RG,1850,48,D,OD,KZ,F
14:31:01,MYOR,RG,1850,16,D,OD,AK,F
14:31:01,MYOR,RG,1855,3,D,YP,AK,F
14:31:01,MYOR,RG,1855,2,D,CC,AK,F
14:31:01,MYOR,RG,1860,173,D,OD,AK,F
14:31:00,MYOR,RG,1860,2,D,CC,AK,F
14:31:00,MYOR,RG,1860,5,D,PD,AK,F
14:31:00,MYOR,RG,1860,50,D,CC,AK,F
14:31:00,MYOR,RG,1865,494,D,IF,AK,F
14:31:00,MYOR,RG,1865,20,D,IF,AK,F
14:31:00,MYOR,RG,1865,193,D,IF,AK,F
14:31:00,MYOR,RG,1865,12,D,IF,KZ,F
14:31:00,MYOR,RG,1865,48,D,IF,YU,D
14:30:49,MYOR,RG,1865,3,D,IF,KZ,F
14:30:48,MYOR,RG,1865,30,D,IF,NI,D
14:30:32,MYOR,RG,1865,3,D,IF,PD,D
14:30:16,MYOR,RG,1865,5,D,IF,DH,D
14:30:12,MYOR,RG,1865,14,D,IF,AK,F
14:30:12,MYOR,RG,1865,3,D,IF,KZ,F
14:30:12,MYOR,RG,1865,9,D,IF,KZ,F
14:30:12,MYOR,RG,1865,1,D,IF,KZ,F
14:30:12,MYOR,RG,1865,10,D,IF,KZ,F
14:30:12,MYOR,RG,1865,7,D,IF,KZ,F
14:30:12,MYOR,RG,1865,3,D,IF,KZ,F
14:30:12,MYOR,RG,1865,13,D,IF,AK,F
14:30:12,MYOR,RG,1865,32,D,IF,KZ,F
14:30:02,MYOR,RG,1865,39,D,IF,KZ,F
14:30:01,MYOR,RG,1865,31,D,IF,AK,F
14:30:00,MYOR,RG,1865,10,D,IF,NI,D
14:30:00,MYOR,RG,1865,193,D,IF,AK,F
14:30:00,MYOR,RG,1865,1,D,IF,KZ,F
14:30:00,MYOR,RG,1865,26,D,IF,YU,D
14:30:00,MYOR,RG,1865,15,D,DX,YU,D
14:30:00,MYOR,RG,1865,4,D,BQ,YU,D
14:30:00,MYOR,RG,1865,4,D,YP,YU,D
14:30:00,MYOR,RG,1865,6,D,OD,YU,D
14:29:47,MYOR,RG,1865,7,D,OD,PD,D
14:29:45,MYOR,RG,1865,4,D,OD,AK,F
14:29:45,MYOR,RG,1865,28,D,OD,XC,D
14:29:34,MYOR,RG,1865,1,D,OD,DH,D
14:29:29,MYOR,RG,1865,1,D,OD,PD,D
14:29:26,MYOR,RG,1865,1,D,OD,DH,D
14:29:19,MYOR,RG,1865,1,D,OD,YP,D
14:29:17,MYOR,RG,1865,4,D,OD,AK,F
14:29:17,MYOR,RG,1870,30,D,PD,CC,D
14:29:07,MYOR,RG,1865,5,D,OD,KZ,F
14:29:05,MYOR,RG,1865,2,D,OD,AK,F
14:29:05,MYOR,RG,1870,18,D,DX,CC,D
14:29:04,MYOR,RG,1865,2,D,OD,KZ,F
14:29:04,MYOR,RG,1865,3,D,OD,AK,F
14:29:04,MYOR,RG,1865,21,D,OD,KZ,F
14:29:02,MYOR,RG,1865,6,D,OD,AK,F
14:29:02,MYOR,RG,1865,56,D,OD,KZ,F
14:29:00,MYOR,RG,1865,28,D,OD,AK,F
14:29:00,MYOR,RG,1865,78,D,OD,AK,F
14:29:00,MYOR,RG,1865,1,D,YP,AK,F
14:29:00,MYOR,RG,1865,114,D,IF,AK,F
14:29:00,MYOR,RG,1865,41,D,IF,KZ,F
14:29:00,MYOR,RG,1865,5,D,IF,AK,F
14:29:00,MYOR,RG,1865,48,D,IF,YU,D
14:28:34,MYOR,RG,1870,2,D,KK,CC,D
14:27:47,MYOR,RG,1870,94,D,DH,CC,D
14:27:23,MYOR,RG,1870,19,D,DH,CC,D
14:27:18,MYOR,RG,1865,6,D,IF,BQ,D
14:26:58,MYOR,RG,1870,79,D,NI,CC,D
14:26:39,MYOR,RG,1865,49,D,IF,KZ,F
14:26:38,MYOR,RG,1865,193,D,IF,AK,F
14:26:38,MYOR,RG,1865,3,D,IF,KZ,F
14:26:36,MYOR,RG,1865,7,D,IF,KZ,F
14:26:36,MYOR,RG,1865,15,D,IF,YU,D
14:26:36,MYOR,RG,1865,25,F,AK,YU,D
14:26:20,MYOR,RG,1870,3,D,XA,CC,D
14:26:17,MYOR,RG,1865,1,F,AK,KZ,F
14:26:17,MYOR,RG,1865,1,F,AK,XC,D
14:26:08,MYOR,RG,1870,2,D,AT,CC,D
14:26:04,MYOR,RG,1865,1,F,AK,KZ,F
14:26:02,MYOR,RG,1865,1,F,AK,XC,D
14:26:01,MYOR,RG,1865,7,F,AK,KZ,F
14:26:00,MYOR,RG,1865,25,F,AK,XC,D
14:25:59,MYOR,RG,1865,1,F,AK,KZ,F
14:25:56,MYOR,RG,1865,4,F,AK,KZ,F
14:25:56,MYOR,RG,1865,36,F,AK,AK,F
14:25:56,MYOR,RG,1865,16,D,CC,AK,F
14:25:56,MYOR,RG,1865,38,D,CC,KZ,F
14:25:54,MYOR,RG,1865,3,D,CC,KZ,F
14:25:54,MYOR,RG,1865,10,D,CC,KZ,F
14:25:51,MYOR,RG,1870,1,D,XL,CC,D
14:25:51,MYOR,RG,1865,33,D,CC,AK,F
14:25:51,MYOR,RG,1865,105,D,NI,AK,F
14:25:51,MYOR,RG,1865,14,D,DX,AK,F
14:25:51,MYOR,RG,1865,41,D,IF,AK,F
14:25:50,MYOR,RG,1865,10,D,IF,XC,D
14:25:34,MYOR,RG,1865,5,D,IF,XC,D
14:25:18,MYOR,RG,1865,11,D,IF,YP,D
14:25:08,MYOR,RG,1870,13,D,NI,CC,D
14:25:01,MYOR,RG,1865,5,D,IF,YP,D
14:24:42,MYOR,RG,1870,6,D,DX,CC,D
14:24:42,MYOR,RG,1870,1,D,DX,YP,D
14:24:42,MYOR,RG,1870,1,D,DX,YP,D
14:24:42,MYOR,RG,1870,5,D,DX,XL,D
14:24:42,MYOR,RG,1870,1,D,DX,XL,D
14:24:42,MYOR,RG,1870,1,D,DX,KK,D
14:24:42,MYOR,RG,1870,1,D,DX,PD,D
14:24:41,MYOR,RG,1865,5,D,IF,XC,D
14:24:39,MYOR,RG,1865,26,D,IF,CC,F
14:24:38,MYOR,RG,1865,4,D,IF,XC,D
14:24:37,MYOR,RG,1865,42,D,IF,AK,F
14:24:37,MYOR,RG,1865,3,D,IF,BQ,D
14:24:37,MYOR,RG,1865,12,D,IF,AK,F
14:24:37,MYOR,RG,1865,18,D,IF,KZ,F
14:24:37,MYOR,RG,1865,35,D,IF,XC,D
14:24:37,MYOR,RG,1865,15,D,IF,PD,D
14:24:37,MYOR,RG,1865,1,D,IF,PD,D
14:24:37,MYOR,RG,1865,1,D,IF,SQ,D
14:24:37,MYOR,RG,1865,10,D,IF,BS,D
14:24:37,MYOR,RG,1865,7,D,IF,XC,D
14:24:37,MYOR,RG,1865,6,D,IF,AK,F
14:24:37,MYOR,RG,1865,40,D,IF,KZ,F
14:24:37,MYOR,RG,1865,10,D,IF,DR,D
14:24:37,MYOR,RG,1865,11,D,IF,CC,F
14:24:37,MYOR,RG,1865,88,D,IF,AK,F
14:24:37,MYOR,RG,1865,46,D,IF,AK,F
14:24:37,MYOR,RG,1865,5,D,IF,AK,F
14:24:14,MYOR,RG,1860,10,D,DH,BS,D
14:24:07,MYOR,RG,1860,10,D,DH,CC,D
14:23:38,MYOR,RG,1865,18,D,IF,AK,F
14:23:38,MYOR,RG,1865,2,D,IF,XC,D
14:23:38,MYOR,RG,1865,24,D,IF,XC,D
14:23:38,MYOR,RG,1865,10,D,IF,NI,D
14:23:38,MYOR,RG,1865,6,D,IF,KZ,F
14:23:38,MYOR,RG,1865,5,D,IF,EP,D
14:23:38,MYOR,RG,1865,1,D,IF,DH,D
14:23:38,MYOR,RG,1865,4,D,IF,AK,F
14:23:38,MYOR,RG,1865,12,D,IF,AK,F
14:23:38,MYOR,RG,1865,5,D,IF,AK,F
14:23:38,MYOR,RG,1865,5,D,IF,NI,D
14:23:38,MYOR,RG,1865,10,D,IF,EP,D
14:23:38,MYOR,RG,1865,34,D,IF,KZ,F
14:23:38,MYOR,RG,1865,64,D,IF,AK,F
14:23:27,MYOR,RG,1865,32,D,IF,AK,F
14:23:27,MYOR,RG,1865,23,D,IF,AK,F
14:23:24,MYOR,RG,1860,6,D,DH,NI,D
14:22:39,MYOR,RG,1865,1,D,CC,AK,F
14:22:31,MYOR,RG,1865,18,D,DX,AK,F
14:22:02,MYOR,RG,1865,12,D,OD,AK,F
14:22:02,MYOR,RG,1865,2,D,OD,LS,D
14:22:02,MYOR,RG,1865,1,D,OD,CC,D
14:22:02,MYOR,RG,1865,7,D,OD,PD,D
14:22:02,MYOR,RG,1865,1,D,OD,AK,F
14:22:02,MYOR,RG,1865,3,D,OD,YP,D
14:22:02,MYOR,RG,1865,20,D,OD,AK,F
14:22:02,MYOR,RG,1865,37,D,OD,KZ,F
14:22:02,MYOR,RG,1865,10,D,OD,NI,D
14:22:02,MYOR,RG,1865,3,D,OD,DR,D
14:22:02,MYOR,RG,1865,1,D,OD,KZ,F
14:22:02,MYOR,RG,1865,39,D,OD,KZ,F
14:22:02,MYOR,RG,1865,12,D,OD,AK,F
14:22:02,MYOR,RG,1865,28,D,OD,AK,F
14:20:22,MYOR,RG,1865,16,D,DX,AK,F
14:20:05,MYOR,RG,1865,49,D,NI,AK,F
14:20:05,MYOR,RG,1865,24,D,NI,AK,F
14:20:05,MYOR,RG,1865,6,D,NI,AK,F
14:19:49,MYOR,RG,1860,14,D,DH,AK,F
14:19:49,MYOR,RG,1865,33,D,OD,AK,F
14:19:49,MYOR,RG,1865,84,D,OD,KZ,F
14:19:26,MYOR,RG,1865,1,D,XL,KZ,F
14:19:21,MYOR,RG,1860,1,D,DH,AK,F
14:19:21,MYOR,RG,1860,10,D,DH,NI,D
14:19:12,MYOR,RG,1865,6,D,IF,KZ,F
14:19:12,MYOR,RG,1865,5,D,IF,AK,F
14:19:12,MYOR,RG,1865,5,D,IF,GR,D
14:19:12,MYOR,RG,1865,27,D,IF,AK,F
14:19:12,MYOR,RG,1865,82,D,IF,AK,F
14:19:12,MYOR,RG,1865,222,D,IF,AK,F
14:19:12,MYOR,RG,1865,20,D,IF,NI,D
14:19:12,MYOR,RG,1865,126,D,IF,KZ,F
14:19:12,MYOR,RG,1865,6,D,IF,DH,D
14:19:12,MYOR,RG,1865,500,D,IF,YP,D
14:19:12,MYOR,RG,1865,1,D,IF,CP,D
14:19:12,MYOR,RG,1860,3,D,DH,XL,D
14:18:57,MYOR,RG,1860,5,D,DH,BS,D
14:18:47,MYOR,RG,1860,1,D,DH,NI,D
14:18:16,MYOR,RG,1860,5,D,DH,BS,D
14:18:08,MYOR,RG,1860,2,D,DH,KZ,F
14:18:08,MYOR,RG,1860,3,D,DH,AK,F
14:18:08,MYOR,RG,1860,5,D,DH,YP,D
14:18:06,MYOR,RG,1860,3,D,DX,YP,D
14:18:06,MYOR,RG,1860,2,D,DX,KZ,F
14:18:06,MYOR,RG,1860,1,D,DX,AK,F
14:18:06,MYOR,RG,1860,9,D,DX,AK,F
14:17:26,MYOR,RG,1860,2,F,AK,AK,F
14:17:26,MYOR,RG,1860,57,F,AK,AK,F
14:17:26,MYOR,RG,1860,5,F,AK,PD,D
14:17:26,MYOR,RG,1860,28,D,IF,PD,D
14:17:26,MYOR,RG,1860,5,D,IF,BQ,D
14:17:26,MYOR,RG,1860,13,D,IF,AK,F
14:17:26,MYOR,RG,1860,1,D,IF,YP,D
14:17:26,MYOR,RG,1860,54,D,IF,KZ,F
14:17:26,MYOR,RG,1860,9,D,IF,AK,F
14:17:26,MYOR,RG,1860,118,D,IF,AK,F
14:17:26,MYOR,RG,1860,2,D,IF,YP,D
14:17:26,MYOR,RG,1860,50,D,IF,YP,D
14:17:26,MYOR,RG,1860,38,D,IF,XC,D
14:17:26,MYOR,RG,1860,2,D,IF,KZ,F
14:17:26,MYOR,RG,1860,1,D,IF,YP,D
14:17:26,MYOR,RG,1860,2,D,IF,KZ,F
14:17:26,MYOR,RG,1860,1,D,IF,KZ,F
14:17:26,MYOR,RG,1860,8,D,IF,XC,D
14:17:26,MYOR,RG,1860,5,D,IF,NI,D
14:17:26,MYOR,RG,1860,10,D,IF,KK,D
14:17:26,MYOR,RG,1860,1,D,IF,PD,D
14:17:26,MYOR,RG,1860,1,D,IF,YP,D
14:17:26,MYOR,RG,1860,14,D,IF,PD,D
14:17:26,MYOR,RG,1860,10,D,IF,DR,D
14:17:26,MYOR,RG,1860,25,D,IF,XC,D
14:17:26,MYOR,RG,1860,20,D,IF,KK,D
14:17:26,MYOR,RG,1860,5,D,IF,KZ,F
14:17:26,MYOR,RG,1860,66,D,IF,KZ,F
14:17:26,MYOR,RG,1860,100,D,IF,YP,D
14:17:26,MYOR,RG,1860,3,D,IF,XC,D
14:17:26,MYOR,RG,1860,20,D,IF,SQ,D
14:17:26,MYOR,RG,1860,1,D,IF,XC,D
14:17:26,MYOR,RG,1860,1,D,IF,XC,D
14:17:26,MYOR,RG,1860,1,D,IF,YP,D
14:17:26,MYOR,RG,1860,50,D,IF,YP,D
14:17:26,MYOR,RG,1860,2,D,IF,YP,D
14:17:26,MYOR,RG,1860,1,D,IF,YP,D
14:17:26,MYOR,RG,1860,5,D,IF,YP,D
14:17:26,MYOR,RG,1860,3,D,IF,XL,D
14:17:26,MYOR,RG,1860,1,D,IF,XL,D
14:17:26,MYOR,RG,1860,5,D,IF,XL,D
14:17:26,MYOR,RG,1860,1,D,IF,KK,D
14:17:26,MYOR,RG,1860,1,D,IF,EP,D
14:17:26,MYOR,RG,1860,5,D,IF,CC,D
14:17:26,MYOR,RG,1860,11,D,IF,XL,D
14:17:06,MYOR,RG,1855,1,D,IF,NI,D
14:17:00,MYOR,RG,1855,1,D,IF,YP,D
14:16:50,MYOR,RG,1855,20,D,IF,KK,D
14:16:20,MYOR,RG,1855,6,D,IF,AK,F
14:16:20,MYOR,RG,1855,17,D,IF,AK,F
14:16:20,MYOR,RG,1855,7,D,IF,KZ,F
14:16:20,MYOR,RG,1855,32,D,IF,KZ,F
14:16:20,MYOR,RG,1855,11,D,IF,AK,F
14:16:20,MYOR,RG,1855,4,D,IF,AK,F
14:16:20,MYOR,RG,1855,3,D,IF,BQ,D
14:16:20,MYOR,RG,1855,2,D,IF,AK,F
14:16:20,MYOR,RG,1855,79,D,IF,AK,F
14:16:20,MYOR,RG,1855,1,D,IF,YP,D
14:16:20,MYOR,RG,1855,1,D,IF,PD,D
14:16:20,MYOR,RG,1855,1,D,IF,XL,D
14:16:20,MYOR,RG,1855,57,D,IF,YB,D
14:16:15,MYOR,RG,1855,2,F,AK,YB,D
14:16:15,MYOR,RG,1855,16,F,AK,YB,D
14:16:15,MYOR,RG,1855,6,F,AK,YB,D
14:16:15,MYOR,RG,1855,19,D,OD,YB,D
14:16:15,MYOR,RG,1855,50,D,OD,NI,D
14:16:15,MYOR,RG,1855,32,D,OD,KZ,F
14:16:15,MYOR,RG,1855,9,D,OD,NI,D
14:16:15,MYOR,RG,1855,1,D,OD,XL,D
14:16:15,MYOR,RG,1855,14,D,OD,KZ,F
14:16:15,MYOR,RG,1855,1,D,OD,YP,D
14:16:15,MYOR,RG,1855,10,D,OD,CC,D
14:16:15,MYOR,RG,1855,40,D,OD,NI,D
14:15:54,MYOR,RG,1850,3,D,IF,BQ,D
14:15:53,MYOR,RG,1855,2,D,DX,KZ,F
14:15:53,MYOR,RG,1855,10,D,DX,DR,D
14:15:53,MYOR,RG,1855,5,D,DX,KZ,F
14:15:02,MYOR,RG,1850,4,D,IF,XL,D
14:14:11,MYOR,RG,1850,10,D,IF,CC,D
14:13:43,MYOR,RG,1855,16,D,DX,KZ,F
14:13:31,MYOR,RG,1850,4,D,IF,AK,F
14:13:31,MYOR,RG,1850,84,D,IF,AK,F
14:13:30,MYOR,RG,1850,1,D,IF,XC,D
14:13:30,MYOR,RG,1850,11,D,IF,AK,F
14:13:30,MYOR,RG,1850,40,D,IF,DR,D
14:13:30,MYOR,RG,1850,71,D,IF,KZ,F
14:13:30,MYOR,RG,1850,10,D,IF,XC,D
14:13:30,MYOR,RG,1850,6,D,IF,KZ,F
14:13:30,MYOR,RG,1850,56,D,IF,KZ,F
14:13:30,MYOR,RG,1850,1,D,IF,YP,D
14:13:30,MYOR,RG,1850,9,D,IF,AK,F
14:13:30,MYOR,RG,1850,3,D,IF,KZ,F
14:13:30,MYOR,RG,1850,24,D,IF,AK,F
14:13:30,MYOR,RG,1850,117,D,IF,KZ,F
14:13:30,MYOR,RG,1850,49,D,IF,AK,F
14:13:30,MYOR,RG,1850,16,D,IF,KZ,F
14:13:17,MYOR,RG,1845,1,D,IF,DR,D
14:11:52,MYOR,RG,1845,1,D,IF,YP,D
14:11:49,MYOR,RG,1845,25,D,IF,AK,F
14:11:49,MYOR,RG,1845,250,D,IF,CC,D
14:11:49,MYOR,RG,1850,10,D,DR,KK,D
14:11:31,MYOR,RG,1845,2,D,IF,AK,F
14:11:30,MYOR,RG,1845,3,D,IF,DX,D
14:11:30,MYOR,RG,1850,18,D,DX,KK,D
14:11:27,MYOR,RG,1845,11,D,IF,AK,F
14:11:27,MYOR,RG,1850,117,D,OD,KK,D
14:10:31,MYOR,RG,1850,94,D,DH,KK,D
14:10:24,MYOR,RG,1850,65,D,IF,KK,D
14:10:20,MYOR,RG,1850,63,D,IF,YP,D
14:09:59,MYOR,RG,1850,47,D,IF,AK,F
14:09:59,MYOR,RG,1850,62,D,IF,AK,F
14:09:59,MYOR,RG,1850,4,D,IF,AK,F
14:09:59,MYOR,RG,1850,10,D,IF,DR,D
14:09:59,MYOR,RG,1850,100,D,IF,PD,D
14:09:59,MYOR,RG,1850,8,D,IF,AK,F
14:09:59,MYOR,RG,1850,8,D,IF,KK,D
14:09:59,MYOR,RG,1850,12,D,IF,AK,F
14:09:59,MYOR,RG,1850,12,D,IF,AK,F
14:09:59,MYOR,RG,1850,10,D,IF,YP,D
14:09:59,MYOR,RG,1850,5,D,IF,CC,D
14:09:59,MYOR,RG,1850,25,D,IF,YP,D
14:09:59,MYOR,RG,1850,64,D,IF,KZ,F
14:09:59,MYOR,RG,1850,17,D,IF,XC,D
14:09:59,MYOR,RG,1850,9,D,IF,AK,F
14:09:59,MYOR,RG,1850,58,D,IF,AK,F
14:09:59,MYOR,RG,1850,77,D,IF,KZ,F
14:09:59,MYOR,RG,1850,2,D,IF,KZ,F
14:09:59,MYOR,RG,1850,3,D,IF,KZ,F
14:09:59,MYOR,RG,1850,3,D,IF,AK,F
14:09:59,MYOR,RG,1850,5,D,IF,BS,D
14:09:59,MYOR,RG,1850,300,D,IF,YP,D
14:09:59,MYOR,RG,1850,1,D,IF,XC,D
14:09:59,MYOR,RG,1850,30,D,IF,KZ,F
14:09:45,MYOR,RG,1845,2,D,IF,AK,F
14:09:40,MYOR,RG,1845,2,D,IF,XL,D
14:09:19,MYOR,RG,1850,17,D,DX,KZ,F
14:08:54,MYOR,RG,1845,1,D,IF,AK,F
14:08:54,MYOR,RG,1845,36,D,IF,KZ,F
14:08:54,MYOR,RG,1845,12,D,IF,KZ,F
14:07:03,MYOR,RG,1845,1,D,IF,AK,F
14:07:03,MYOR,RG,1850,4,D,DX,KZ,F
14:07:03,MYOR,RG,1850,7,D,DX,AK,F
14:07:03,MYOR,RG,1850,3,D,DX,AK,F
14:07:03,MYOR,RG,1850,1,D,DX,PD,D
14:06:27,MYOR,RG,1850,52,D,NI,PD,D
14:06:14,MYOR,RG,1845,2,D,IF,KZ,F
14:05:17,MYOR,RG,1850,20,D,NI,PD,D
14:04:56,MYOR,RG,1850,15,D,DX,PD,D
14:04:08,MYOR,RG,1850,89,D,OD,PD,D
14:04:08,MYOR,RG,1850,10,D,OD,DR,D
14:04:08,MYOR,RG,1850,5,D,OD,NI,D
14:04:08,MYOR,RG,1850,2,D,OD,KZ,F
14:04:08,MYOR,RG,1850,2,D,OD,AK,F
14:04:08,MYOR,RG,1850,8,D,OD,AK,F
14:04:08,MYOR,RG,1850,60,D,OD,KZ,F
14:03:54,MYOR,RG,1845,9,D,IF,XC,D
14:03:53,MYOR,RG,1845,10,D,IF,GR,D
14:03:50,MYOR,RG,1845,10,D,IF,CC,D
14:03:44,MYOR,RG,1845,7,D,IF,KZ,F
14:03:19,MYOR,RG,1845,3,D,IF,KZ,F
14:02:49,MYOR,RG,1845,1,D,IF,XL,D
14:02:41,MYOR,RG,1850,16,D,DX,KZ,F
14:01:14,MYOR,RG,1850,11,D,CC,KZ,F
14:01:11,MYOR,RG,1845,10,D,IF,DR,D
14:00:41,MYOR,RG,1850,10,D,PD,KZ,F
14:00:39,MYOR,RG,1850,1,D,XC,BK,F
14:00:39,MYOR,RG,1850,244,D,OD,BK,F
14:00:39,MYOR,RG,1850,49,D,OD,AK,F
14:00:39,MYOR,RG,1850,76,D,IF,AK,F
14:00:39,MYOR,RG,1850,6,D,IF,KZ,F
14:00:39,MYOR,RG,1850,20,D,IF,BS,D
14:00:36,MYOR,RG,1850,4,D,IF,KZ,F
14:00:34,MYOR,RG,1850,19,D,IF,KZ,F
14:00:34,MYOR,RG,1850,6,D,IF,KZ,F
14:00:34,MYOR,RG,1850,19,D,IF,KZ,F
14:00:31,MYOR,RG,1855,7,D,DX,AK,F
14:00:31,MYOR,RG,1855,4,D,DX,AK,F
14:00:31,MYOR,RG,1855,5,D,DX,AK,F
14:00:10,MYOR,RG,1850,76,D,IF,XC,D
13:59:19,MYOR,RG,1850,25,D,IF,DR,D
13:58:44,MYOR,RG,1850,5,D,IF,KZ,F
13:58:24,MYOR,RG,1850,5,D,IF,KZ,F
13:58:18,MYOR,RG,1855,18,D,DX,AK,F
13:58:01,MYOR,RG,1855,1,D,DH,AK,F
13:57:58,MYOR,RG,1850,18,D,IF,NI,D
13:57:56,MYOR,RG,1855,3,D,XL,AK,F
13:57:43,MYOR,RG,1850,75,D,IF,AZ,D
13:56:29,MYOR,RG,1850,1,D,IF,YP,D
13:55:42,MYOR,RG,1850,24,D,IF,XC,D
13:55:18,MYOR,RG,1850,13,D,IF,AK,F
13:55:17,MYOR,RG,1850,1,D,IF,AK,F
13:55:17,MYOR,RG,1850,3,D,IF,AK,F
13:55:17,MYOR,RG,1850,6,D,IF,AK,F
13:55:17,MYOR,RG,1850,19,D,IF,KZ,F
13:55:17,MYOR,RG,1850,76,D,IF,AK,F
13:55:17,MYOR,RG,1850,3,D,IF,BS,D
13:55:09,MYOR,RG,1850,2,D,DX,BS,D
13:54:57,MYOR,RG,1850,3,D,DX,KZ,F
13:54:56,MYOR,RG,1850,10,D,DX,DR,D
13:54:52,MYOR,RG,1855,2,D,DH,AK,F
13:54:41,MYOR,RG,1850,2,D,DX,KZ,F
13:54:39,MYOR,RG,1850,1,D,XL,KZ,F
13:54:39,MYOR,RG,1850,7,D,XL,CC,D
13:54:39,MYOR,RG,1850,3,D,NI,CC,D
13:54:29,MYOR,RG,1850,1,D,NI,KZ,F
13:54:24,MYOR,RG,1850,7,D,NI,KZ,F
13:54:24,MYOR,RG,1850,34,D,NI,KZ,F
13:54:19,MYOR,RG,1850,7,D,NI,KZ,F
13:54:19,MYOR,RG,1850,7,D,OD,KZ,F
13:54:19,MYOR,RG,1850,12,D,OD,KZ,F
13:54:19,MYOR,RG,1850,8,D,OD,KZ,F
13:54:19,MYOR,RG,1850,17,D,OD,KZ,F
13:54:18,MYOR,RG,1850,1,D,OD,KZ,F
13:54:18,MYOR,RG,1850,3,D,OD,DR,D
13:54:14,MYOR,RG,1850,69,D,OD,FS,D
13:54:14,MYOR,RG,1850,31,D,IF,FS,D
13:54:04,MYOR,RG,1850,12,D,IF,KZ,F
13:54:04,MYOR,RG,1850,5,D,IF,KZ,F
13:54:04,MYOR,RG,1850,6,D,IF,KZ,F
13:54:04,MYOR,RG,1850,1,D,IF,KZ,F
13:54:00,MYOR,RG,1850,4,D,IF,XL,D
13:54:00,MYOR,RG,1855,14,D,DX,AK,F
13:53:43,MYOR,RG,1850,20,D,IF,CC,D
13:53:37,MYOR,RG,1850,10,D,IF,CC,D
13:53:36,MYOR,RG,1850,6,D,IF,XC,D
13:53:24,MYOR,RG,1850,5,D,IF,XL,D
13:53:08,MYOR,RG,1855,3,D,XC,AK,F
13:52:30,MYOR,RG,1855,10,D,XC,AK,F
13:51:50,MYOR,RG,1855,3,D,YP,AK,F
13:51:50,MYOR,RG,1855,2,D,YP,LG,D
13:51:21,MYOR,RG,1855,6,D,XC,AK,F
13:51:21,MYOR,RG,1855,5,D,NI,AK,F
13:51:21,MYOR,RG,1855,125,D,NI,AK,F
13:51:21,MYOR,RG,1855,2,D,NI,KZ,F
13:51:21,MYOR,RG,1855,1,D,YP,AK,F
13:51:21,MYOR,RG,1855,6,D,OD,AK,F
13:51:21,MYOR,RG,1855,62,D,OD,KZ,F
13:51:19,MYOR,RG,1855,13,D,OD,AK,F
13:51:19,MYOR,RG,1855,125,D,OD,AK,F
13:51:18,MYOR,RG,1855,14,D,OD,AK,F
13:51:18,MYOR,RG,1855,73,D,OD,AK,F
13:51:18,MYOR,RG,1855,16,D,DX,AK,F
13:51:18,MYOR,RG,1855,10,D,DH,AK,F
13:51:18,MYOR,RG,1855,26,D,XC,AK,F
13:51:18,MYOR,RG,1855,2,D,XC,YP,D
13:51:00,MYOR,RG,1855,2,D,XC,AK,F
13:51:00,MYOR,RG,1855,20,D,XC,CC,D
13:50:53,MYOR,RG,1855,13,D,XC,AK,F
13:50:52,MYOR,RG,1855,37,D,XC,AK,F
13:50:52,MYOR,RG,1855,88,D,LG,AK,F
13:50:52,MYOR,RG,1855,2,D,LG,AK,F
13:50:52,MYOR,RG,1855,20,D,LG,YP,D
13:50:24,MYOR,RG,1855,23,D,LG,AK,F
13:50:24,MYOR,RG,1855,48,D,LG,KZ,F
13:50:24,MYOR,RG,1855,16,D,LG,KZ,F
13:50:24,MYOR,RG,1855,1,D,LG,XL,D
13:50:24,MYOR,RG,1855,82,D,LG,AK,F
13:50:24,MYOR,RG,1855,31,D,LG,AK,F
13:50:17,MYOR,RG,1855,41,D,IF,AK,F
13:50:17,MYOR,RG,1855,10,D,IF,DR,D
13:50:17,MYOR,RG,1855,5,D,IF,KZ,F
13:50:17,MYOR,RG,1855,4,D,IF,AK,F
13:50:17,MYOR,RG,1855,24,D,IF,NI,D
13:50:17,MYOR,RG,1855,46,D,IF,KZ,F
13:50:17,MYOR,RG,1855,17,D,IF,AK,F
13:50:17,MYOR,RG,1855,57,D,IF,KZ,F
13:50:17,MYOR,RG,1855,16,D,IF,AK,F
13:50:17,MYOR,RG,1855,93,D,IF,AK,F
13:50:17,MYOR,RG,1855,10,D,IF,KK,D
13:50:17,MYOR,RG,1855,30,D,IF,KZ,F
13:50:17,MYOR,RG,1855,20,D,IF,CC,D
13:50:17,MYOR,RG,1855,14,D,IF,KZ,F
13:50:17,MYOR,RG,1855,50,D,IF,YP,D
13:50:17,MYOR,RG,1855,15,D,IF,XC,D
13:50:17,MYOR,RG,1855,15,D,IF,KZ,F
13:50:17,MYOR,RG,1855,15,D,IF,XC,D
13:50:17,MYOR,RG,1855,2,D,IF,YP,D
13:50:17,MYOR,RG,1855,2,D,IF,PD,D
13:50:17,MYOR,RG,1855,14,D,IF,KZ,F
13:50:13,MYOR,RG,1850,1,D,LG,XC,D
13:49:35,MYOR,RG,1855,14,D,DX,KZ,F
13:49:35,MYOR,RG,1855,2,D,DX,YP,D
13:49:35,MYOR,RG,1855,1,D,DX,CP,D
13:49:26,MYOR,RG,1850,74,D,LG,AK,F
13:49:26,MYOR,RG,1850,86,D,LG,AK,F
13:49:26,MYOR,RG,1850,10,D,LG,DR,D
13:49:26,MYOR,RG,1850,12,D,LG,XC,D
13:49:26,MYOR,RG,1850,30,D,LG,CC,D
13:49:26,MYOR,RG,1850,2,D,LG,YP,D
13:49:26,MYOR,RG,1850,15,D,LG,KZ,F
13:49:26,MYOR,RG,1850,15,D,LG,KZ,F
13:49:26,MYOR,RG,1850,9,D,LG,AK,F
13:49:26,MYOR,RG,1850,25,D,LG,CC,D
13:49:26,MYOR,RG,1850,4,D,LG,CC,D
13:49:26,MYOR,RG,1850,89,D,LG,AK,F
13:49:26,MYOR,RG,1850,10,D,LG,DR,D
13:49:26,MYOR,RG,1850,67,D,LG,KZ,F
13:49:26,MYOR,RG,1850,4,D,LG,AK,F
13:49:26,MYOR,RG,1850,36,D,LG,KZ,F
13:49:19,MYOR,RG,1850,51,D,DH,KZ,F
13:49:19,MYOR,RG,1850,24,D,DH,AK,F
13:49:19,MYOR,RG,1850,19,D,DH,AK,F
13:47:59,MYOR,RG,1850,132,D,NI,AK,F
13:47:17,MYOR,RG,1850,14,D,DX,KZ,F
13:46:56,MYOR,RG,1845,1,D,IF,NI,D
13:46:54,MYOR,RG,1850,13,D,LG,KZ,F
13:46:54,MYOR,RG,1850,1,D,LG,XC,D
13:46:54,MYOR,RG,1850,1,D,LG,KZ,F
13:46:54,MYOR,RG,1850,3,D,LG,KZ,F
13:46:54,MYOR,RG,1850,91,D,LG,AK,F
13:46:54,MYOR,RG,1850,207,D,LG,SQ,D
13:46:54,MYOR,RG,1850,37,D,LG,KZ,F
13:46:54,MYOR,RG,1850,8,D,LG,KZ,F
13:46:54,MYOR,RG,1850,10,D,LG,PD,D
13:46:54,MYOR,RG,1850,7,D,LG,KZ,F
13:46:54,MYOR,RG,1850,10,D,LG,AK,F
13:46:54,MYOR,RG,1850,162,D,LG,AK,F
13:46:54,MYOR,RG,1850,3,D,LG,KZ,F
13:46:54,MYOR,RG,1850,26,D,LG,XC,D
13:46:54,MYOR,RG,1850,1,D,LG,PD,D
13:46:54,MYOR,RG,1850,1,D,LG,XL,D
13:46:54,MYOR,RG,1850,10,D,LG,DR,D
13:46:54,MYOR,RG,1850,22,D,LG,KZ,F
13:46:54,MYOR,RG,1850,2,D,LG,PD,D
13:46:54,MYOR,RG,1850,1,D,LG,KZ,F
13:46:54,MYOR,RG,1850,1,D,LG,KZ,F
13:46:54,MYOR,RG,1850,5,D,LG,CC,D
13:46:54,MYOR,RG,1850,1,D,LG,XC,D
13:46:54,MYOR,RG,1850,3,D,LG,KZ,F
13:46:54,MYOR,RG,1850,13,D,LG,XC,D
13:46:54,MYOR,RG,1850,50,D,LG,KZ,F
13:46:54,MYOR,RG,1850,200,D,LG,CC,D
13:46:54,MYOR,RG,1850,54,D,LG,KZ,F
13:46:54,MYOR,RG,1850,6,D,LG,BQ,D
13:46:54,MYOR,RG,1850,3,D,LG,LG,D
13:46:54,MYOR,RG,1850,10,D,LG,SQ,D
13:46:54,MYOR,RG,1850,1,D,LG,XC,D
13:46:54,MYOR,RG,1850,4,D,LG,PD,D
13:46:54,MYOR,RG,1850,10,D,LG,PD,D
13:46:54,MYOR,RG,1850,1,D,LG,NI,D
13:46:54,MYOR,RG,1850,10,D,LG,TP,D
13:46:54,MYOR,RG,1850,1,D,LG,OD,D
13:46:54,MYOR,RG,1850,10,D,LG,ZP,D
13:46:54,MYOR,RG,1850,1,D,LG,XC,D
13:46:48,MYOR,RG,1845,109,D,IF,AK,F
13:46:48,MYOR,RG,1845,1,D,IF,AK,F
13:46:48,MYOR,RG,1845,1,D,IF,AK,F
13:46:48,MYOR,RG,1845,4,D,IF,XL,D
13:46:38,MYOR,RG,1845,10,D,IF,PD,D
13:46:21,MYOR,RG,1845,11,D,IF,AK,F
13:46:20,MYOR,RG,1845,6,D,IF,AK,F
13:46:20,MYOR,RG,1850,10,D,NI,FS,D
13:46:20,MYOR,RG,1850,80,D,NI,YP,D
13:46:20,MYOR,RG,1850,1,D,NI,YP,D
13:46:20,MYOR,RG,1850,15,D,NI,SQ,D
13:46:20,MYOR,RG,1850,1,D,NI,GR,D
13:46:20,MYOR,RG,1850,1,D,NI,YP,D
13:46:20,MYOR,RG,1850,4,D,NI,YP,D
13:46:20,MYOR,RG,1850,10,D,NI,DR,D
13:46:20,MYOR,RG,1850,5,D,NI,CC,D
13:46:20,MYOR,RG,1850,1,D,NI,KK,D
13:46:20,MYOR,RG,1850,4,D,NI,CP,D
13:46:08,MYOR,RG,1845,30,D,IF,CC,D
13:46:04,MYOR,RG,1845,1,D,IF,CC,D
13:45:21,MYOR,RG,1850,12,D,XC,CP,D
13:45:06,MYOR,RG,1850,14,D,DX,CP,D
13:45:06,MYOR,RG,1850,1,D,DX,CP,D
13:44:56,MYOR,RG,1845,10,D,IF,AK,F
13:44:56,MYOR,RG,1845,4,D,IF,AK,F
13:44:56,MYOR,RG,1845,25,D,IF,CC,D
13:44:56,MYOR,RG,1845,10,D,IF,AK,F
13:44:56,MYOR,RG,1845,9,D,IF,PD,D
13:44:56,MYOR,RG,1845,200,D,IF,SQ,D
13:44:56,MYOR,RG,1845,4,D,IF,AK,F
13:44:56,MYOR,RG,1845,10,D,IF,DR,D
13:44:56,MYOR,RG,1845,12,D,IF,KZ,F
13:44:56,MYOR,RG,1845,24,D,IF,NI,D
13:44:36,MYOR,RG,1840,30,D,OD,YP,D
13:43:57,MYOR,RG,1840,2,D,OD,KK,D
13:43:45,MYOR,RG,1845,1,D,XC,NI,D
13:43:14,MYOR,RG,1845,25,D,LG,NI,D
13:43:14,MYOR,RG,1845,59,D,LG,KZ,F
13:43:14,MYOR,RG,1845,10,D,LG,XC,D
13:43:06,MYOR,RG,1840,1,D,OD,KZ,F
13:43:06,MYOR,RG,1840,4,D,OD,XL,D
13:43:01,MYOR,RG,1840,2,D,OD,KZ,F
13:43:01,MYOR,RG,1840,10,D,OD,SQ,D
13:42:50,MYOR,RG,1840,2,D,OD,KZ,F
13:42:50,MYOR,RG,1840,8,D,OD,XC,D
13:42:46,MYOR,RG,1840,3,D,OD,KZ,F
13:42:44,MYOR,RG,1840,2,D,OD,KZ,F
13:42:44,MYOR,RG,1840,10,D,OD,XC,D
13:42:44,MYOR,RG,1840,10,D,YP,XC,D
13:42:07,MYOR,RG,1840,3,D,YP,KZ,F
13:42:07,MYOR,RG,1840,10,D,YP,DR,D
13:41:58,MYOR,RG,1840,1,D,YP,KZ,F
13:41:58,MYOR,RG,1840,5,D,YP,XL,D
13:41:46,MYOR,RG,1840,6,D,YP,KZ,F
13:41:46,MYOR,RG,1840,23,D,YP,AK,F
13:41:43,MYOR,RG,1840,2,D,YP,KZ,F
13:41:43,MYOR,RG,1840,1,D,CC,KZ,F
13:41:43,MYOR,RG,1840,4,F,ZP,KZ,F
13:41:42,MYOR,RG,1840,28,F,ZP,XL,D
13:41:38,MYOR,RG,1840,7,F,ZP,KZ,F
13:41:36,MYOR,RG,1840,3,F,ZP,KZ,F
13:41:36,MYOR,RG,1840,6,F,ZP,AK,F
13:41:36,MYOR,RG,1840,24,F,ZP,AK,F
13:41:36,MYOR,RG,1840,28,F,ZP,KZ,F
13:41:35,MYOR,RG,1840,1,D,XC,KZ,F
13:41:30,MYOR,RG,1840,1,F,ZP,KZ,F
13:41:30,MYOR,RG,1840,9,F,ZP,AK,F
13:41:30,MYOR,RG,1840,93,F,ZP,AK,F
13:41:30,MYOR,RG,1840,62,F,ZP,KZ,F
13:41:30,MYOR,RG,1840,6,F,ZP,KZ,F
13:41:30,MYOR,RG,1840,13,F,ZP,KZ,F
13:41:30,MYOR,RG,1840,5,F,ZP,KZ,F
13:41:30,MYOR,RG,1840,31,F,ZP,KZ,F
13:41:30,MYOR,RG,1840,5,F,ZP,AK,F
13:41:30,MYOR,RG,1840,7,F,ZP,AK,F
13:41:30,MYOR,RG,1840,18,F,ZP,YP,D
13:41:24,MYOR,RG,1840,18,D,DX,YP,D
13:41:24,MYOR,RG,1840,124,D,OD,YP,D
13:41:20,MYOR,RG,1840,2,D,OD,NI,D
13:41:02,MYOR,RG,1840,50,D,OD,CC,D
13:41:02,MYOR,RG,1840,10,D,IF,CC,D
13:40:50,MYOR,RG,1845,15,D,DX,XC,D
13:40:41,MYOR,RG,1840,36,D,IF,CP,D
13:40:18,MYOR,RG,1845,33,D,DH,XC,D
13:40:18,MYOR,RG,1845,31,D,DH,CP,D
13:40:18,MYOR,RG,1845,10,D,DH,CC,D
13:40:18,MYOR,RG,1845,4,D,DH,PD,D
13:40:18,MYOR,RG,1845,1,D,DH,YP,D
13:40:18,MYOR,RG,1845,1,D,DH,XC,D
13:40:18,MYOR,RG,1845,14,D,DH,NI,D
13:39:43,MYOR,RG,1845,86,D,OD,NI,D
13:39:43,MYOR,RG,1845,28,D,OD,KZ,F
13:39:43,MYOR,RG,1845,1,D,OD,YP,D
13:39:43,MYOR,RG,1845,2,D,OD,PD,D
13:39:19,MYOR,RG,1840,16,D,IF,KZ,F
13:39:17,MYOR,RG,1840,45,D,IF,AK,F
13:39:17,MYOR,RG,1840,5,D,IF,AK,F
13:39:17,MYOR,RG,1840,6,D,IF,KZ,F
13:39:17,MYOR,RG,1840,10,D,IF,DR,D
13:39:17,MYOR,RG,1840,29,D,IF,KZ,F
13:39:17,MYOR,RG,1840,1,D,IF,NI,D
13:39:17,MYOR,RG,1840,42,D,IF,KZ,F
13:39:17,MYOR,RG,1840,7,D,IF,KZ,F
13:39:17,MYOR,RG,1840,7,D,IF,AK,F
13:39:17,MYOR,RG,1840,109,D,IF,CC,D
13:39:17,MYOR,RG,1840,1,D,IF,KZ,F
13:39:17,MYOR,RG,1840,3,D,IF,AK,F
13:39:17,MYOR,RG,1840,34,D,IF,KZ,F
13:39:17,MYOR,RG,1840,16,D,IF,GR,D
13:39:17,MYOR,RG,1840,20,D,IF,BQ,D
13:39:17,MYOR,RG,1840,50,D,IF,YP,D
13:39:17,MYOR,RG,1840,10,D,IF,CC,D
13:39:17,MYOR,RG,1840,2,D,IF,XC,D
13:39:17,MYOR,RG,1840,20,D,IF,YP,D
13:39:17,MYOR,RG,1840,3,D,IF,YP,D
13:39:17,MYOR,RG,1840,1,D,IF,KK,D
13:39:17,MYOR,RG,1840,12,D,IF,GR,D
13:39:17,MYOR,RG,1840,5,D,IF,KK,D
13:38:46,MYOR,RG,1835,26,D,LG,AK,F
13:38:28,MYOR,RG,1835,1,D,CC,YU,F
13:38:28,MYOR,RG,1835,5,D,YP,YU,F
13:38:28,MYOR,RG,1835,10,D,YP,YU,F
13:38:28,MYOR,RG,1835,18,D,DX,YU,F
13:38:28,MYOR,RG,1835,132,D,NI,YU,F
13:38:28,MYOR,RG,1835,37,F,ZP,YU,F
13:36:24,MYOR,RG,1835,6,F,ZP,AK,F
13:36:24,MYOR,RG,1835,2,F,ZP,AK,F
13:36:24,MYOR,RG,1835,4,F,ZP,KZ,F
13:36:24,MYOR,RG,1835,2,F,ZP,CC,D
13:36:24,MYOR,RG,1835,10,F,ZP,CC,D
13:36:24,MYOR,RG,1835,1,F,ZP,YP,D
13:36:24,MYOR,RG,1835,43,F,ZP,KZ,F
13:36:24,MYOR,RG,1835,2,F,ZP,CC,D
13:36:24,MYOR,RG,1835,10,F,ZP,NI,D
13:36:24,MYOR,RG,1835,99,F,ZP,YP,D
13:36:24,MYOR,RG,1835,10,F,ZP,PD,D
13:36:24,MYOR,RG,1835,24,F,ZP,KZ,F
13:36:23,MYOR,RG,1835,4,D,DX,KZ,F
13:36:23,MYOR,RG,1835,5,D,DX,YP,D
13:36:23,MYOR,RG,1835,5,D,DX,CC,D
13:35:59,MYOR,RG,1830,4,D,NI,KZ,F
13:35:59,MYOR,RG,1830,1,D,NI,KZ,F
13:35:59,MYOR,RG,1830,14,D,NI,KZ,F
13:35:50,MYOR,RG,1830,26,D,XL,KZ,F
13:35:43,MYOR,RG,1830,33,D,YP,KZ,F
13:35:43,MYOR,RG,1830,5,D,YP,DR,D
13:35:43,MYOR,RG,1830,8,D,YP,PD,D
13:35:43,MYOR,RG,1830,3,D,YP,YP,D
13:35:43,MYOR,RG,1830,1,D,YP,SQ,D
13:34:55,MYOR,RG,1825,1,F,ZP,NI,D
13:34:38,MYOR,RG,1825,5,F,ZP,CC,D
13:34:28,MYOR,RG,1825,1,F,ZP,KZ,F
13:34:28,MYOR,RG,1825,1,F,ZP,KZ,F
13:34:28,MYOR,RG,1825,1,F,ZP,KZ,F
13:34:28,MYOR,RG,1825,7,F,ZP,AK,F
13:34:28,MYOR,RG,1825,1,F,ZP,KZ,F
13:34:28,MYOR,RG,1825,6,F,ZP,NI,D
13:34:28,MYOR,RG,1825,213,F,ZP,NI,D
13:34:28,MYOR,RG,1825,95,F,ZP,NI,D
13:34:28,MYOR,RG,1825,3,F,ZP,AK,F
13:34:28,MYOR,RG,1825,43,F,ZP,KZ,F
13:34:28,MYOR,RG,1825,32,F,ZP,KZ,F
13:34:28,MYOR,RG,1825,11,F,ZP,KZ,F
13:34:09,MYOR,RG,1820,1,D,OD,YP,D
13:34:05,MYOR,RG,1825,11,D,DX,KZ,F
13:34:05,MYOR,RG,1825,5,D,DX,NI,D
13:34:02,MYOR,RG,1825,5,D,CC,NI,D
13:33:59,MYOR,RG,1825,4,D,XL,NI,D
13:33:47,MYOR,RG,1825,1,D,CC,NI,D
13:33:46,MYOR,RG,1825,176,D,OD,NI,D
13:33:46,MYOR,RG,1825,17,D,LG,NI,D
13:33:46,MYOR,RG,1825,91,D,LG,NI,D
13:33:14,MYOR,RG,1825,47,D,LG,KZ,F
13:33:14,MYOR,RG,1825,135,D,LG,YU,F
13:33:14,MYOR,RG,1825,139,D,LG,NI,D
13:33:14,MYOR,RG,1825,60,D,LG,NI,D
13:33:14,MYOR,RG,1825,11,D,LG,KZ,F
13:33:08,MYOR,RG,1825,5,D,PD,KZ,F
13:32:53,MYOR,RG,1825,16,F,ZP,KZ,F
13:32:51,MYOR,RG,1825,8,F,ZP,KZ,F
13:32:51,MYOR,RG,1825,3,F,ZP,KZ,F
13:32:51,MYOR,RG,1825,4,F,ZP,KZ,F
13:32:51,MYOR,RG,1825,138,F,ZP,NI,D
13:32:51,MYOR,RG,1825,31,F,ZP,NI,D
13:32:40,MYOR,RG,1825,10,D,PD,NI,D
13:32:40,MYOR,RG,1825,20,F,ZP,NI,D
13:32:38,MYOR,RG,1825,10,F,ZP,KZ,F
13:32:36,MYOR,RG,1825,34,F,ZP,KZ,F
13:32:36,MYOR,RG,1825,23,F,ZP,KZ,F
13:32:36,MYOR,RG,1825,15,F,ZP,KZ,F
13:32:36,MYOR,RG,1825,98,F,ZP,NI,D
13:32:29,MYOR,RG,1825,41,D,LG,NI,D
13:32:29,MYOR,RG,1825,60,D,LG,NI,D
13:32:22,MYOR,RG,1825,9,D,LG,AK,F
13:32:22,MYOR,RG,1825,4,D,LG,AK,F
13:32:22,MYOR,RG,1825,4,D,LG,NI,D
13:32:22,MYOR,RG,1825,28,D,LG,KZ,F
13:32:22,MYOR,RG,1825,47,D,LG,KZ,F
13:32:22,MYOR,RG,1825,24,D,LG,KZ,F
13:32:22,MYOR,RG,1825,36,D,LG,KZ,F
13:32:22,MYOR,RG,1825,247,D,LG,NI,D
13:30:34,MYOR,RG,1825,100,F,CC,NI,D
13:30:34,MYOR,RG,1825,152,F,CC,NI,D
13:30:30,MYOR,RG,1825,139,F,CC,NI,D
13:30:30,MYOR,RG,1825,60,F,CC,NI,D
13:30:28,MYOR,RG,1825,12,F,CC,KZ,F
13:30:28,MYOR,RG,1825,2,F,ZP,KZ,F
13:30:25,MYOR,RG,1825,32,F,ZP,KZ,F
13:30:25,MYOR,RG,1825,7,F,ZP,KZ,F
13:30:25,MYOR,RG,1825,59,F,ZP,NI,D
13:30:25,MYOR,RG,1825,10,D,NI,NI,D
13:30:20,MYOR,RG,1825,30,F,AK,NI,D
13:30:15,MYOR,RG,1825,2,F,ZP,KZ,F
13:30:15,MYOR,RG,1825,36,F,ZP,KZ,F
13:30:15,MYOR,RG,1825,110,F,ZP,XL,D
13:30:15,MYOR,RG,1825,11,F,ZP,AK,F
13:30:15,MYOR,RG,1825,25,F,ZP,AK,F
13:30:15,MYOR,RG,1825,16,F,ZP,KZ,F
13:30:10,MYOR,RG,1825,3,D,XL,KZ,F
13:30:10,MYOR,RG,1825,10,D,XL,KZ,F
13:30:09,MYOR,RG,1820,1,D,OD,KZ,F
13:30:08,MYOR,RG,1825,1,D,YP,KZ,F
13:30:06,MYOR,RG,1820,5,D,OD,AK,F
13:30:06,MYOR,RG,1820,11,D,OD,AK,F
13:30:05,MYOR,RG,1825,1,D,CC,KZ,F
13:30:05,MYOR,RG,1830,61,D,AZ,NI,D
13:30:05,MYOR,RG,1830,2,D,AZ,NI,D
13:30:05,MYOR,RG,1830,19,D,AZ,NI,D
13:30:05,MYOR,RG,1825,1,D,CC,CC,D
13:30:05,MYOR,RG,1825,18,D,CC,XC,D
13:30:04,MYOR,RG,1825,1,D,XC,XC,D
13:30:04,MYOR,RG,1825,1,D,CC,XC,D
13:30:03,MYOR,RG,1825,2,D,XC,XC,D
13:30:03,MYOR,RG,1825,5,D,XC,XC,D
13:30:03,MYOR,RG,1825,1,D,PD,XC,D
13:30:03,MYOR,RG,1825,13,D,DX,XC,D
13:30:03,MYOR,RG,1825,1,D,KK,XC,D
13:30:03,MYOR,RG,1825,1,D,EP,XC,D
13:30:03,MYOR,RG,1825,1,D,SQ,XC,D
13:30:03,MYOR,RG,1825,4,D,NI,XC,D
13:30:03,MYOR,RG,1825,11,D,NI,LG,D
13:30:03,MYOR,RG,1825,10,D,NI,CC,D
13:30:02,MYOR,RG,1830,1,D,XC,NI,D
13:30:02,MYOR,RG,1830,10,D,XL,NI,D
13:30:02,MYOR,RG,1825,16,D,NI,PD,D
13:30:02,MYOR,RG,1825,4,D,NI,PD,D
13:30:02,MYOR,RG,1825,5,D,NI,CC,D
13:30:02,MYOR,RG,1825,20,D,NI,PD,D
13:30:02,MYOR,RG,1825,2,D,NI,PD,D
13:30:02,MYOR,RG,1825,1,D,NI,XL,D
13:30:01,MYOR,RG,1830,5,D,DX,KZ,F
13:30:01,MYOR,RG,1830,11,D,PD,KZ,F
13:30:01,MYOR,RG,1830,1,D,PD,KZ,F
13:30:01,MYOR,RG,1825,1,D,NI,PD,D
13:30:01,MYOR,RG,1830,1,D,PD,KZ,F
13:30:01,MYOR,RG,1830,24,D,DH,KZ,F
13:30:01,MYOR,RG,1830,70,D,DH,PG,D
13:30:01,MYOR,RG,1825,4,D,NI,DH,D
13:30:01,MYOR,RG,1825,54,D,NI,NI,D
13:30:01,MYOR,RG,1825,2,D,DR,NI,D
13:30:01,MYOR,RG,1825,20,D,HP,NI,D
13:30:01,MYOR,RG,1825,63,D,PP,NI,D
13:30:01,MYOR,RG,1825,60,D,PP,NI,D
13:30:01,MYOR,RG,1825,3,D,PP,EP,D
11:29:39,MYOR,RG,1825,1,D,PP,AK,F
11:29:13,MYOR,RG,1825,20,D,PP,KZ,F
11:29:13,MYOR,RG,1825,1,D,PP,KZ,F
11:29:13,MYOR,RG,1825,1,D,PP,KZ,F
11:29:13,MYOR,RG,1825,2,D,PP,NI,D
11:28:19,MYOR,RG,1825,56,D,OD,NI,D
11:28:19,MYOR,RG,1825,25,D,OD,NI,D
11:28:19,MYOR,RG,1825,31,D,OD,KZ,F
11:28:19,MYOR,RG,1825,4,D,OD,AK,F
11:28:19,MYOR,RG,1825,1,D,OD,AK,F
11:28:18,MYOR,RG,1820,1,D,OD,AK,F
11:27:51,MYOR,RG,1820,1,D,OD,KZ,F
11:27:24,MYOR,RG,1820,5,D,OD,AK,F
11:27:09,MYOR,RG,1820,1,D,OD,AK,F
11:26:39,MYOR,RG,1820,2,D,OD,AK,F
11:26:18,MYOR,RG,1820,4,D,OD,AK,F
11:26:03,MYOR,RG,1820,1,D,OD,AK,F
11:25:44,MYOR,RG,1820,1,D,OD,XL,D
11:22:45,MYOR,RG,1820,21,D,OD,AK,F
11:22:45,MYOR,RG,1825,1,F,BK,KZ,F
11:22:45,MYOR,RG,1825,25,F,BK,KZ,F
11:22:45,MYOR,RG,1825,9,F,BK,AK,F
11:22:45,MYOR,RG,1825,1,F,BK,AK,F
11:22:45,MYOR,RG,1825,6,F,BK,KZ,F
11:22:45,MYOR,RG,1825,3,F,BK,AK,F
11:22:45,MYOR,RG,1825,18,F,BK,KZ,F
11:22:45,MYOR,RG,1825,1,F,BK,KZ,F
11:22:45,MYOR,RG,1825,14,F,BK,KZ,F
11:22:45,MYOR,RG,1825,6,F,BK,AK,F
11:22:45,MYOR,RG,1825,65,F,BK,NI,D
11:22:36,MYOR,RG,1820,7,D,OD,AK,F
11:22:36,MYOR,RG,1820,1,D,OD,KZ,F
11:22:18,MYOR,RG,1820,5,D,OD,AK,F
11:19:34,MYOR,RG,1825,1,D,PD,NI,D
11:19:34,MYOR,RG,1825,2,D,XL,NI,D
11:19:34,MYOR,RG,1825,10,D,PD,NI,D
11:19:34,MYOR,RG,1825,31,D,CC,NI,D
11:19:34,MYOR,RG,1825,30,D,OD,NI,D
11:19:34,MYOR,RG,1825,60,D,OD,NI,D
11:17:48,MYOR,RG,1825,25,D,OD,YU,F
11:17:31,MYOR,RG,1830,2,D,PD,YU,F
11:17:27,MYOR,RG,1830,3,D,PD,KZ,F
11:17:27,MYOR,RG,1830,11,D,OD,KZ,F
11:17:26,MYOR,RG,1830,150,D,OD,YP,D
11:14:44,MYOR,RG,1830,20,D,OD,YB,D
11:14:29,MYOR,RG,1830,7,D,OD,AK,F
11:13:49,MYOR,RG,1830,2,D,OD,AK,F
11:13:49,MYOR,RG,1830,33,D,OD,YU,F
11:13:49,MYOR,RG,1830,20,D,OD,CC,D
11:13:49,MYOR,RG,1830,1,D,OD,AK,F
11:13:49,MYOR,RG,1830,45,D,OD,KZ,F
11:13:49,MYOR,RG,1830,4,D,OD,AK,F
11:12:06,MYOR,RG,1830,1,D,XL,YU,F
11:12:06,MYOR,RG,1830,14,D,XL,KZ,F
11:11:51,MYOR,RG,1825,9,D,OD,KZ,F
11:11:22,MYOR,RG,1825,37,D,OD,CC,D
11:11:21,MYOR,RG,1830,1,D,XL,KZ,F
11:11:05,MYOR,RG,1825,1,D,OD,NI,D
11:10:03,MYOR,RG,1830,18,D,EP,KZ,F
11:10:03,MYOR,RG,1830,1,D,EP,KZ,F
11:10:03,MYOR,RG,1830,1,D,EP,KZ,F
11:10:03,MYOR,RG,1830,5,D,EP,PD,D
11:09:15,MYOR,RG,1830,1,D,YP,XC,D
11:08:26,MYOR,RG,1830,1,D,OD,XC,D
11:06:47,MYOR,RG,1830,6,D,OD,AK,F
11:06:47,MYOR,RG,1830,1,D,OD,AK,F
11:06:47,MYOR,RG,1830,1,D,OD,AK,F
11:06:47,MYOR,RG,1830,25,D,OD,CP,D
11:06:47,MYOR,RG,1830,97,D,OD,AK,F
11:06:47,MYOR,RG,1830,2,D,OD,KZ,F
11:06:47,MYOR,RG,1830,52,D,OD,KZ,F
11:06:47,MYOR,RG,1830,5,D,OD,KZ,F
11:06:47,MYOR,RG,1830,10,D,OD,CC,D
11:04:46,MYOR,RG,1830,21,D,DH,AK,F
11:04:43,MYOR,RG,1830,1,D,DH,AK,F
11:04:43,MYOR,RG,1830,4,D,DH,AK,F
11:04:43,MYOR,RG,1830,183,D,DH,AK,F
11:04:43,MYOR,RG,1830,1,D,DH,AK,F
11:04:43,MYOR,RG,1830,3,D,DH,YP,D
11:04:43,MYOR,RG,1830,1,D,DH,AK,F
11:04:43,MYOR,RG,1830,125,D,DH,CC,D
11:04:43,MYOR,RG,1830,1,D,DH,XC,D
11:04:43,MYOR,RG,1830,3,D,DH,KZ,F
11:04:43,MYOR,RG,1830,10,D,DH,CC,D
11:04:43,MYOR,RG,1830,85,D,DH,YU,F
11:04:43,MYOR,RG,1830,6,D,DH,YP,D
11:04:43,MYOR,RG,1830,19,D,DH,KZ,F
11:04:43,MYOR,RG,1830,73,D,DH,KZ,F
11:04:43,MYOR,RG,1830,3,D,DH,AK,F
11:04:43,MYOR,RG,1830,10,D,DH,BS,D
11:04:43,MYOR,RG,1830,1,D,DH,XC,D
11:04:43,MYOR,RG,1830,5,D,DH,XL,D
11:04:43,MYOR,RG,1830,7,D,DH,AK,F
11:04:43,MYOR,RG,1830,5,D,DH,AK,F
11:04:43,MYOR,RG,1830,133,D,DH,CC,D
11:01:24,MYOR,RG,1825,2,D,OD,KZ,F
11:01:24,MYOR,RG,1825,9,D,OD,AK,F
11:01:06,MYOR,RG,1825,5,D,OD,KZ,F
11:01:04,MYOR,RG,1825,1,D,OD,KZ,F
11:01:04,MYOR,RG,1825,15,D,OD,PD,D
11:01:04,MYOR,RG,1825,1,D,OD,AK,F
11:01:04,MYOR,RG,1825,1,D,OD,AK,F
11:01:04,MYOR,RG,1825,3,D,OD,AK,F
11:01:04,MYOR,RG,1825,1,D,OD,AK,F
10:59:33,MYOR,RG,1820,6,D,OD,AK,F
10:58:32,MYOR,RG,1825,3,D,OD,KZ,F
10:58:32,MYOR,RG,1825,1,D,OD,CC,F
10:58:32,MYOR,RG,1825,10,D,OD,BS,D
10:58:26,MYOR,RG,1825,3,D,OD,AK,F
10:58:18,MYOR,RG,1825,2,D,OD,KZ,F
10:58:17,MYOR,RG,1825,5,D,OD,XC,D
10:57:55,MYOR,RG,1825,2,D,OD,XC,D
10:56:43,MYOR,RG,1825,2,D,OD,KZ,F
10:56:43,MYOR,RG,1825,10,D,OD,CC,D
10:55:48,MYOR,RG,1825,6,D,OD,KZ,F
10:55:46,MYOR,RG,1825,2,D,OD,KZ,F
10:55:46,MYOR,RG,1825,1,D,OD,KZ,F
10:55:46,MYOR,RG,1825,4,D,OD,AK,F
10:55:46,MYOR,RG,1825,1,D,OD,AK,F
10:55:46,MYOR,RG,1825,3,D,OD,AK,F
10:55:46,MYOR,RG,1825,9,D,OD,KZ,F
10:55:46,MYOR,RG,1825,17,D,OD,AK,F
10:55:46,MYOR,RG,1825,19,D,OD,KZ,F
10:54:54,MYOR,RG,1820,8,D,OD,AK,F
10:54:54,MYOR,RG,1820,1,D,NI,AK,F
10:54:33,MYOR,RG,1820,3,D,NI,AK,F
10:54:23,MYOR,RG,1825,1,D,PD,KZ,F
10:53:06,MYOR,RG,1825,3,D,PD,YP,D
10:53:06,MYOR,RG,1825,33,F,BK,YP,D
10:53:06,MYOR,RG,1825,2,D,YP,YP,D
10:53:06,MYOR,RG,1825,175,D,OD,YP,D
10:52:57,MYOR,RG,1825,10,D,OD,AK,F
10:52:42,MYOR,RG,1825,80,D,OD,KK,D
10:52:18,MYOR,RG,1825,6,D,OD,DR,D
10:52:18,MYOR,RG,1825,1,D,OD,XC,D
10:51:34,MYOR,RG,1825,2,D,OD,XL,D
10:51:33,MYOR,RG,1825,2,D,OD,KK,D
10:50:35,MYOR,RG,1825,1,D,OD,XL,D
10:48:41,MYOR,RG,1825,8,D,OD,AK,F
10:48:41,MYOR,RG,1830,67,D,OD,CC,D
10:48:41,MYOR,RG,1830,25,D,OD,KZ,F
10:48:41,MYOR,RG,1830,5,D,OD,GR,D
10:48:41,MYOR,RG,1830,1,D,OD,AK,F
10:48:41,MYOR,RG,1830,4,D,OD,AK,F
10:48:41,MYOR,RG,1830,41,D,OD,KZ,F
10:48:41,MYOR,RG,1830,1,D,OD,AK,F
10:47:02,MYOR,RG,1830,1,D,XC,AK,F
10:45:44,MYOR,RG,1830,1,D,YP,KK,D
10:42:39,MYOR,RG,1825,8,D,OD,DR,D
10:42:39,MYOR,RG,1825,2,D,XC,DR,D
10:41:36,MYOR,RG,1825,5,D,XC,LG,D
10:40:54,MYOR,RG,1825,2,F,CC,AK,F
10:40:54,MYOR,RG,1825,3,F,CC,AK,F
10:40:54,MYOR,RG,1825,1,F,CC,PD,D
10:40:50,MYOR,RG,1825,1,D,XC,PD,D
10:40:50,MYOR,RG,1825,7,D,XC,KZ,F
10:40:31,MYOR,RG,1825,1,F,CC,KZ,F
10:40:31,MYOR,RG,1825,5,F,CC,AK,F
10:40:30,MYOR,RG,1825,19,D,CC,AK,F
10:40:30,MYOR,RG,1825,1,D,CC,AK,F
10:40:05,MYOR,RG,1825,1,D,YP,AK,F
10:39:51,MYOR,RG,1825,5,D,PD,AK,F
10:38:31,MYOR,RG,1820,1,D,NI,KZ,F
10:38:31,MYOR,RG,1820,13,D,OD,KZ,F
10:38:01,MYOR,RG,1820,3,D,OD,KZ,F
10:37:44,MYOR,RG,1825,1,D,PD,KZ,F
10:37:11,MYOR,RG,1825,34,D,OD,KZ,F
10:37:07,MYOR,RG,1825,25,D,OD,AK,F
10:37:07,MYOR,RG,1825,1,D,XL,AK,F
10:37:07,MYOR,RG,1825,112,D,OD,AK,F
10:37:01,MYOR,RG,1825,5,D,OD,XL,D
10:36:39,MYOR,RG,1830,9,D,XL,KZ,F
10:36:39,MYOR,RG,1830,7,D,XL,AK,F
10:36:39,MYOR,RG,1830,5,D,XL,AK,F
10:36:39,MYOR,RG,1830,1,D,XL,KZ,F
10:36:08,MYOR,RG,1825,30,D,OD,CC,D
10:34:04,MYOR,RG,1825,2,D,OD,CP,D
10:33:47,MYOR,RG,1830,61,D,OD,KZ,F
10:33:47,MYOR,RG,1830,8,D,OD,KZ,F
10:33:47,MYOR,RG,1830,31,D,OD,AK,F
10:33:32,MYOR,RG,1825,20,D,OD,CD,D
10:33:32,MYOR,RG,1830,59,D,OD,AK,F
10:33:32,MYOR,RG,1830,41,D,OD,AK,F
10:33:29,MYOR,RG,1830,90,D,OD,AK,F
10:33:29,MYOR,RG,1830,2,D,OD,KZ,F
10:33:29,MYOR,RG,1830,5,D,OD,YP,D
10:33:29,MYOR,RG,1830,3,D,OD,KZ,F
10:33:26,MYOR,RG,1825,3,D,OD,AK,F
10:33:25,MYOR,RG,1825,25,D,OD,AK,F
10:33:25,MYOR,RG,1825,3,D,OD,AK,F
10:33:25,MYOR,RG,1825,3,D,OD,AK,F
10:33:25,MYOR,RG,1830,37,D,OD,KZ,F
10:33:25,MYOR,RG,1830,3,D,OD,XC,D
10:33:25,MYOR,RG,1830,3,D,OD,KK,D
10:33:25,MYOR,RG,1830,15,D,OD,XC,D
10:33:25,MYOR,RG,1830,42,D,OD,YP,D
10:33:11,MYOR,RG,1830,58,D,OD,YP,D
10:33:11,MYOR,RG,1830,12,D,OD,AZ,D
10:33:11,MYOR,RG,1830,5,D,OD,YP,D
10:33:11,MYOR,RG,1830,2,D,OD,YP,D
10:33:11,MYOR,RG,1830,1,D,OD,XC,D
10:33:11,MYOR,RG,1830,20,D,OD,XA,D
10:33:11,MYOR,RG,1830,1,D,OD,KK,D
10:33:11,MYOR,RG,1830,1,D,OD,KK,D
10:32:54,MYOR,RG,1825,2,D,OD,AK,F
10:32:54,MYOR,RG,1825,22,D,OD,AK,F
10:32:54,MYOR,RG,1825,6,D,OD,AK,F
10:32:54,MYOR,RG,1825,5,D,OD,PD,D
10:32:54,MYOR,RG,1825,1,D,OD,BQ,D
10:32:54,MYOR,RG,1825,8,D,OD,KZ,F
10:32:54,MYOR,RG,1825,3,D,OD,AK,F
10:32:54,MYOR,RG,1825,2,D,OD,AK,F
10:32:54,MYOR,RG,1825,10,D,OD,KZ,F
10:32:54,MYOR,RG,1825,15,D,OD,AK,F
10:32:54,MYOR,RG,1825,7,D,OD,AK,F
10:32:54,MYOR,RG,1825,18,D,OD,KZ,F
10:32:54,MYOR,RG,1825,12,D,OD,PD,D
10:32:54,MYOR,RG,1825,1,D,OD,YP,D
10:32:54,MYOR,RG,1825,20,D,OD,HP,D
10:32:54,MYOR,RG,1825,2,D,OD,NI,D
10:32:54,MYOR,RG,1825,28,D,OD,KZ,F
10:32:54,MYOR,RG,1825,1,D,OD,YP,D
10:32:54,MYOR,RG,1825,32,D,OD,KZ,F
10:32:54,MYOR,RG,1825,102,D,OD,GR,D
10:31:34,MYOR,RG,1820,1,D,OD,BQ,D
10:31:00,MYOR,RG,1825,2,D,PD,GR,D
10:30:49,MYOR,RG,1820,26,D,OD,AK,F
10:30:23,MYOR,RG,1825,1,D,XC,GR,D
10:30:05,MYOR,RG,1825,5,D,PD,GR,D
10:30:02,MYOR,RG,1820,31,D,OD,AK,F
10:30:02,MYOR,RG,1820,17,D,OD,KZ,F
10:30:02,MYOR,RG,1820,18,D,OD,AK,F
10:30:02,MYOR,RG,1820,3,D,OD,AK,F
10:30:02,MYOR,RG,1820,28,D,OD,KZ,F
10:30:02,MYOR,RG,1820,7,D,OD,AK,F
10:30:02,MYOR,RG,1820,3,D,OD,AK,F
10:30:02,MYOR,RG,1820,39,D,OD,AK,F
10:30:02,MYOR,RG,1820,85,D,OD,YU,F
10:30:02,MYOR,RG,1820,7,D,OD,AK,F
10:30:02,MYOR,RG,1820,3,D,OD,AK,F
10:30:02,MYOR,RG,1820,9,D,OD,KZ,F
10:29:13,MYOR,RG,1815,13,F,CC,AK,F
10:29:13,MYOR,RG,1815,7,F,CC,AK,F
10:29:13,MYOR,RG,1820,14,D,CC,KZ,F
10:29:13,MYOR,RG,1820,100,D,CC,YP,D
10:29:13,MYOR,RG,1820,1,D,CC,XL,D
10:29:13,MYOR,RG,1820,15,D,CC,KZ,F
10:29:13,MYOR,RG,1820,30,D,CC,YU,D
10:29:13,MYOR,RG,1820,15,D,CC,AK,F
10:29:13,MYOR,RG,1820,7,D,CC,AK,F
10:29:13,MYOR,RG,1820,10,D,CC,XC,D
10:29:13,MYOR,RG,1820,5,D,CC,XC,D
10:29:13,MYOR,RG,1820,67,D,CC,PD,D
10:29:13,MYOR,RG,1820,5,D,CC,NI,D
10:29:13,MYOR,RG,1820,2,D,CC,XC,D
10:29:13,MYOR,RG,1820,1,D,CC,DR,D
10:29:13,MYOR,RG,1820,2,D,CC,DR,D
10:29:13,MYOR,RG,1820,9,D,CC,KZ,F
10:29:13,MYOR,RG,1820,10,D,CC,EP,D
10:29:13,MYOR,RG,1820,7,D,CC,CC,D
10:28:47,MYOR,RG,1820,1,D,XC,CC,D
10:28:46,MYOR,RG,1815,5,F,CC,YP,D
10:27:13,MYOR,RG,1815,1,F,CC,XC,D
10:26:46,MYOR,RG,1815,3,F,CC,KZ,F
10:26:46,MYOR,RG,1815,1,D,OD,KZ,F
10:26:31,MYOR,RG,1815,2,D,OD,KZ,F
10:26:07,MYOR,RG,1820,1,D,XC,CC,D
10:26:07,MYOR,RG,1820,1,D,XC,BS,D
10:25:01,MYOR,RG,1820,6,D,DH,BS,D
10:24:54,MYOR,RG,1820,1,D,XC,BS,D
10:24:16,MYOR,RG,1820,2,D,YP,BS,D
10:24:16,MYOR,RG,1820,14,D,YP,KZ,F
10:24:01,MYOR,RG,1815,1,D,OD,KZ,F
10:21:41,MYOR,RG,1815,3,D,OD,PD,D
10:21:30,MYOR,RG,1815,10,D,OD,CC,D
10:20:01,MYOR,RG,1815,2,D,OD,AK,F
10:20:01,MYOR,RG,1815,6,D,OD,AK,F
10:20:01,MYOR,RG,1815,1,D,OD,DR,D
10:20:01,MYOR,RG,1815,1,D,OD,XC,D
10:20:01,MYOR,RG,1815,13,D,OD,KZ,F
10:20:01,MYOR,RG,1815,2,D,OD,KZ,F
10:20:01,MYOR,RG,1815,1,D,OD,KZ,F
10:20:01,MYOR,RG,1815,20,D,OD,XA,D
10:20:01,MYOR,RG,1815,5,D,OD,AK,F
10:20:01,MYOR,RG,1815,51,D,OD,KZ,F
10:20:01,MYOR,RG,1815,6,D,OD,AK,F
10:20:01,MYOR,RG,1815,2,D,OD,AK,F
10:20:01,MYOR,RG,1815,10,D,OD,XA,D
10:20:01,MYOR,RG,1815,7,D,OD,AK,F
10:20:01,MYOR,RG,1815,90,D,OD,YU,F
10:19:55,MYOR,RG,1815,59,F,CC,YU,F
10:19:48,MYOR,RG,1815,2,D,XC,YU,F
10:19:44,MYOR,RG,1815,19,F,CC,YU,F
10:19:28,MYOR,RG,1815,2,D,KK,YU,F
10:19:21,MYOR,RG,1810,28,F,CC,KZ,F
10:19:11,MYOR,RG,1810,10,F,CC,KZ,F
10:17:28,MYOR,RG,1815,117,D,OD,YU,F
10:17:00,MYOR,RG,1810,48,F,CC,PD,D
10:17:00,MYOR,RG,1810,2,D,SQ,PD,D
10:15:43,MYOR,RG,1815,50,D,YP,YU,F
10:14:20,MYOR,RG,1810,10,D,SQ,PD,D
10:14:15,MYOR,RG,1810,2,D,SQ,DH,D
10:14:07,MYOR,RG,1810,10,D,SQ,XL,D
10:13:32,MYOR,RG,1810,7,D,SQ,XL,D
10:12:57,MYOR,RG,1815,1,D,EP,YU,F
10:12:52,MYOR,RG,1810,1,D,SQ,XC,D
10:12:39,MYOR,RG,1810,1,D,SQ,AK,F
10:12:38,MYOR,RG,1810,1,D,SQ,AK,F
10:12:38,MYOR,RG,1815,10,D,OD,YU,F
10:12:38,MYOR,RG,1815,7,D,OD,AK,F
10:12:38,MYOR,RG,1815,1,D,OD,YP,D
10:12:38,MYOR,RG,1815,1,D,OD,XC,D
10:12:38,MYOR,RG,1815,1,D,OD,XC,D
10:12:38,MYOR,RG,1815,3,D,OD,AK,F
10:12:38,MYOR,RG,1815,16,D,OD,KZ,F
10:12:38,MYOR,RG,1815,9,D,OD,AK,F
10:12:38,MYOR,RG,1815,3,D,OD,AK,F
10:12:38,MYOR,RG,1815,10,D,OD,KZ,F
10:12:38,MYOR,RG,1815,56,D,OD,PD,D
10:09:26,MYOR,RG,1810,16,D,SQ,KZ,F
10:08:19,MYOR,RG,1810,2,F,CC,KZ,F
10:08:19,MYOR,RG,1810,1,F,CC,KZ,F
10:08:19,MYOR,RG,1810,40,F,CC,YP,D
10:08:19,MYOR,RG,1810,2,F,CC,KZ,F
10:08:19,MYOR,RG,1810,7,F,CC,AK,F
10:08:19,MYOR,RG,1810,23,F,CC,AK,F
10:08:19,MYOR,RG,1810,2,F,CC,AK,F
10:08:06,MYOR,RG,1810,4,D,XL,AK,F
10:08:06,MYOR,RG,1810,6,D,XL,AK,F
10:08:03,MYOR,RG,1805,6,D,YP,AK,F
10:05:54,MYOR,RG,1805,6,D,YP,AK,F
10:05:28,MYOR,RG,1810,19,D,GR,KZ,F
10:05:28,MYOR,RG,1810,3,D,GR,AK,F
10:04:26,MYOR,RG,1810,1,D,PD,AK,F
10:04:26,MYOR,RG,1810,33,D,SQ,AK,F
10:04:26,MYOR,RG,1810,35,D,YP,AK,F
10:04:26,MYOR,RG,1810,5,D,YP,AK,F
10:04:26,MYOR,RG,1810,1,D,PD,AK,F
10:04:26,MYOR,RG,1810,9,D,CC,AK,F
10:04:26,MYOR,RG,1810,2,D,CC,KZ,F
10:04:21,MYOR,RG,1810,2,D,CC,KZ,F
10:04:16,MYOR,RG,1810,2,D,CC,KZ,F
10:04:16,MYOR,RG,1810,3,D,CC,KZ,F
10:04:16,MYOR,RG,1810,1,D,XC,KZ,F
10:04:16,MYOR,RG,1810,1,D,DR,KZ,F
10:04:16,MYOR,RG,1810,1,D,SQ,KZ,F
10:04:11,MYOR,RG,1810,2,D,SQ,KZ,F
10:03:24,MYOR,RG,1810,7,D,SQ,AK,F
10:02:14,MYOR,RG,1810,1,D,SQ,PD,D
10:02:06,MYOR,RG,1810,22,D,SQ,PD,D
10:00:04,MYOR,RG,1815,5,D,XC,PD,D
10:00:03,MYOR,RG,1810,7,D,SQ,AK,F
09:59:09,MYOR,RG,1810,10,D,SQ,AK,F
09:59:09,MYOR,RG,1810,2,D,SQ,AK,F
09:56:30,MYOR,RG,1815,2,D,XC,PD,D
09:55:50,MYOR,RG,1815,10,D,PD,PD,D
09:55:31,MYOR,RG,1815,5,D,NI,PD,D
09:55:23,MYOR,RG,1815,1,D,XL,PD,D
09:54:46,MYOR,RG,1810,2,D,SQ,KZ,F
09:54:22,MYOR,RG,1810,7,D,SQ,PD,D
09:54:16,MYOR,RG,1810,1,D,SQ,KZ,F
09:53:55,MYOR,RG,1810,5,D,SQ,CP,D
09:52:11,MYOR,RG,1810,4,D,SQ,KZ,F
09:51:56,MYOR,RG,1810,1,D,SQ,KZ,F
09:51:51,MYOR,RG,1810,1,D,OD,KZ,F
09:51:51,MYOR,RG,1810,4,D,OD,KZ,F
09:51:51,MYOR,RG,1810,1,D,XC,KZ,F
09:51:51,MYOR,RG,1810,39,F,BK,KZ,F
09:51:51,MYOR,RG,1810,1,D,PD,KZ,F
09:51:48,MYOR,RG,1810,2,D,PD,KZ,F
09:51:48,MYOR,RG,1810,12,D,NI,KZ,F
09:51:48,MYOR,RG,1810,10,D,YP,KZ,F
09:51:48,MYOR,RG,1810,2,D,NI,KZ,F
09:51:48,MYOR,RG,1810,2,D,YP,KZ,F
09:51:48,MYOR,RG,1810,3,D,OD,KZ,F
09:51:48,MYOR,RG,1810,2,D,EP,KZ,F
09:51:46,MYOR,RG,1810,98,D,EP,CC,D
09:51:46,MYOR,RG,1810,2,D,YP,CC,D
09:51:46,MYOR,RG,1810,5,D,XL,CC,D
09:51:46,MYOR,RG,1810,1,D,YP,CC,D
09:51:46,MYOR,RG,1810,10,D,PD,CC,D
09:51:46,MYOR,RG,1810,11,D,YP,CC,D
09:51:46,MYOR,RG,1810,1,D,PD,CC,D
09:51:46,MYOR,RG,1810,20,D,PD,CC,D
09:51:46,MYOR,RG,1810,2,D,SQ,CC,D
09:51:24,MYOR,RG,1810,200,D,YP,CC,D
09:51:24,MYOR,RG,1810,1,D,PD,CC,D
09:51:08,MYOR,RG,1810,2,D,KK,CC,D
09:49:33,MYOR,RG,1810,2,D,KK,AK,F
09:49:24,MYOR,RG,1810,2,D,KK,AK,F
09:49:21,MYOR,RG,1815,9,D,XC,PD,D
09:45:41,MYOR,RG,1815,5,D,XL,PD,D
09:45:40,MYOR,RG,1815,1,D,OD,KZ,F
09:44:59,MYOR,RG,1815,1,D,XC,KZ,F
09:44:01,MYOR,RG,1815,2,D,YP,KZ,F
09:44:01,MYOR,RG,1815,19,D,YP,KZ,F
09:44:01,MYOR,RG,1815,4,D,YP,YU,D
09:42:10,MYOR,RG,1815,5,D,YP,YU,D
09:42:03,MYOR,RG,1815,1,D,XC,YU,D
09:41:53,MYOR,RG,1815,10,D,YP,YU,D
09:41:53,MYOR,RG,1815,80,D,PD,YU,D
09:40:21,MYOR,RG,1815,1,D,PD,KZ,F
09:40:21,MYOR,RG,1815,5,D,PD,CP,D
09:35:11,MYOR,RG,1815,3,D,PD,KZ,F
09:35:11,MYOR,RG,1815,10,D,PD,BS,D
09:34:14,MYOR,RG,1815,1,D,PD,PD,D
09:32:42,MYOR,RG,1815,1,D,NI,KZ,F
09:32:42,MYOR,RG,1815,2,D,NI,KZ,F
09:32:42,MYOR,RG,1815,1,D,NI,KZ,F
09:32:42,MYOR,RG,1815,2,D,NI,KZ,F
09:32:42,MYOR,RG,1815,1,D,NI,KZ,F
09:32:42,MYOR,RG,1815,1,D,NI,YP,D
09:31:52,MYOR,RG,1815,1,D,SQ,YP,D
09:31:51,MYOR,RG,1815,3,D,CC,YP,D
09:31:45,MYOR,RG,1815,4,D,PD,YP,D
09:31:39,MYOR,RG,1815,6,D,PD,XL,D
09:31:39,MYOR,RG,1815,1,D,YP,XL,D
09:31:39,MYOR,RG,1815,1,D,YP,XL,D
09:31:39,MYOR,RG,1815,1,D,XC,XL,D
09:31:39,MYOR,RG,1815,2,D,PD,XL,D
09:31:39,MYOR,RG,1815,1,D,XC,XL,D
09:31:39,MYOR,RG,1815,3,F,BK,XL,D
09:29:52,MYOR,RG,1815,6,F,BK,XC,D
09:29:21,MYOR,RG,1820,30,D,YP,KZ,F
09:29:21,MYOR,RG,1820,1,D,YP,BQ,D
09:29:21,MYOR,RG,1820,112,D,YP,YP,D
09:29:21,MYOR,RG,1820,10,D,YP,NI,D
09:29:21,MYOR,RG,1820,29,D,YP,PD,D
09:29:21,MYOR,RG,1820,1,D,YP,YP,D
09:29:21,MYOR,RG,1820,1,D,YP,YP,D
09:29:21,MYOR,RG,1820,16,D,YP,XA,D
09:29:12,MYOR,RG,1820,1,D,SQ,XA,D
09:29:01,MYOR,RG,1820,1,D,XC,XA,D
09:29:00,MYOR,RG,1820,1,F,AK,XA,D
09:29:00,MYOR,RG,1820,1,F,AK,XA,D
09:29:00,MYOR,RG,1820,1,F,AK,KZ,F
09:28:50,MYOR,RG,1820,1,D,PD,KZ,F
09:28:45,MYOR,RG,1820,1,F,AK,KZ,F
09:28:30,MYOR,RG,1820,1,F,AK,KK,D
09:28:17,MYOR,RG,1820,1,D,SQ,DH,D
09:27:57,MYOR,RG,1820,10,D,SQ,DH,D
09:27:45,MYOR,RG,1820,4,F,AK,DH,D
09:26:50,MYOR,RG,1815,4,F,AK,KK,D
09:26:50,MYOR,RG,1815,3,F,AK,KK,D
09:26:45,MYOR,RG,1815,1,F,AK,XC,D
09:26:34,MYOR,RG,1815,1,F,BK,KZ,F
09:26:34,MYOR,RG,1815,30,F,BK,PD,D
09:26:34,MYOR,RG,1815,10,F,BK,GR,D
09:26:34,MYOR,RG,1815,178,F,BK,KZ,F
09:26:34,MYOR,RG,1815,2,F,BK,DR,D
09:26:34,MYOR,RG,1815,89,F,BK,YP,D
09:26:34,MYOR,RG,1815,500,F,AK,YP,D
09:25:45,MYOR,RG,1815,4,F,AK,YP,D
09:25:14,MYOR,RG,1815,5,D,DH,YP,D
09:24:46,MYOR,RG,1815,1,D,XC,YP,D
09:24:45,MYOR,RG,1815,4,F,AK,YP,D
09:23:41,MYOR,RG,1815,4,F,AK,YP,D
09:23:41,MYOR,RG,1810,2,D,KK,KZ,F
09:23:15,MYOR,RG,1815,1,D,YP,YP,D
09:22:45,MYOR,RG,1815,4,F,AK,YP,D
09:21:23,MYOR,RG,1810,1,D,KK,KZ,F
09:21:21,MYOR,RG,1810,1,D,KK,KZ,F
09:21:21,MYOR,RG,1810,1,F,AK,KZ,F
09:21:21,MYOR,RG,1810,1,D,DX,KZ,F
09:21:21,MYOR,RG,1810,1,F,AK,KZ,F
09:21:21,MYOR,RG,1810,2,F,AK,KZ,F
09:21:20,MYOR,RG,1815,1,D,PD,YP,D
09:21:15,MYOR,RG,1815,2,F,AK,YP,D
09:20:38,MYOR,RG,1810,1,F,AK,YP,D
09:20:38,MYOR,RG,1810,1,D,DX,YP,D
09:20:38,MYOR,RG,1810,8,D,HP,YP,D
09:20:29,MYOR,RG,1810,12,D,HP,SQ,D
09:20:29,MYOR,RG,1810,1,F,AK,SQ,D
09:20:29,MYOR,RG,1810,1,F,AK,SQ,D
09:20:29,MYOR,RG,1810,1,D,YP,SQ,D
09:19:58,MYOR,RG,1815,2,D,NI,YP,D
09:19:30,MYOR,RG,1815,4,F,AK,YP,D
09:18:30,MYOR,RG,1815,4,F,AK,YP,D
09:17:54,MYOR,RG,1810,2,D,YP,KZ,F
09:17:54,MYOR,RG,1810,5,D,YP,DR,D
09:17:54,MYOR,RG,1810,4,D,YP,KZ,F
09:17:54,MYOR,RG,1810,3,D,YP,KZ,F
09:17:28,MYOR,RG,1810,2,D,XC,KZ,F
09:17:01,MYOR,RG,1810,1,D,PD,KZ,F
09:17:01,MYOR,RG,1810,1,F,AK,KZ,F
09:17:01,MYOR,RG,1810,2,F,AK,KZ,F
09:17:01,MYOR,RG,1810,5,D,XC,KZ,F
09:17:01,MYOR,RG,1810,3,D,DR,KZ,F
09:16:57,MYOR,RG,1815,3,F,AK,YP,D
09:16:56,MYOR,RG,1815,10,D,OD,YP,D
09:16:14,MYOR,RG,1815,3,F,AK,YP,D
09:16:14,MYOR,RG,1810,14,D,DR,SQ,D
09:15:43,MYOR,RG,1815,6,D,PD,YP,D
09:15:37,MYOR,RG,1815,1,D,NI,YP,D
09:15:29,MYOR,RG,1815,4,D,NI,YP,D
09:15:28,MYOR,RG,1815,30,D,YP,YP,D
09:15:15,MYOR,RG,1815,1,F,AK,YP,D
09:14:35,MYOR,RG,1810,18,D,DR,AK,F
09:14:19,MYOR,RG,1810,1,D,DR,KZ,F
09:14:19,MYOR,RG,1810,14,D,DR,KZ,F
09:13:58,MYOR,RG,1810,1,D,NI,KZ,F
09:13:58,MYOR,RG,1810,9,D,CC,KZ,F
09:13:58,MYOR,RG,1810,3,D,DR,KZ,F
09:13:58,MYOR,RG,1810,5,D,XC,KZ,F
09:13:58,MYOR,RG,1810,2,D,DH,KZ,F
09:13:58,MYOR,RG,1810,34,D,YP,KZ,F
09:13:56,MYOR,RG,1810,5,D,YP,KZ,F
09:13:51,MYOR,RG,1815,250,D,CC,YP,D
09:12:40,MYOR,RG,1815,25,D,EP,YP,D
09:12:07,MYOR,RG,1810,11,D,YP,KZ,F
09:12:07,MYOR,RG,1815,42,D,SQ,YP,D
09:12:04,MYOR,RG,1815,6,D,SQ,AK,F
09:11:43,MYOR,RG,1815,25,D,SQ,DR,D
09:11:43,MYOR,RG,1815,1,D,SQ,KZ,F
09:11:43,MYOR,RG,1815,1,D,SQ,KZ,F
09:11:43,MYOR,RG,1815,8,D,SQ,KZ,F
09:11:43,MYOR,RG,1815,17,D,SQ,CC,D
09:10:08,MYOR,RG,1815,10,D,CD,CC,D
09:10:02,MYOR,RG,1810,1,D,XC,CC,D
09:10:02,MYOR,RG,1810,1,D,PD,CC,D
09:09:34,MYOR,RG,1815,5,D,SQ,CC,D
09:08:56,MYOR,RG,1815,3,D,CP,CC,D
09:08:56,MYOR,RG,1815,7,D,CP,KZ,F
09:08:56,MYOR,RG,1815,1,D,CP,YP,D
09:08:56,MYOR,RG,1815,25,D,CP,KZ,F
09:05:59,MYOR,RG,1815,3,D,XC,KZ,F
09:05:59,MYOR,RG,1810,1,D,XC,KZ,F
09:05:48,MYOR,RG,1815,2,D,XC,KZ,F
09:05:48,MYOR,RG,1815,1,D,XC,AI,D
09:04:18,MYOR,RG,1815,1,D,YP,AI,D
09:04:17,MYOR,RG,1800,10,D,GR,YP,D
09:03:55,MYOR,RG,1800,1,D,GR,XL,D
09:03:54,MYOR,RG,1800,5,D,GR,KZ,F
09:03:53,MYOR,RG,1800,1,D,XC,KZ,F
09:02:31,MYOR,RG,1800,2,D,XA,KZ,F
09:02:19,MYOR,RG,1800,6,D,YP,KZ,F
09:02:11,MYOR,RG,1800,1,D,BB,KZ,F
09:02:11,MYOR,RG,1800,2,D,PD,KZ,F
09:02:11,MYOR,RG,1800,100,D,YP,KZ,F
09:02:11,MYOR,RG,1800,1,D,XC,KZ,F
09:02:09,MYOR,RG,1805,1,D,IF,AK,F
09:02:09,MYOR,RG,1805,21,D,BB,AK,F
09:02:09,MYOR,RG,1805,269,F,AK,CS,F
09:02:09,MYOR,RG,1805,200,D,CC,CS,F
09:02:09,MYOR,RG,1805,3,D,XA,CS,F
09:02:09,MYOR,RG,1805,1,D,PD,CS,F
09:02:09,MYOR,RG,1805,4,D,XC,CS,F
09:01:17,MYOR,RG,1805,1,D,XC,KZ,F
09:01:11,MYOR,RG,1805,1,D,BB,KZ,F
09:01:11,MYOR,RG,1800,2,F,BK,KZ,F
09:01:08,MYOR,RG,1800,6,F,BK,YP,D
09:01:00,MYOR,RG,1800,2,F,BK,XC,D
09:00:52,MYOR,RG,1800,2,F,BK,YP,D
09:00:47,MYOR,RG,1815,7,D,BB,AI,D
09:00:42,MYOR,RG,1800,13,F,BK,KZ,F
09:00:40,MYOR,RG,1800,6,F,BK,KZ,F
09:00:40,MYOR,RG,1800,35,F,BK,CC,D
09:00:40,MYOR,RG,1800,3,D,XL,CC,D
09:00:40,MYOR,RG,1800,4,D,BB,CC,D
09:00:40,MYOR,RG,1800,10,D,EP,CC,D
09:00:40,MYOR,RG,1800,2,D,XC,CC,D
09:00:40,MYOR,RG,1800,2,D,XC,CC,D
09:00:40,MYOR,RG,1800,1,D,XC,CC,D
09:00:40,MYOR,RG,1800,24,D,XC,CC,D
09:00:29,MYOR,RG,1815,1,D,BB,AI,D
09:00:23,MYOR,RG,1800,1,D,XC,CS,F
09:00:21,MYOR,RG,1800,1,D,XC,CS,F
09:00:21,MYOR,RG,1800,7,D,XC,KZ,F
09:00:20,MYOR,RG,1800,2,D,XC,CS,F
09:00:19,MYOR,RG,1815,1,D,BB,AI,D
09:00:19,MYOR,RG,1815,1,D,BB,AI,D
09:00:19,MYOR,RG,1810,1,D,BB,KK,D
09:00:18,MYOR,RG,1800,2,D,XC,CS,F
09:00:17,MYOR,RG,1800,8,D,XC,KZ,F
09:00:17,MYOR,RG,1800,13,D,XC,YU,D
09:00:17,MYOR,RG,1795,1,F,CC,CS,F
09:00:17,MYOR,RG,1795,4,F,CC,CS,F
09:00:17,MYOR,RG,1800,1,D,XC,YU,D
09:00:17,MYOR,RG,1800,4,D,BB,YU,D
09:00:17,MYOR,RG,1800,1,D,XL,YU,D
09:00:16,MYOR,RG,1800,4,D,XC,YU,D
09:00:16,MYOR,RG,1800,3,D,XL,YU,D
09:00:16,MYOR,RG,1790,1,D,KK,CS,F
09:00:16,MYOR,RG,1790,6,D,CC,CS,F
09:00:16,MYOR,RG,1790,1,D,CC,CS,F
09:00:16,MYOR,RG,1800,11,D,CC,YU,D
09:00:16,MYOR,RG,1790,3,D,CC,KZ,F
09:00:16,MYOR,RG,1790,3,D,DR,KZ,F
09:00:16,MYOR,RG,1800,1,D,BB,YU,D
09:00:15,MYOR,RG,1790,1,D,DR,CS,F
09:00:15,MYOR,RG,1790,1,D,DR,CS,F
09:00:15,MYOR,RG,1795,2,D,XL,CS,F
09:00:14,MYOR,RG,1800,3,D,BB,YU,D
09:00:13,MYOR,RG,1795,6,D,XL,KZ,F
09:00:13,MYOR,RG,1795,1,D,PD,KZ,F
09:00:10,MYOR,RG,1800,10,D,CC,YU,D
09:00:10,MYOR,RG,1800,1,D,PD,YU,D
09:00:10,MYOR,RG,1800,1,D,PD,YU,D
09:00:10,MYOR,RG,1800,1,D,PD,YU,D
09:00:10,MYOR,RG,1800,3,D,PD,YU,D
09:00:10,MYOR,RG,1800,3,D,BB,YU,D
09:00:10,MYOR,RG,1800,1,D,XC,YU,D
09:00:10,MYOR,RG,1800,1,D,KK,YU,D
09:00:10,MYOR,RG,1800,1,D,ZP,YU,D
09:00:10,MYOR,RG,1800,6,D,SQ,YU,D
09:00:10,MYOR,RG,1800,29,D,NI,YU,D
09:00:10,MYOR,RG,1805,1,D,XL,YU,D
09:00:10,MYOR,RG,1805,1,D,PD,YU,D
09:00:02,MYOR,RG,1800,1,D,NI,NI,D
