Time,Stock,Brd,Price,Qty,BT,BC,SC,ST
15:14:52,MYOR,RG,2540,2,D,AK,XC,D
15:13:26,MYOR,RG,2540,23,D,AK,XC,D
15:10:18,MYOR,RG,2540,1,D,HP,PD,D
15:10:04,MYOR,RG,2540,1,D,HP,CC,D
15:09:27,MYOR,RG,2540,6,D,HP,DH,D
15:09:27,MYOR,RG,2540,2,D,PD,DH,D
15:09:27,MYOR,RG,2540,42,D,AK,DH,D
15:07:34,MYOR,RG,2540,29,D,AK,SQ,D
15:07:34,MYOR,RG,2540,71,D,AK,SQ,D
15:06:39,MYOR,RG,2540,2,D,AK,SS,D
15:05:37,MYOR,RG,2540,2,D,AK,YP,D
15:01:07,MYOR,RG,2540,51,D,AK,YP,D
15:01:07,MYOR,RG,2540,73,D,AK,YP,D
15:01:07,MYOR,RG,2540,30,D,AK,YP,D
15:01:07,MYOR,RG,2540,106,D,AK,YP,D
15:01:07,MYOR,RG,2540,65,D,AK,YP,D
15:01:07,MYOR,RG,2540,29,D,AK,YP,D
15:01:07,MYOR,RG,2540,15,D,XL,YP,D
15:01:07,MYOR,RG,2540,10,D,AZ,YP,D
15:01:07,MYOR,RG,2540,7,D,HP,YP,D
15:01:07,MYOR,RG,2540,14,D,CC,YP,D
15:01:00,MYOR,RG,2540,1,D,CC,XC,D
15:01:00,MYOR,RG,2540,65,D,CC,PD,D
15:00:00,MYOR,RG,2540,5,D,CC,YP,D
15:00:00,MYOR,RG,2540,14,D,CC,PD,D
15:00:00,MYOR,RG,2540,30,D,CC,YP,D
15:00:00,MYOR,RG,2540,10,D,CC,DX,D
15:00:00,MYOR,RG,2540,2,D,CC,XC,D
15:00:00,MYOR,RG,2540,5,D,CC,YP,D
15:00:00,MYOR,RG,2540,8,D,CC,XA,D
15:00:00,MYOR,RG,2540,6,D,CC,CC,D
15:00:00,MYOR,RG,2540,1,D,GR,CC,D
15:00:00,MYOR,RG,2540,3,D,IF,CC,D
15:00:00,MYOR,RG,2540,1,D,PD,CC,D
15:00:00,MYOR,RG,2540,1,D,XC,CC,D
15:00:00,MYOR,RG,2540,15,D,XC,CC,D
15:00:00,MYOR,RG,2540,1,D,HP,CC,D
15:00:00,MYOR,RG,2540,117,D,HP,CC,D
15:00:00,MYOR,RG,2540,2,D,HP,XC,D
15:00:00,MYOR,RG,2540,69,D,HP,XA,D
15:00:00,MYOR,RG,2540,4,D,YP,XA,D
15:00:00,MYOR,RG,2540,20,D,OD,XA,D
15:00:00,MYOR,RG,2540,7,D,EP,XA,D
15:00:00,MYOR,RG,2540,2,D,EP,XC,D
15:00:00,MYOR,RG,2540,1,D,YP,YU,F
15:00:00,MYOR,RG,2540,36,F,AK,YU,F
15:00:00,MYOR,RG,2540,60,F,BK,YU,F
15:00:00,MYOR,RG,2540,450,F,CC,YU,F
15:00:00,MYOR,RG,2540,180,D,OD,YU,F
15:00:00,MYOR,RG,2540,1,D,AZ,YU,F
15:00:00,MYOR,RG,2540,11,D,AZ,AK,F
14:49:45,MYOR,RG,2540,1,D,EP,AK,F
14:49:43,MYOR,RG,2550,20,D,YB,KZ,D
14:49:39,MYOR,RG,2550,202,F,CC,KZ,D
14:49:39,MYOR,RG,2550,1,F,CC,XL,D
14:49:39,MYOR,RG,2550,3,F,CC,BB,D
14:49:39,MYOR,RG,2550,3,F,CC,BB,D
14:49:39,MYOR,RG,2550,6,F,CC,BB,D
14:49:39,MYOR,RG,2550,9,F,CC,BB,D
14:49:39,MYOR,RG,2550,19,F,CC,BB,D
14:49:39,MYOR,RG,2550,22,F,CC,BB,D
14:49:39,MYOR,RG,2550,62,F,CC,BB,D
14:49:39,MYOR,RG,2550,72,F,CC,BB,D
14:49:39,MYOR,RG,2550,303,F,CC,BB,D
14:49:39,MYOR,RG,2550,3,F,CC,BB,D
14:49:39,MYOR,RG,2550,3,F,CC,BB,D
14:49:39,MYOR,RG,2550,6,F,CC,BB,D
14:49:39,MYOR,RG,2550,9,F,CC,BB,D
14:49:39,MYOR,RG,2550,19,F,CC,BB,D
14:49:39,MYOR,RG,2550,22,F,CC,BB,D
14:49:39,MYOR,RG,2550,62,F,CC,BB,D
14:49:39,MYOR,RG,2550,72,F,CC,BB,D
14:49:39,MYOR,RG,2550,102,F,CC,BB,D
14:49:38,MYOR,RG,2550,65,D,PD,BB,D
14:49:38,MYOR,RG,2550,136,D,BK,BB,D
14:49:38,MYOR,RG,2550,3,D,BK,BB,D
14:49:38,MYOR,RG,2550,3,D,BK,BB,D
14:49:38,MYOR,RG,2550,6,D,BK,BB,D
14:49:38,MYOR,RG,2550,9,D,BK,BB,D
14:49:38,MYOR,RG,2550,19,D,BK,BB,D
14:49:38,MYOR,RG,2550,12,D,BK,BB,D
14:49:38,MYOR,RG,2550,10,D,BK,BB,D
14:49:38,MYOR,RG,2550,62,D,BK,BB,D
14:49:38,MYOR,RG,2550,72,D,BK,BB,D
14:49:38,MYOR,RG,2550,303,D,BK,BB,D
14:49:38,MYOR,RG,2550,3,D,BK,BB,D
14:49:38,MYOR,RG,2550,3,D,BK,BB,D
14:49:38,MYOR,RG,2550,6,D,BK,BB,D
14:49:38,MYOR,RG,2550,9,D,BK,BB,D
14:49:38,MYOR,RG,2550,19,D,BK,BB,D
14:49:38,MYOR,RG,2550,22,D,BK,BB,D
14:49:38,MYOR,RG,2550,62,D,BK,BB,D
14:49:38,MYOR,RG,2550,72,D,BK,BB,D
14:49:38,MYOR,RG,2550,303,D,BK,BB,D
14:49:38,MYOR,RG,2550,3,D,BK,BB,D
14:49:38,MYOR,RG,2550,3,D,BK,BB,D
14:49:38,MYOR,RG,2550,6,D,BK,BB,D
14:49:38,MYOR,RG,2550,9,D,BK,BB,D
14:49:38,MYOR,RG,2550,19,D,BK,BB,D
14:49:38,MYOR,RG,2550,22,D,BK,BB,D
14:49:38,MYOR,RG,2550,62,D,BK,BB,D
14:49:38,MYOR,RG,2550,72,D,BK,BB,D
14:49:38,MYOR,RG,2550,154,D,BK,BB,D
14:49:35,MYOR,RG,2540,250,D,BK,PD,D
14:49:00,MYOR,RG,2540,2,D,BK,AK,F
14:48:45,MYOR,RG,2540,1,D,BK,AK,F
14:48:21,MYOR,RG,2550,149,F,CC,BB,D
14:48:21,MYOR,RG,2550,3,F,CC,BB,D
14:48:21,MYOR,RG,2550,3,F,CC,BB,D
14:48:21,MYOR,RG,2550,6,F,CC,BB,D
14:48:21,MYOR,RG,2550,9,F,CC,BB,D
14:48:21,MYOR,RG,2550,19,F,CC,BB,D
14:48:21,MYOR,RG,2550,22,F,CC,BB,D
14:48:21,MYOR,RG,2550,62,F,CC,BB,D
14:48:21,MYOR,RG,2550,72,F,CC,BB,D
14:48:21,MYOR,RG,2550,155,F,CC,BB,D
14:48:19,MYOR,RG,2540,2,D,BK,YP,D
14:48:16,MYOR,RG,2540,11,D,BK,BB,D
14:48:14,MYOR,RG,2540,2,D,BK,BB,D
14:48:13,MYOR,RG,2550,131,D,BB,BB,D
14:48:11,MYOR,RG,2540,2,D,BK,BB,D
14:48:11,MYOR,RG,2550,1,D,BB,BB,D
14:48:01,MYOR,RG,2550,16,D,BB,BB,D
14:48:01,MYOR,RG,2550,2,D,BB,NI,D
14:48:01,MYOR,RG,2540,3,D,BK,BB,D
14:48:01,MYOR,RG,2540,1,D,BK,NI,D
14:47:53,MYOR,RG,2550,2,D,DR,NI,D
14:47:53,MYOR,RG,2550,1,D,DR,CC,D
14:47:53,MYOR,RG,2550,1,D,DR,PD,D
14:47:53,MYOR,RG,2550,3,D,DR,AZ,D
14:47:52,MYOR,RG,2550,15,D,BB,AZ,D
14:47:45,MYOR,RG,2550,28,D,BB,AZ,D
14:47:45,MYOR,RG,2540,3,D,BK,BB,D
14:47:42,MYOR,RG,2550,5,D,DR,AZ,D
14:47:41,MYOR,RG,2550,1,D,CS,AZ,D
14:47:41,MYOR,RG,2550,4,D,DR,AZ,D
14:47:38,MYOR,RG,2550,7,D,CS,AZ,D
14:47:38,MYOR,RG,2550,500,F,CC,AZ,D
14:47:35,MYOR,RG,2550,437,F,CC,AZ,D
14:47:35,MYOR,RG,2550,1,F,CC,AK,F
14:47:35,MYOR,RG,2550,1,F,CC,XC,D
14:47:35,MYOR,RG,2550,2,F,CC,AK,F
14:47:35,MYOR,RG,2550,559,F,CC,KZ,D
14:47:31,MYOR,RG,2550,20,D,CS,KZ,D
14:47:31,MYOR,RG,2540,3,D,BK,BB,D
14:47:31,MYOR,RG,2550,23,D,BB,KZ,D
14:47:20,MYOR,RG,2550,23,D,BB,KZ,D
14:47:20,MYOR,RG,2540,2,D,BK,BB,D
14:47:10,MYOR,RG,2550,23,D,CS,KZ,D
14:47:09,MYOR,RG,2550,15,D,BB,KZ,D
14:47:02,MYOR,RG,2550,7,D,BB,KZ,D
14:47:02,MYOR,RG,2550,1,D,BB,YP,D
14:47:02,MYOR,RG,2550,7,D,BB,XL,D
14:47:02,MYOR,RG,2550,1,D,BB,YP,D
14:47:02,MYOR,RG,2550,2,D,BB,YP,D
14:47:02,MYOR,RG,2550,2,D,BB,CC,D
14:47:02,MYOR,RG,2550,1,D,BB,YP,D
14:47:02,MYOR,RG,2550,10,D,BB,CC,D
14:47:02,MYOR,RG,2550,3,D,BB,XC,D
14:47:02,MYOR,RG,2550,1,D,BB,XC,D
14:47:02,MYOR,RG,2550,80,D,BB,PD,D
14:47:02,MYOR,RG,2550,2,D,BB,PD,D
14:47:02,MYOR,RG,2550,1,D,BB,PD,D
14:47:02,MYOR,RG,2550,14,D,BB,PD,D
14:47:02,MYOR,RG,2550,1,D,BB,XC,D
14:47:02,MYOR,RG,2550,3,D,BB,XC,D
14:47:02,MYOR,RG,2550,30,D,BB,PD,D
14:47:02,MYOR,RG,2550,1,D,BB,XC,D
14:47:01,MYOR,RG,2540,6,D,BK,BB,D
14:47:00,MYOR,RG,2540,3,D,BK,AK,F
14:46:45,MYOR,RG,2540,1,D,BK,AK,F
14:46:41,MYOR,RG,2550,2,D,CS,YP,D
14:46:41,MYOR,RG,2550,33,D,CS,KK,D
14:46:41,MYOR,RG,2550,3,D,CS,LG,D
14:46:37,MYOR,RG,2540,20,D,BK,BB,D
14:46:34,MYOR,RG,2550,7,F,AK,LG,D
14:46:34,MYOR,RG,2550,1,F,AK,LG,D
14:46:34,MYOR,RG,2550,1,F,AK,CC,D
14:46:34,MYOR,RG,2550,27,F,AK,PD,D
14:46:34,MYOR,RG,2550,3,F,AK,KK,D
14:46:34,MYOR,RG,2550,2,F,AK,PD,D
14:46:34,MYOR,RG,2550,2,F,AK,XC,D
14:46:34,MYOR,RG,2550,1,F,AK,PD,D
14:46:34,MYOR,RG,2550,2,F,AK,PD,D
14:46:34,MYOR,RG,2550,15,F,AK,AT,D
14:46:34,MYOR,RG,2550,2,F,AK,XC,D
14:46:34,MYOR,RG,2550,10,F,AK,AZ,D
14:46:34,MYOR,RG,2550,3,F,AK,IF,D
14:46:34,MYOR,RG,2550,3,F,AK,XA,D
14:46:34,MYOR,RG,2550,78,F,AK,KZ,D
14:46:34,MYOR,RG,2550,1050,F,CC,KZ,D
14:45:55,MYOR,RG,2540,20,F,AK,PD,D
14:45:46,MYOR,RG,2550,14,D,DR,KZ,D
14:45:41,MYOR,RG,2550,14,D,CS,KZ,D
14:45:41,MYOR,RG,2550,10,D,CS,KZ,D
14:45:41,MYOR,RG,2550,42,D,CS,KZ,D
14:45:41,MYOR,RG,2550,220,D,BB,KZ,D
14:45:41,MYOR,RG,2550,15,D,BB,PD,D
14:45:41,MYOR,RG,2550,2,D,BB,YP,D
14:45:41,MYOR,RG,2550,5,D,BB,OD,D
14:45:41,MYOR,RG,2550,6,D,BB,XC,D
14:45:41,MYOR,RG,2550,232,D,BB,AZ,D
14:45:15,MYOR,RG,2540,6,F,AK,AK,F
14:44:52,MYOR,RG,2550,8,D,HP,AZ,D
14:44:30,MYOR,RG,2540,2,F,AK,AK,F
14:44:27,MYOR,RG,2550,8,D,DR,AZ,D
14:44:25,MYOR,RG,2550,11,D,DR,AZ,D
14:43:47,MYOR,RG,2540,6,F,AK,BB,D
14:43:47,MYOR,RG,2540,14,D,CS,BB,D
14:43:30,MYOR,RG,2540,3,D,CS,AK,F
14:43:08,MYOR,RG,2550,143,D,CS,AZ,D
14:43:08,MYOR,RG,2550,6,D,CS,AZ,D
14:42:24,MYOR,RG,2550,14,D,PD,AZ,D
14:41:57,MYOR,RG,2550,60,D,HP,AZ,D
14:41:49,MYOR,RG,2550,402,D,BB,AZ,D
14:40:58,MYOR,RG,2540,3,D,CS,YP,D
14:40:58,MYOR,RG,2540,7,D,CS,YP,D
14:40:58,MYOR,RG,2540,30,D,BK,YP,D
14:40:51,MYOR,RG,2540,40,D,BK,YP,D
14:40:37,MYOR,RG,2540,20,D,BK,BB,D
14:40:14,MYOR,RG,2550,7,D,HP,AZ,D
14:39:39,MYOR,RG,2540,100,D,BK,LG,D
14:39:28,MYOR,RG,2540,5,D,BK,YP,D
14:39:04,MYOR,RG,2550,1,D,DR,AZ,D
14:38:55,MYOR,RG,2540,305,D,BK,XL,D
14:38:55,MYOR,RG,2540,63,D,BK,XL,D
14:38:55,MYOR,RG,2540,42,D,BB,XL,D
14:38:55,MYOR,RG,2540,1,D,PD,XL,D
14:38:55,MYOR,RG,2540,34,D,CS,XL,D
14:38:26,MYOR,RG,2540,1,D,CS,PD,D
14:38:24,MYOR,RG,2540,17,D,CS,DH,D
14:38:24,MYOR,RG,2540,33,D,DR,DH,D
14:37:30,MYOR,RG,2540,14,D,DR,BB,D
14:37:26,MYOR,RG,2540,1,D,DR,PD,D
14:37:26,MYOR,RG,2540,2,D,BB,PD,D
14:37:21,MYOR,RG,2540,2,D,BB,DH,D
14:36:45,MYOR,RG,2550,43,D,DR,AZ,D
14:36:43,MYOR,RG,2550,7,D,DR,AZ,D
14:35:49,MYOR,RG,2550,1,D,EP,AZ,D
14:35:31,MYOR,RG,2550,35,D,XL,AZ,D
14:34:40,MYOR,RG,2550,22,D,DR,AZ,D
14:34:40,MYOR,RG,2550,1,D,DR,PD,D
14:34:40,MYOR,RG,2550,22,D,DR,KZ,D
14:34:31,MYOR,RG,2550,14,D,XL,KZ,D
14:33:26,MYOR,RG,2540,3,D,BB,KK,D
14:33:26,MYOR,RG,2540,17,D,DR,KK,D
14:32:47,MYOR,RG,2540,1,D,DR,CC,D
14:32:47,MYOR,RG,2540,10,D,DR,BB,D
14:32:47,MYOR,RG,2540,1,D,DR,CC,F
14:32:47,MYOR,RG,2540,3,D,DR,AK,F
14:32:47,MYOR,RG,2540,5,D,DR,XL,D
14:32:47,MYOR,RG,2540,1,D,DR,XC,D
14:32:47,MYOR,RG,2540,2,D,DR,AK,F
14:32:47,MYOR,RG,2540,30,D,DR,LG,D
14:32:12,MYOR,RG,2540,170,D,AT,LG,D
14:32:12,MYOR,RG,2540,1,D,AT,BQ,D
14:32:12,MYOR,RG,2540,4,D,AT,XC,D
14:32:12,MYOR,RG,2540,2,D,AT,BB,D
14:32:12,MYOR,RG,2540,1,D,AT,AK,F
14:32:12,MYOR,RG,2540,1,D,AT,AK,F
14:32:12,MYOR,RG,2540,2,D,AT,CC,D
14:32:12,MYOR,RG,2540,19,D,AT,LG,D
14:31:39,MYOR,RG,2540,4,D,XC,LG,D
14:31:06,MYOR,RG,2530,6,D,AK,EP,D
14:29:54,MYOR,RG,2530,5,D,AK,BQ,D
14:29:48,MYOR,RG,2530,68,D,AK,CC,D
14:29:48,MYOR,RG,2530,3,D,XC,CC,D
14:29:48,MYOR,RG,2530,10,D,IF,CC,D
14:29:48,MYOR,RG,2530,86,D,BB,CC,D
14:28:53,MYOR,RG,2540,2,D,YP,LG,D
14:27:57,MYOR,RG,2540,5,D,CC,LG,D
14:27:18,MYOR,RG,2540,170,D,AK,LG,D
14:27:18,MYOR,RG,2540,4,D,AK,XC,D
14:27:18,MYOR,RG,2540,1,D,AK,AK,F
14:27:18,MYOR,RG,2540,1,D,AK,AK,F
14:27:18,MYOR,RG,2540,1,D,AK,AK,F
14:27:18,MYOR,RG,2540,2,D,AK,AK,F
14:27:18,MYOR,RG,2540,50,D,AK,BB,D
14:27:18,MYOR,RG,2540,21,D,AK,IF,D
14:27:18,MYOR,RG,2540,240,D,AK,IF,D
14:27:18,MYOR,RG,2540,98,D,AK,IF,D
14:27:18,MYOR,RG,2540,359,D,AK,IF,D
14:27:18,MYOR,RG,2540,101,D,AK,IF,D
14:27:18,MYOR,RG,2540,432,D,AK,IF,D
14:27:18,MYOR,RG,2540,220,D,AK,IF,D
14:26:10,MYOR,RG,2540,2,D,PD,IF,D
14:26:04,MYOR,RG,2530,21,D,BB,BB,D
14:26:04,MYOR,RG,2530,1,D,XC,BB,D
14:26:04,MYOR,RG,2530,1,D,XC,BB,D
14:26:04,MYOR,RG,2530,1,D,XC,BB,D
14:26:04,MYOR,RG,2530,1,D,CD,BB,D
14:25:09,MYOR,RG,2540,21,D,BK,IF,D
14:25:02,MYOR,RG,2540,5,D,HP,IF,D
14:24:52,MYOR,RG,2530,10,D,IF,AK,F
14:24:42,MYOR,RG,2540,37,D,BK,IF,D
14:24:41,MYOR,RG,2540,66,D,CS,IF,D
14:24:41,MYOR,RG,2540,1,D,YP,IF,D
14:24:41,MYOR,RG,2540,7,D,XC,IF,D
14:24:41,MYOR,RG,2540,58,D,CS,IF,D
14:24:41,MYOR,RG,2540,250,D,BK,IF,D
14:24:41,MYOR,RG,2540,250,D,BK,IF,D
14:24:41,MYOR,RG,2540,4,F,CC,IF,D
14:24:41,MYOR,RG,2540,699,D,BB,IF,D
14:24:41,MYOR,RG,2540,5,D,HP,IF,D
14:24:41,MYOR,RG,2540,181,D,BK,IF,D
14:24:41,MYOR,RG,2540,23,D,CS,IF,D
14:24:41,MYOR,RG,2540,1,D,PD,IF,D
14:24:41,MYOR,RG,2540,16,D,HP,IF,D
14:24:41,MYOR,RG,2540,51,D,CS,IF,D
14:24:41,MYOR,RG,2540,304,D,BK,IF,D
14:24:41,MYOR,RG,2540,3,D,CD,IF,D
14:24:41,MYOR,RG,2540,15,D,HP,IF,D
14:24:41,MYOR,RG,2540,121,D,DR,IF,D
14:24:41,MYOR,RG,2540,250,D,BK,IF,D
14:24:41,MYOR,RG,2540,426,D,BK,IF,D
14:24:41,MYOR,RG,2540,22,D,CS,IF,D
14:24:41,MYOR,RG,2540,13,D,CS,IF,D
14:24:41,MYOR,RG,2540,7,D,CS,IF,D
14:24:41,MYOR,RG,2540,39,F,AK,IF,D
14:24:39,MYOR,RG,2550,4,D,BB,KZ,D
14:24:39,MYOR,RG,2550,19,D,YP,KZ,D
14:24:39,MYOR,RG,2550,99,D,YP,KZ,D
14:24:29,MYOR,RG,2550,2,D,BB,KZ,D
14:24:29,MYOR,RG,2550,6,D,EP,KZ,D
14:24:15,MYOR,RG,2550,7,D,BB,KZ,D
14:24:07,MYOR,RG,2550,12,D,OD,KZ,D
14:24:03,MYOR,RG,2550,6,D,BB,KZ,D
14:23:43,MYOR,RG,2550,4,D,BB,KZ,D
14:23:30,MYOR,RG,2550,4,D,BB,KZ,D
14:23:13,MYOR,RG,2550,3,D,BB,KZ,D
14:23:07,MYOR,RG,2550,4,D,BB,KZ,D
14:23:07,MYOR,RG,2550,2,D,DR,KZ,D
14:23:00,MYOR,RG,2550,3,D,BB,KZ,D
14:23:00,MYOR,RG,2550,2,D,HP,KZ,D
14:22:47,MYOR,RG,2550,14,D,BB,KZ,D
14:22:26,MYOR,RG,2550,11,D,BB,KZ,D
14:22:26,MYOR,RG,2540,26,F,AK,BB,D
14:21:47,MYOR,RG,2550,16,D,BB,KZ,D
14:21:33,MYOR,RG,2550,6,D,YB,KZ,D
14:21:24,MYOR,RG,2550,16,D,HP,KZ,D
14:21:23,MYOR,RG,2540,5,F,AK,BQ,D
14:20:49,MYOR,RG,2550,75,D,DR,KZ,D
14:20:24,MYOR,RG,2550,3,D,HP,KZ,D
14:19:47,MYOR,RG,2540,2,F,AK,KK,D
14:19:44,MYOR,RG,2540,2,F,AK,XC,D
14:19:36,MYOR,RG,2540,28,F,AK,YU,D
14:19:36,MYOR,RG,2540,573,D,BB,YU,D
14:19:36,MYOR,RG,2540,99,D,OD,YU,D
14:19:08,MYOR,RG,2540,5,D,OD,EP,D
14:18:43,MYOR,RG,2540,96,D,OD,PD,D
14:18:18,MYOR,RG,2540,12,D,OD,BB,D
14:17:44,MYOR,RG,2540,15,D,OD,IF,D
14:17:01,MYOR,RG,2550,12,D,DR,KZ,D
14:16:09,MYOR,RG,2550,65,D,HP,KZ,D
14:16:09,MYOR,RG,2550,16,D,HP,AZ,D
14:14:58,MYOR,RG,2550,1,D,PD,AZ,D
14:14:34,MYOR,RG,2550,2,D,HP,AZ,D
14:14:33,MYOR,RG,2550,90,D,HP,AZ,D
14:14:22,MYOR,RG,2540,5,D,OD,AK,F
14:13:50,MYOR,RG,2550,5,D,YP,AZ,D
14:13:36,MYOR,RG,2550,4,D,HP,AZ,D
14:13:30,MYOR,RG,2540,768,D,OD,KZ,F
14:13:30,MYOR,RG,2540,40,D,CS,KZ,F
14:13:30,MYOR,RG,2540,7,D,CS,KZ,F
14:13:30,MYOR,RG,2540,24,D,CS,KZ,F
14:13:30,MYOR,RG,2540,95,F,CC,KZ,F
14:13:30,MYOR,RG,2540,16,D,CS,KZ,F
14:13:30,MYOR,RG,2540,121,D,BB,KZ,F
14:13:28,MYOR,RG,2550,19,D,BB,AZ,D
14:12:42,MYOR,RG,2540,6,D,BB,NI,D
14:12:33,MYOR,RG,2550,2,D,BB,AZ,D
14:12:29,MYOR,RG,2550,4,D,XL,AZ,D
14:12:18,MYOR,RG,2550,18,D,XL,AZ,D
14:12:12,MYOR,RG,2540,20,D,BB,XL,D
14:12:11,MYOR,RG,2550,5,D,BB,AZ,D
14:11:56,MYOR,RG,2550,9,D,BB,AZ,D
14:11:45,MYOR,RG,2550,9,D,BB,AZ,D
14:11:32,MYOR,RG,2550,5,D,BB,AZ,D
14:11:18,MYOR,RG,2550,308,D,BB,AZ,D
14:10:01,MYOR,RG,2550,4,D,YU,AZ,D
14:09:31,MYOR,RG,2550,1,D,CC,AZ,D
14:08:31,MYOR,RG,2540,1,D,BB,DH,D
14:08:00,MYOR,RG,2550,183,D,YU,AZ,D
14:07:58,MYOR,RG,2540,132,D,YU,YP,D
14:07:57,MYOR,RG,2540,100,D,YU,LG,D
14:07:18,MYOR,RG,2540,41,D,YU,SQ,D
14:07:00,MYOR,RG,2540,4,D,YU,KK,D
14:07:00,MYOR,RG,2540,7,D,YU,KZ,F
14:07:00,MYOR,RG,2540,16,D,YU,KZ,F
14:07:00,MYOR,RG,2540,25,D,YU,PD,D
14:07:00,MYOR,RG,2540,7,D,YU,KZ,F
14:07:00,MYOR,RG,2540,3,D,YU,AK,F
14:07:00,MYOR,RG,2540,13,D,YU,KZ,F
14:07:00,MYOR,RG,2540,25,D,YU,CC,D
14:06:39,MYOR,RG,2530,1,D,YU,PD,D
14:06:12,MYOR,RG,2530,30,D,YU,CC,D
14:06:12,MYOR,RG,2530,70,D,BK,CC,D
14:05:47,MYOR,RG,2540,4,F,AK,CC,D
14:05:47,MYOR,RG,2540,8,F,AK,CC,D
14:05:47,MYOR,RG,2540,16,F,AK,CC,D
14:05:01,MYOR,RG,2540,7,D,BB,KZ,F
14:05:01,MYOR,RG,2540,12,D,BB,KZ,F
14:05:01,MYOR,RG,2540,46,D,YU,KZ,F
14:04:57,MYOR,RG,2540,47,F,CC,KZ,F
14:04:57,MYOR,RG,2540,4,D,BB,KZ,F
14:04:57,MYOR,RG,2540,3,D,NI,KZ,F
14:04:55,MYOR,RG,2540,7,D,NI,KZ,F
14:04:42,MYOR,RG,2540,3,F,AK,KZ,F
14:04:42,MYOR,RG,2540,17,D,CS,KZ,F
14:04:42,MYOR,RG,2540,20,D,CS,KZ,F
14:04:42,MYOR,RG,2540,8,D,DX,KZ,F
14:04:42,MYOR,RG,2540,1,D,HP,KZ,F
14:04:42,MYOR,RG,2540,25,D,YB,KZ,F
14:04:42,MYOR,RG,2540,9,F,CC,KZ,F
14:04:42,MYOR,RG,2540,18,D,CS,KZ,F
14:04:42,MYOR,RG,2540,25,D,BB,KZ,F
14:04:42,MYOR,RG,2540,2,D,BB,KZ,F
14:04:42,MYOR,RG,2540,1,D,CS,KZ,F
14:04:42,MYOR,RG,2540,12,D,CS,KZ,F
14:04:42,MYOR,RG,2540,34,D,DR,KZ,F
14:04:41,MYOR,RG,2540,12,D,DR,HP,D
14:04:00,MYOR,RG,2550,218,D,YU,AZ,D
14:02:19,MYOR,RG,2540,3,D,DR,YP,D
14:02:11,MYOR,RG,2540,14,D,DR,XC,D
14:02:00,MYOR,RG,2550,97,D,YU,AZ,D
14:02:00,MYOR,RG,2550,32,D,YU,KZ,D
14:02:00,MYOR,RG,2550,65,D,YU,YP,D
14:02:00,MYOR,RG,2550,5,D,YU,KZ,D
14:02:00,MYOR,RG,2550,9,D,YU,PD,D
14:02:00,MYOR,RG,2550,9,D,YU,KZ,D
14:02:00,MYOR,RG,2550,5,D,YU,XC,D
14:00:47,MYOR,RG,2540,4,F,AK,BB,D
14:00:47,MYOR,RG,2540,12,F,AK,BB,D
14:00:47,MYOR,RG,2540,16,F,AK,GR,D
14:00:47,MYOR,RG,2540,13,D,CS,GR,D
14:00:47,MYOR,RG,2540,21,D,CS,GR,D
14:00:47,MYOR,RG,2540,1,D,CS,GR,D
14:00:47,MYOR,RG,2540,24,D,CS,GR,D
14:00:47,MYOR,RG,2540,64,D,DR,GR,D
14:00:47,MYOR,RG,2540,12,D,BB,GR,D
14:00:47,MYOR,RG,2540,19,D,CS,GR,D
14:00:47,MYOR,RG,2540,30,D,YU,GR,D
14:00:00,MYOR,RG,2540,1,D,YU,AK,F
14:00:00,MYOR,RG,2540,3,D,YU,AK,F
14:00:00,MYOR,RG,2540,14,D,YU,KZ,F
14:00:00,MYOR,RG,2540,57,D,YU,CC,D
14:00:00,MYOR,RG,2540,5,D,YU,KZ,F
14:00:00,MYOR,RG,2540,23,D,YU,BB,D
14:00:00,MYOR,RG,2540,1,D,YU,CC,F
14:00:00,MYOR,RG,2540,20,D,YU,KZ,F
13:58:40,MYOR,RG,2540,30,D,CC,KZ,F
13:58:40,MYOR,RG,2540,5,D,CC,YP,D
13:58:21,MYOR,RG,2540,15,F,AK,YP,D
13:58:21,MYOR,RG,2540,2,F,AK,KZ,F
13:58:21,MYOR,RG,2540,1,F,AK,YP,D
13:58:21,MYOR,RG,2540,2,F,AK,CC,F
13:58:21,MYOR,RG,2540,8,F,AK,LG,D
13:58:21,MYOR,RG,2540,14,F,AK,KZ,F
13:58:21,MYOR,RG,2540,55,F,AK,KZ,F
13:58:21,MYOR,RG,2540,1,F,AK,AK,F
13:58:21,MYOR,RG,2540,1,F,AK,AK,F
13:58:21,MYOR,RG,2540,22,F,AK,BB,D
13:58:14,MYOR,RG,2530,1,D,BK,YP,D
13:58:00,MYOR,RG,2540,81,D,YU,BB,D
13:58:00,MYOR,RG,2540,200,D,YU,DR,D
13:58:00,MYOR,RG,2540,23,D,YU,KZ,F
13:58:00,MYOR,RG,2540,33,D,YU,PD,D
13:57:57,MYOR,RG,2540,7,D,XL,PD,D
13:57:28,MYOR,RG,2540,2,D,XC,PD,D
13:56:00,MYOR,RG,2540,58,D,YU,PD,D
13:56:00,MYOR,RG,2540,5,D,YU,KZ,F
13:56:00,MYOR,RG,2540,20,D,YU,GR,D
13:56:00,MYOR,RG,2540,5,D,YU,KZ,F
13:56:00,MYOR,RG,2540,1,D,YU,KZ,F
13:56:00,MYOR,RG,2540,33,D,YU,KZ,F
13:56:00,MYOR,RG,2540,5,D,YU,KZ,F
13:56:00,MYOR,RG,2540,13,D,YU,BB,D
13:55:36,MYOR,RG,2540,11,D,DR,BB,D
13:54:20,MYOR,RG,2530,132,D,BK,CC,D
13:54:20,MYOR,RG,2530,43,D,YU,CC,D
13:54:04,MYOR,RG,2530,1,D,YU,XC,D
13:53:32,MYOR,RG,2530,165,D,YU,NI,D
13:53:32,MYOR,RG,2530,320,D,BK,NI,D
13:53:32,MYOR,RG,2530,1,D,XC,NI,D
13:53:32,MYOR,RG,2530,5,D,PD,NI,D
13:53:32,MYOR,RG,2530,250,D,BK,NI,D
13:53:32,MYOR,RG,2530,5,D,PD,NI,D
13:53:32,MYOR,RG,2530,1,D,XC,NI,D
13:53:32,MYOR,RG,2530,80,D,EP,NI,D
13:53:32,MYOR,RG,2530,5,D,MK,NI,D
13:53:32,MYOR,RG,2530,10,D,IU,NI,D
13:53:32,MYOR,RG,2530,10,D,DH,NI,D
13:53:32,MYOR,RG,2530,500,F,ZP,NI,D
13:53:32,MYOR,RG,2530,1,D,YP,NI,D
13:53:32,MYOR,RG,2530,169,F,ZP,NI,D
13:53:32,MYOR,RG,2540,77,D,YU,NI,D
13:53:32,MYOR,RG,2540,1,D,XC,NI,D
13:53:32,MYOR,RG,2540,44,D,CS,NI,D
13:53:32,MYOR,RG,2540,100,D,XC,NI,D
13:53:32,MYOR,RG,2540,17,D,CS,NI,D
13:53:32,MYOR,RG,2540,10,D,KK,NI,D
13:53:32,MYOR,RG,2540,1,D,CD,NI,D
13:53:32,MYOR,RG,2540,131,F,CC,NI,D
13:53:32,MYOR,RG,2540,23,D,DR,NI,D
13:53:07,MYOR,RG,2550,13,D,DR,XC,D
13:52:00,MYOR,RG,2550,2,D,YU,XC,D
13:52:00,MYOR,RG,2550,103,D,YU,YP,D
13:52:00,MYOR,RG,2550,1,D,YU,XC,D
13:52:00,MYOR,RG,2550,89,D,YU,KZ,D
13:51:58,MYOR,RG,2550,1,D,PD,KZ,D
13:51:06,MYOR,RG,2550,2,D,XC,KZ,D
13:50:47,MYOR,RG,2550,4,D,OD,KZ,D
13:50:06,MYOR,RG,2540,3,D,DR,PD,D
13:50:00,MYOR,RG,2550,48,D,YU,KZ,D
13:50:00,MYOR,RG,2550,50,D,YU,KZ,D
13:49:39,MYOR,RG,2540,1,D,DR,YP,D
13:49:05,MYOR,RG,2540,20,D,DR,YP,D
13:48:52,MYOR,RG,2540,1,D,DR,CC,D
13:48:00,MYOR,RG,2540,1,D,DR,YP,D
13:48:00,MYOR,RG,2550,139,D,YU,KZ,D
13:47:25,MYOR,RG,2540,2,D,YU,KZ,F
13:47:22,MYOR,RG,2540,11,D,YU,KZ,F
13:47:22,MYOR,RG,2540,50,D,YU,KZ,F
13:47:22,MYOR,RG,2540,1,F,CC,KZ,F
13:47:22,MYOR,RG,2540,49,D,DR,KZ,F
13:47:22,MYOR,RG,2540,17,D,CS,KZ,F
13:47:22,MYOR,RG,2540,1,D,CS,KZ,F
13:47:22,MYOR,RG,2540,1,D,CS,AT,D
13:47:10,MYOR,RG,2540,10,D,CS,KK,D
13:46:00,MYOR,RG,2550,104,D,YU,KZ,D
13:46:00,MYOR,RG,2550,273,D,YU,KZ,D
13:45:00,MYOR,RG,2540,1,D,YU,PD,D
13:45:00,MYOR,RG,2540,3,D,YU,KZ,F
13:45:00,MYOR,RG,2540,1,D,YU,AT,D
13:45:00,MYOR,RG,2540,10,D,YU,XC,D
13:45:00,MYOR,RG,2540,4,D,YU,KZ,F
13:45:00,MYOR,RG,2540,14,D,YU,BB,D
13:45:00,MYOR,RG,2540,2,D,YU,AK,F
13:45:00,MYOR,RG,2540,1,D,YU,AK,F
13:45:00,MYOR,RG,2540,3,D,YU,KZ,F
13:45:00,MYOR,RG,2540,20,D,YU,EP,D
13:45:00,MYOR,RG,2540,7,D,YU,KZ,F
13:43:01,MYOR,RG,2540,5,D,AK,KZ,F
13:43:01,MYOR,RG,2540,19,D,AK,KZ,F
13:43:01,MYOR,RG,2540,1,D,AK,AK,F
13:43:01,MYOR,RG,2540,1,D,AK,AK,F
13:43:01,MYOR,RG,2540,1,D,AK,AK,F
13:43:01,MYOR,RG,2540,9,D,AK,KZ,F
13:43:01,MYOR,RG,2540,8,D,AK,KZ,F
13:43:01,MYOR,RG,2540,72,D,AK,BB,D
13:43:01,MYOR,RG,2540,47,D,AK,KZ,F
13:43:01,MYOR,RG,2540,35,D,AK,KZ,F
13:43:01,MYOR,RG,2540,151,D,AK,KZ,F
13:43:01,MYOR,RG,2540,85,D,AK,KZ,F
13:43:00,MYOR,RG,2540,88,D,AK,KZ,F
13:43:00,MYOR,RG,2540,78,D,AK,KZ,F
13:42:36,MYOR,RG,2530,50,F,ZP,ZP,D
13:41:56,MYOR,RG,2540,5,D,CS,KZ,F
13:41:56,MYOR,RG,2540,3,D,XC,KZ,F
13:41:56,MYOR,RG,2540,11,F,CC,KZ,F
13:41:56,MYOR,RG,2540,183,F,AK,KZ,F
13:41:56,MYOR,RG,2540,20,D,XC,KZ,F
13:41:56,MYOR,RG,2540,1,D,XC,KZ,F
13:41:56,MYOR,RG,2540,80,D,XC,KZ,F
13:41:56,MYOR,RG,2540,10,D,PD,KZ,F
13:41:56,MYOR,RG,2540,1,D,YP,KZ,F
13:41:56,MYOR,RG,2540,26,D,YB,KZ,F
13:41:55,MYOR,RG,2540,4,D,YB,AK,F
13:41:55,MYOR,RG,2540,36,D,CS,AK,F
13:41:55,MYOR,RG,2540,460,F,ZP,AK,F
13:41:55,MYOR,RG,2540,40,F,ZP,AK,F
13:41:55,MYOR,RG,2540,17,D,CS,AK,F
13:41:55,MYOR,RG,2540,1,D,XC,AK,F
13:41:55,MYOR,RG,2540,22,D,CS,AK,F
13:41:55,MYOR,RG,2540,38,D,CS,AK,F
13:41:55,MYOR,RG,2540,382,F,ZP,AK,F
13:41:55,MYOR,RG,2540,78,F,ZP,AK,F
13:41:54,MYOR,RG,2540,40,F,ZP,AK,F
13:41:54,MYOR,RG,2540,460,F,ZP,AK,F
13:41:54,MYOR,RG,2540,40,F,ZP,AK,F
13:41:54,MYOR,RG,2540,20,D,NI,AK,F
13:41:54,MYOR,RG,2540,10,D,IF,AK,F
13:41:54,MYOR,RG,2540,430,F,ZP,AK,F
13:41:54,MYOR,RG,2540,81,F,ZP,KZ,F
13:41:54,MYOR,RG,2540,489,F,ZP,CP,D
13:41:54,MYOR,RG,2540,33,D,CS,CP,D
13:41:54,MYOR,RG,2540,16,D,CS,CP,D
13:41:54,MYOR,RG,2540,11,D,CS,CP,D
13:41:54,MYOR,RG,2540,10,D,CS,CP,D
13:41:54,MYOR,RG,2540,91,D,DR,CP,D
13:41:54,MYOR,RG,2540,10,D,YP,CP,D
13:41:54,MYOR,RG,2540,1,D,XL,CP,D
13:41:54,MYOR,RG,2540,9,D,CS,CP,D
13:41:54,MYOR,RG,2540,330,F,ZP,CP,D
13:41:46,MYOR,RG,2550,68,D,DR,KZ,D
13:41:40,MYOR,RG,2540,68,F,ZP,KZ,F
13:41:32,MYOR,RG,2540,15,F,ZP,KZ,F
13:41:32,MYOR,RG,2540,64,F,ZP,XC,D
13:41:24,MYOR,RG,2540,50,F,ZP,KZ,F
13:41:21,MYOR,RG,2540,69,F,ZP,KZ,F
13:41:21,MYOR,RG,2540,74,F,ZP,KZ,F
13:41:21,MYOR,RG,2540,25,F,ZP,KZ,F
13:41:21,MYOR,RG,2540,25,F,ZP,XC,D
13:41:15,MYOR,RG,2550,62,D,YU,KZ,D
13:41:15,MYOR,RG,2550,2,D,YU,XL,D
13:41:15,MYOR,RG,2550,4,D,YU,PD,D
13:41:15,MYOR,RG,2550,111,D,YU,LG,D
13:41:00,MYOR,RG,2540,1,F,ZP,AT,D
13:39:57,MYOR,RG,2540,1,F,ZP,YP,D
13:39:18,MYOR,RG,2550,50,D,DR,LG,D
13:39:16,MYOR,RG,2550,39,D,DR,LG,D
13:39:16,MYOR,RG,2550,1,D,DR,DH,D
13:39:16,MYOR,RG,2550,41,D,DR,KZ,D
13:39:07,MYOR,RG,2550,68,D,CS,KZ,D
13:39:07,MYOR,RG,2550,13,D,CS,KZ,D
13:39:07,MYOR,RG,2550,62,D,CS,AZ,D
13:39:06,MYOR,RG,2540,3,F,ZP,XC,D
13:39:05,MYOR,RG,2540,8,F,ZP,NI,D
13:37:08,MYOR,RG,2540,200,F,ZP,LG,D
13:36:34,MYOR,RG,2540,1,F,ZP,AT,D
13:35:19,MYOR,RG,2540,1,F,ZP,XL,D
13:33:29,MYOR,RG,2540,65,F,ZP,PD,D
13:33:29,MYOR,RG,2540,10,D,IF,PD,D
13:33:29,MYOR,RG,2540,8,D,CS,PD,D
13:33:29,MYOR,RG,2540,11,D,CS,PD,D
13:33:29,MYOR,RG,2540,12,D,CS,PD,D
13:33:29,MYOR,RG,2540,94,D,BK,PD,D
13:32:28,MYOR,RG,2540,1,D,BK,YP,D
13:31:28,MYOR,RG,2540,98,D,BK,KZ,F
13:31:25,MYOR,RG,2540,10,D,BK,YP,D
13:30:07,MYOR,RG,2540,4,D,BK,AK,F
13:30:04,MYOR,RG,2540,20,D,BK,XL,D
13:30:03,MYOR,RG,2550,1,D,XL,AZ,D
13:30:02,MYOR,RG,2550,1,D,XC,AZ,D
13:30:02,MYOR,RG,2550,1,D,XL,AZ,D
13:30:02,MYOR,RG,2540,8,D,BK,PD,D
13:30:02,MYOR,RG,2540,2,D,BK,XL,D
13:30:01,MYOR,RG,2540,1,D,BK,PD,D
13:30:01,MYOR,RG,2540,10,D,BK,EP,D
13:30:01,MYOR,RG,2550,1,D,XC,AZ,D
13:30:01,MYOR,RG,2540,2,D,BK,CP,D
11:29:55,MYOR,RG,2550,934,F,ZP,AZ,D
11:29:55,MYOR,RG,2550,11,F,ZP,XC,D
11:29:55,MYOR,RG,2550,1,F,ZP,PD,D
11:29:55,MYOR,RG,2550,1,F,ZP,NI,D
11:29:55,MYOR,RG,2550,10,F,ZP,PD,D
11:29:55,MYOR,RG,2550,1,F,ZP,BB,D
11:29:55,MYOR,RG,2550,1,F,ZP,HP,D
11:29:55,MYOR,RG,2550,2,F,ZP,PD,D
11:29:55,MYOR,RG,2550,8,F,ZP,CC,D
11:29:55,MYOR,RG,2550,2,F,ZP,NI,D
11:29:55,MYOR,RG,2550,5,F,ZP,BB,D
11:29:55,MYOR,RG,2550,5,F,ZP,BB,D
11:29:55,MYOR,RG,2550,5,F,ZP,BB,D
11:29:55,MYOR,RG,2550,5,F,ZP,BB,D
11:29:55,MYOR,RG,2550,5,F,ZP,BB,D
11:29:55,MYOR,RG,2550,5,F,ZP,BB,D
11:29:55,MYOR,RG,2550,1,F,ZP,XC,D
11:29:55,MYOR,RG,2550,2,F,ZP,XC,D
11:29:55,MYOR,RG,2550,1,F,ZP,IF,D
11:29:55,MYOR,RG,2550,35,F,ZP,KZ,F
11:29:55,MYOR,RG,2550,850,F,ZP,KZ,D
11:29:55,MYOR,RG,2550,59,F,ZP,KZ,F
11:29:55,MYOR,RG,2550,117,F,ZP,KZ,D
11:29:55,MYOR,RG,2550,1,F,ZP,KZ,D
11:29:55,MYOR,RG,2550,353,F,ZP,KZ,F
11:29:55,MYOR,RG,2550,180,F,ZP,KZ,D
11:29:55,MYOR,RG,2550,1,F,ZP,CC,D
11:29:55,MYOR,RG,2550,2,F,ZP,KZ,D
11:29:55,MYOR,RG,2550,1,F,ZP,KZ,D
11:29:55,MYOR,RG,2550,98,F,ZP,KZ,D
11:29:55,MYOR,RG,2550,1,F,ZP,KZ,D
11:29:55,MYOR,RG,2550,293,F,ZP,KZ,F
11:29:55,MYOR,RG,2550,4,F,ZP,KZ,F
11:29:20,MYOR,RG,2540,200,D,BK,LG,D
11:28:35,MYOR,RG,2550,2,D,XL,KZ,F
11:28:21,MYOR,RG,2540,50,D,BK,AK,F
11:28:21,MYOR,RG,2540,25,D,CS,AK,F
11:28:21,MYOR,RG,2540,10,D,YP,AK,F
11:28:21,MYOR,RG,2540,1,D,DR,AK,F
11:28:21,MYOR,RG,2540,5,D,MK,AK,F
11:28:21,MYOR,RG,2540,1,D,XL,AK,F
11:28:21,MYOR,RG,2540,10,D,IU,AK,F
11:28:21,MYOR,RG,2540,148,D,IF,AK,F
11:28:21,MYOR,RG,2540,5,D,IF,BB,D
11:27:28,MYOR,RG,2550,43,D,DR,KZ,F
11:27:15,MYOR,RG,2540,1,D,IF,AK,F
11:27:03,MYOR,RG,2540,50,D,IF,YU,D
11:26:07,MYOR,RG,2540,22,D,IF,BB,D
11:25:30,MYOR,RG,2540,1,D,IF,AK,F
11:24:00,MYOR,RG,2540,1,D,IF,AK,F
11:23:57,MYOR,RG,2540,200,D,IF,LG,D
11:23:37,MYOR,RG,2540,122,D,IF,LG,D
11:23:37,MYOR,RG,2540,6,D,CS,LG,D
11:23:37,MYOR,RG,2540,5,D,CS,LG,D
11:23:37,MYOR,RG,2540,7,D,CS,LG,D
11:23:37,MYOR,RG,2540,4,D,CS,LG,D
11:23:37,MYOR,RG,2540,11,D,CS,LG,D
11:23:37,MYOR,RG,2540,5,D,CS,LG,D
11:23:37,MYOR,RG,2540,1,D,YP,LG,D
11:23:37,MYOR,RG,2540,6,D,CS,LG,D
11:23:37,MYOR,RG,2540,6,D,CS,LG,D
11:23:37,MYOR,RG,2540,10,D,CS,LG,D
11:23:37,MYOR,RG,2540,2,D,CS,LG,D
11:23:37,MYOR,RG,2540,15,F,ZP,LG,D
11:23:04,MYOR,RG,2550,1,D,XC,KZ,F
11:22:45,MYOR,RG,2540,1,F,ZP,AK,F
11:22:40,MYOR,RG,2540,35,F,ZP,YP,D
11:21:47,MYOR,RG,2550,10,D,DR,KZ,F
11:21:47,MYOR,RG,2550,14,D,DR,KZ,F
11:21:47,MYOR,RG,2540,21,F,ZP,BB,D
11:21:41,MYOR,RG,2540,3,F,ZP,GR,D
11:21:30,MYOR,RG,2540,1,F,ZP,AK,F
11:20:15,MYOR,RG,2540,1,F,ZP,AK,F
11:19:25,MYOR,RG,2550,7,D,XC,KZ,F
11:19:15,MYOR,RG,2540,1,F,ZP,AK,F
11:18:40,MYOR,RG,2550,20,D,HP,KZ,F
11:18:01,MYOR,RG,2550,44,D,DR,KZ,F
11:18:00,MYOR,RG,2540,1,F,ZP,AK,F
11:17:59,MYOR,RG,2550,81,D,DR,KZ,F
11:17:00,MYOR,RG,2540,1,F,ZP,AK,F
11:15:45,MYOR,RG,2540,1,F,ZP,AK,F
11:15:01,MYOR,RG,2540,8,F,ZP,BB,D
11:13:04,MYOR,RG,2550,106,D,CS,KZ,F
11:12:15,MYOR,RG,2540,2,F,ZP,AK,F
11:06:09,MYOR,RG,2550,2,D,PD,KZ,F
11:04:43,MYOR,RG,2550,92,D,YP,KZ,F
11:04:43,MYOR,RG,2550,300,D,YP,KZ,D
11:04:19,MYOR,RG,2540,2,F,ZP,RO,D
11:04:08,MYOR,RG,2550,69,D,DR,KZ,D
11:03:50,MYOR,RG,2540,5,F,ZP,PD,D
11:01:17,MYOR,RG,2550,1,D,LG,KZ,D
11:00:14,MYOR,RG,2540,1,F,ZP,CC,D
10:59:20,MYOR,RG,2540,1,F,ZP,CC,D
10:58:28,MYOR,RG,2540,1,F,ZP,CC,D
10:57:59,MYOR,RG,2540,10,F,ZP,PD,D
10:57:21,MYOR,RG,2540,1,F,ZP,DH,D
10:56:35,MYOR,RG,2540,5,F,ZP,PD,D
10:56:02,MYOR,RG,2540,1,F,ZP,CC,D
10:53:24,MYOR,RG,2540,5,F,ZP,PD,D
10:52:34,MYOR,RG,2550,23,D,DR,KZ,D
10:51:45,MYOR,RG,2550,160,D,BK,KZ,D
10:51:40,MYOR,RG,2550,50,D,BK,KZ,D
10:51:40,MYOR,RG,2550,16,D,BK,BB,D
10:51:40,MYOR,RG,2550,16,D,BK,BB,D
10:51:40,MYOR,RG,2550,28,D,BK,BB,D
10:51:40,MYOR,RG,2550,46,D,BK,BB,D
10:51:40,MYOR,RG,2550,94,D,BK,BB,D
10:51:40,MYOR,RG,2550,109,D,BK,BB,D
10:51:40,MYOR,RG,2550,236,D,BK,BB,D
10:51:39,MYOR,RG,2550,17,D,CS,BB,D
10:51:39,MYOR,RG,2550,12,D,CS,BB,D
10:51:39,MYOR,RG,2550,5,D,CS,BB,D
10:51:38,MYOR,RG,2550,2,D,CS,BB,D
10:51:38,MYOR,RG,2550,16,D,CS,BB,D
10:51:38,MYOR,RG,2550,24,D,BK,BB,D
10:51:38,MYOR,RG,2550,362,D,BK,BB,D
10:51:38,MYOR,RG,2550,275,D,BK,BB,D
10:51:38,MYOR,RG,2550,16,D,CS,BB,D
10:51:38,MYOR,RG,2550,1226,D,NI,BB,D
10:51:37,MYOR,RG,2550,1,D,NI,BB,D
10:51:37,MYOR,RG,2550,200,D,NI,LG,D
10:51:13,MYOR,RG,2550,2,D,NI,BB,D
10:51:07,MYOR,RG,2550,1,D,NI,BB,D
10:51:07,MYOR,RG,2550,1,D,NI,BB,D
10:51:07,MYOR,RG,2550,2,D,NI,BB,D
10:51:07,MYOR,RG,2550,1,D,NI,BB,D
10:51:04,MYOR,RG,2550,9,D,NI,BB,D
10:51:04,MYOR,RG,2550,1,D,NI,BB,D
10:51:04,MYOR,RG,2550,34,D,NI,BB,D
10:51:04,MYOR,RG,2550,40,D,NI,BB,D
10:51:03,MYOR,RG,2550,2,D,NI,BB,D
10:51:03,MYOR,RG,2550,11,D,NI,BB,D
10:51:03,MYOR,RG,2550,1,D,NI,BB,D
10:51:02,MYOR,RG,2560,30,D,CS,KZ,F
10:51:02,MYOR,RG,2560,1,D,CS,KZ,F
10:51:02,MYOR,RG,2550,307,D,NI,KZ,D
10:51:02,MYOR,RG,2550,13,D,NI,BB,D
10:51:02,MYOR,RG,2550,2,D,NI,BB,D
10:51:02,MYOR,RG,2550,448,D,NI,BB,D
10:51:02,MYOR,RG,2550,4,D,NI,BB,D
10:51:02,MYOR,RG,2550,15,D,NI,BB,D
10:51:02,MYOR,RG,2550,13,D,NI,BB,D
10:51:02,MYOR,RG,2550,2,D,NI,BB,D
10:51:02,MYOR,RG,2550,49,D,NI,BB,D
10:51:02,MYOR,RG,2550,42,D,NI,BB,D
10:51:02,MYOR,RG,2550,6,D,NI,KK,D
10:51:02,MYOR,RG,2550,6,D,NI,RG,D
10:51:02,MYOR,RG,2550,1,D,NI,AK,F
10:51:02,MYOR,RG,2550,30,D,NI,BB,D
10:51:02,MYOR,RG,2550,1,D,NI,CC,D
10:51:02,MYOR,RG,2550,1,D,NI,KZ,D
10:51:02,MYOR,RG,2550,1,D,NI,AK,F
10:51:02,MYOR,RG,2550,2,D,NI,KZ,D
10:51:02,MYOR,RG,2550,5,D,NI,KZ,F
10:51:02,MYOR,RG,2550,19,D,NI,KZ,D
10:51:02,MYOR,RG,2550,37,D,NI,KZ,F
10:51:02,MYOR,RG,2550,1,D,NI,AK,F
10:51:02,MYOR,RG,2550,152,D,NI,KZ,D
10:51:02,MYOR,RG,2550,6,D,NI,KZ,D
10:51:02,MYOR,RG,2550,111,D,NI,KZ,F
10:51:02,MYOR,RG,2550,361,D,NI,KZ,D
10:51:02,MYOR,RG,2550,198,D,NI,KZ,F
10:51:02,MYOR,RG,2550,39,D,NI,KZ,D
10:51:02,MYOR,RG,2550,49,D,NI,KZ,D
10:51:02,MYOR,RG,2550,1,D,NI,KZ,F
10:51:02,MYOR,RG,2550,46,D,NI,KZ,F
10:51:02,MYOR,RG,2540,60,F,ZP,YP,D
10:50:26,MYOR,RG,2540,2,F,ZP,DH,D
10:49:32,MYOR,RG,2540,3,F,ZP,XL,D
10:48:44,MYOR,RG,2550,26,D,YP,KZ,F
10:48:44,MYOR,RG,2550,1,D,YP,BB,D
10:48:44,MYOR,RG,2550,3,D,YP,BB,D
10:48:29,MYOR,RG,2540,1,F,ZP,CC,D
10:47:59,MYOR,RG,2550,5,D,DR,BB,D
10:47:59,MYOR,RG,2550,1,D,DR,BB,D
10:47:59,MYOR,RG,2550,4,D,DR,BB,D
10:47:59,MYOR,RG,2550,5,D,DR,BB,D
10:47:59,MYOR,RG,2550,7,D,DR,BB,D
10:47:44,MYOR,RG,2550,1,D,PD,BB,D
10:46:49,MYOR,RG,2550,1,D,CS,BB,D
10:46:48,MYOR,RG,2550,2,D,CS,BB,D
10:46:48,MYOR,RG,2550,13,F,AK,BB,D
10:46:48,MYOR,RG,2550,37,F,AK,BB,D
10:46:48,MYOR,RG,2550,43,F,AK,BB,D
10:46:48,MYOR,RG,2550,269,F,AK,BB,D
10:46:48,MYOR,RG,2550,465,D,BK,BB,D
10:46:48,MYOR,RG,2550,2,D,CS,BB,D
10:46:48,MYOR,RG,2550,81,D,DR,BB,D
10:46:19,MYOR,RG,2550,2,D,BK,KZ,D
10:46:19,MYOR,RG,2550,1,D,BK,KZ,F
10:46:19,MYOR,RG,2550,2,D,BK,BB,D
10:46:19,MYOR,RG,2550,7,D,BK,KZ,F
10:46:19,MYOR,RG,2550,1,D,BK,AK,F
10:46:19,MYOR,RG,2550,4,D,BK,PD,D
10:46:15,MYOR,RG,2550,1,F,AK,PD,D
10:46:15,MYOR,RG,2550,1,F,AK,XL,D
10:46:15,MYOR,RG,2550,1,F,AK,YP,D
10:46:15,MYOR,RG,2550,5,F,AK,OD,D
10:46:15,MYOR,RG,2550,1,F,AK,AK,F
10:46:15,MYOR,RG,2550,2,F,AK,PD,D
10:46:15,MYOR,RG,2550,7,F,AK,KZ,F
10:46:15,MYOR,RG,2550,1,F,AK,AT,D
10:46:15,MYOR,RG,2550,1,F,AK,AK,F
10:46:15,MYOR,RG,2550,1,F,AK,CC,D
10:46:15,MYOR,RG,2550,100,F,AK,SQ,D
10:46:15,MYOR,RG,2550,1,F,BK,PD,D
10:46:15,MYOR,RG,2550,1,F,BK,AK,F
10:46:15,MYOR,RG,2550,2,F,BK,XC,D
10:46:15,MYOR,RG,2550,41,F,BK,KZ,D
10:46:15,MYOR,RG,2550,1,F,BK,KZ,F
10:46:15,MYOR,RG,2550,6,F,BK,BB,D
10:46:15,MYOR,RG,2550,22,F,BK,KZ,F
10:46:15,MYOR,RG,2550,61,F,BK,KZ,D
10:46:15,MYOR,RG,2550,60,F,BK,KZ,F
10:46:15,MYOR,RG,2550,35,F,BK,KZ,D
10:46:15,MYOR,RG,2550,21,D,CS,KZ,D
10:46:15,MYOR,RG,2550,121,F,AK,KZ,D
10:46:15,MYOR,RG,2550,1,F,AK,KZ,D
10:46:15,MYOR,RG,2550,7,F,AK,KZ,F
10:46:15,MYOR,RG,2550,3,F,AK,KZ,D
10:46:15,MYOR,RG,2550,110,F,AK,KZ,F
10:46:10,MYOR,RG,2550,5,D,KK,KZ,F
10:43:21,MYOR,RG,2550,39,D,CS,KZ,F
10:42:57,MYOR,RG,2550,31,D,XL,KZ,F
10:42:55,MYOR,RG,2550,12,D,PD,KZ,F
10:42:50,MYOR,RG,2550,1,D,XC,KZ,F
10:41:32,MYOR,RG,2550,33,D,EP,KZ,F
10:41:32,MYOR,RG,2550,109,D,EP,KZ,F
10:40:24,MYOR,RG,2550,3,D,PD,KZ,F
10:40:24,MYOR,RG,2550,5,D,PD,BB,D
10:40:24,MYOR,RG,2550,2,D,PD,KZ,D
10:38:54,MYOR,RG,2540,1,F,ZP,PD,D
10:38:34,MYOR,RG,2540,5,F,ZP,NI,D
10:38:33,MYOR,RG,2550,11,D,XL,KZ,D
10:38:13,MYOR,RG,2540,6,F,ZP,PD,D
10:37:47,MYOR,RG,2550,3,D,CC,KZ,D
10:37:40,MYOR,RG,2550,2,D,CC,KZ,D
10:37:08,MYOR,RG,2550,130,D,BK,KZ,D
10:37:08,MYOR,RG,2550,5,D,BK,BB,D
10:37:08,MYOR,RG,2550,1,D,BK,BB,D
10:37:08,MYOR,RG,2550,5,D,BK,BB,D
10:37:08,MYOR,RG,2550,1,D,BK,BB,D
10:37:08,MYOR,RG,2550,5,D,BK,BB,D
10:37:08,MYOR,RG,2550,5,D,BK,BB,D
10:37:08,MYOR,RG,2550,5,D,BK,BB,D
10:37:08,MYOR,RG,2550,2,D,BK,BB,D
10:37:08,MYOR,RG,2550,5,D,BK,BB,D
10:37:08,MYOR,RG,2550,7,D,BK,BB,D
10:37:08,MYOR,RG,2550,1,D,BK,BB,D
10:37:08,MYOR,RG,2550,5,D,BK,BB,D
10:37:08,MYOR,RG,2550,5,D,BK,BB,D
10:37:07,MYOR,RG,2550,5,D,BK,BB,D
10:37:07,MYOR,RG,2550,5,D,BK,BB,D
10:37:07,MYOR,RG,2550,1,D,BK,BB,D
10:37:07,MYOR,RG,2550,1,D,BK,BB,D
10:37:07,MYOR,RG,2550,5,D,BK,BB,D
10:37:07,MYOR,RG,2550,1,D,BK,XC,D
10:37:07,MYOR,RG,2550,5,D,BK,BB,D
10:37:07,MYOR,RG,2550,5,D,BK,BB,D
10:37:07,MYOR,RG,2550,5,D,BK,BB,D
10:37:07,MYOR,RG,2550,5,D,BK,BB,D
10:37:07,MYOR,RG,2550,5,D,BK,BB,D
10:37:07,MYOR,RG,2550,5,D,BK,BB,D
10:37:07,MYOR,RG,2550,2,D,BK,BB,D
10:37:07,MYOR,RG,2550,5,D,BK,BB,D
10:37:07,MYOR,RG,2550,5,D,BK,BB,D
10:37:07,MYOR,RG,2550,1,D,BK,BB,D
10:37:07,MYOR,RG,2550,2,D,BK,BB,D
10:37:07,MYOR,RG,2550,1,D,BK,BB,D
10:37:07,MYOR,RG,2550,5,D,BK,BB,D
10:37:07,MYOR,RG,2550,9,D,BK,BB,D
10:37:07,MYOR,RG,2550,5,D,BK,BB,D
10:37:07,MYOR,RG,2550,5,D,BK,BB,D
10:37:07,MYOR,RG,2550,5,D,BK,BB,D
10:37:07,MYOR,RG,2550,1,D,BK,BB,D
10:37:07,MYOR,RG,2550,8,D,BK,BB,D
10:37:07,MYOR,RG,2550,2,D,BK,BB,D
10:37:07,MYOR,RG,2550,5,D,BK,BB,D
10:37:07,MYOR,RG,2550,5,D,BK,BB,D
10:37:07,MYOR,RG,2550,5,D,BK,BB,D
10:37:07,MYOR,RG,2550,5,D,BK,BB,D
10:37:07,MYOR,RG,2550,5,D,BK,BB,D
10:37:06,MYOR,RG,2550,5,D,BK,BB,D
10:37:06,MYOR,RG,2550,5,D,BK,BB,D
10:37:06,MYOR,RG,2550,31,D,BK,BB,D
10:37:06,MYOR,RG,2550,1,D,BK,BB,D
10:37:06,MYOR,RG,2550,1,D,BK,BB,D
10:37:06,MYOR,RG,2550,6,D,BK,BB,D
10:37:06,MYOR,RG,2550,2,D,BK,BB,D
10:37:06,MYOR,RG,2550,5,D,BK,BB,D
10:37:06,MYOR,RG,2550,5,D,BK,BB,D
10:37:06,MYOR,RG,2550,5,D,BK,BB,D
10:37:06,MYOR,RG,2550,5,D,BK,BB,D
10:37:06,MYOR,RG,2550,5,D,BK,BB,D
10:37:06,MYOR,RG,2550,2,D,BK,BB,D
10:37:06,MYOR,RG,2550,5,D,BK,BB,D
10:37:06,MYOR,RG,2550,5,D,BK,BB,D
10:37:06,MYOR,RG,2550,6,D,BK,BB,D
10:37:06,MYOR,RG,2550,5,D,BK,BB,D
10:37:06,MYOR,RG,2550,5,D,BK,BB,D
10:37:06,MYOR,RG,2550,5,D,BK,BB,D
10:37:06,MYOR,RG,2550,66,D,BK,KZ,D
10:37:06,MYOR,RG,2550,169,F,ZP,KZ,D
10:37:06,MYOR,RG,2550,5,F,ZP,BB,D
10:37:06,MYOR,RG,2550,5,F,ZP,BB,D
10:37:06,MYOR,RG,2550,5,F,ZP,BB,D
10:37:06,MYOR,RG,2550,1,F,ZP,BB,D
10:37:06,MYOR,RG,2550,5,F,ZP,BB,D
10:37:06,MYOR,RG,2550,5,F,ZP,BB,D
10:37:06,MYOR,RG,2550,5,F,ZP,BB,D
10:37:06,MYOR,RG,2550,5,F,ZP,BB,D
10:37:06,MYOR,RG,2550,1,F,ZP,BB,D
10:37:06,MYOR,RG,2550,5,F,ZP,BB,D
10:37:06,MYOR,RG,2550,5,F,ZP,BB,D
10:37:06,MYOR,RG,2550,5,F,ZP,BB,D
10:37:06,MYOR,RG,2550,1,F,ZP,BB,D
10:37:06,MYOR,RG,2550,5,F,ZP,BB,D
10:37:06,MYOR,RG,2550,5,F,ZP,BB,D
10:37:06,MYOR,RG,2550,5,F,ZP,BB,D
10:37:06,MYOR,RG,2550,5,F,ZP,BB,D
10:37:06,MYOR,RG,2550,5,F,ZP,BB,D
10:37:06,MYOR,RG,2550,5,F,ZP,BB,D
10:37:05,MYOR,RG,2550,2,F,ZP,BB,D
10:37:05,MYOR,RG,2550,5,F,ZP,BB,D
10:37:05,MYOR,RG,2550,8,F,ZP,BB,D
10:37:05,MYOR,RG,2550,5,F,ZP,BB,D
10:37:05,MYOR,RG,2550,3,F,ZP,BB,D
10:37:05,MYOR,RG,2550,5,F,ZP,BB,D
10:37:05,MYOR,RG,2550,5,F,ZP,BB,D
10:37:05,MYOR,RG,2550,5,F,ZP,BB,D
10:37:05,MYOR,RG,2550,5,F,ZP,BB,D
10:37:05,MYOR,RG,2550,5,F,ZP,BB,D
10:37:05,MYOR,RG,2550,5,F,ZP,BB,D
10:37:05,MYOR,RG,2550,5,F,ZP,BB,D
10:37:05,MYOR,RG,2550,5,F,ZP,BB,D
10:37:05,MYOR,RG,2550,1,F,ZP,BB,D
10:37:05,MYOR,RG,2550,5,F,ZP,BB,D
10:37:05,MYOR,RG,2550,1,F,ZP,BB,D
10:37:05,MYOR,RG,2550,5,F,ZP,BB,D
10:37:05,MYOR,RG,2550,5,F,ZP,BB,D
10:37:05,MYOR,RG,2550,5,F,ZP,BB,D
10:37:05,MYOR,RG,2550,5,F,ZP,BB,D
10:37:05,MYOR,RG,2550,5,F,ZP,BB,D
10:37:05,MYOR,RG,2550,5,F,ZP,BB,D
10:37:05,MYOR,RG,2550,11,F,ZP,BB,D
10:37:05,MYOR,RG,2550,3,F,ZP,BB,D
10:37:05,MYOR,RG,2550,5,F,ZP,BB,D
10:37:05,MYOR,RG,2550,5,F,ZP,BB,D
10:37:05,MYOR,RG,2550,5,F,ZP,BB,D
10:37:05,MYOR,RG,2550,3,F,ZP,BB,D
10:37:05,MYOR,RG,2550,1,F,ZP,BB,D
10:37:05,MYOR,RG,2550,5,F,ZP,BB,D
10:37:05,MYOR,RG,2550,5,F,ZP,BB,D
10:37:05,MYOR,RG,2550,5,F,ZP,BB,D
10:37:05,MYOR,RG,2550,5,F,ZP,BB,D
10:37:05,MYOR,RG,2550,5,F,ZP,BB,D
10:37:05,MYOR,RG,2550,5,F,ZP,BB,D
10:37:05,MYOR,RG,2550,5,F,ZP,BB,D
10:37:04,MYOR,RG,2550,1,F,ZP,BB,D
10:37:04,MYOR,RG,2550,5,F,ZP,BB,D
10:37:04,MYOR,RG,2550,5,F,ZP,BB,D
10:37:04,MYOR,RG,2550,4,F,ZP,BB,D
10:37:04,MYOR,RG,2550,5,F,ZP,BB,D
10:37:04,MYOR,RG,2550,1,F,ZP,BB,D
10:37:04,MYOR,RG,2550,40,F,ZP,BB,D
10:37:04,MYOR,RG,2550,1,F,ZP,BB,D
10:37:04,MYOR,RG,2550,3,F,ZP,BB,D
10:37:04,MYOR,RG,2550,5,F,ZP,BB,D
10:37:04,MYOR,RG,2550,5,F,ZP,BB,D
10:37:04,MYOR,RG,2550,5,F,ZP,BB,D
10:37:04,MYOR,RG,2550,6,F,ZP,BB,D
10:37:04,MYOR,RG,2550,5,F,ZP,BB,D
10:37:04,MYOR,RG,2550,4,F,ZP,BB,D
10:37:04,MYOR,RG,2550,5,F,ZP,BB,D
10:37:04,MYOR,RG,2550,5,F,ZP,BB,D
10:37:04,MYOR,RG,2550,5,F,ZP,BB,D
10:37:04,MYOR,RG,2550,1,F,ZP,BB,D
10:37:04,MYOR,RG,2550,5,F,ZP,BB,D
10:37:04,MYOR,RG,2550,5,F,ZP,BB,D
10:37:04,MYOR,RG,2550,5,F,ZP,BB,D
10:37:04,MYOR,RG,2550,5,F,ZP,BB,D
10:37:04,MYOR,RG,2550,5,F,ZP,BB,D
10:37:04,MYOR,RG,2550,5,F,ZP,BB,D
10:37:04,MYOR,RG,2550,5,F,ZP,BB,D
10:37:04,MYOR,RG,2550,5,F,ZP,BB,D
10:37:04,MYOR,RG,2550,5,F,ZP,BB,D
10:37:04,MYOR,RG,2550,6,F,ZP,BB,D
10:37:04,MYOR,RG,2550,5,F,ZP,BB,D
10:37:04,MYOR,RG,2550,5,F,ZP,BB,D
10:37:04,MYOR,RG,2550,5,F,ZP,BB,D
10:37:04,MYOR,RG,2550,5,F,ZP,BB,D
10:37:04,MYOR,RG,2550,5,F,ZP,BB,D
10:37:04,MYOR,RG,2550,1,F,ZP,BB,D
10:37:04,MYOR,RG,2550,9,F,ZP,BB,D
10:37:04,MYOR,RG,2550,5,F,ZP,BB,D
10:37:04,MYOR,RG,2550,34,F,ZP,BB,D
10:37:04,MYOR,RG,2550,2,F,ZP,BB,D
10:37:04,MYOR,RG,2550,1,F,ZP,BB,D
10:37:04,MYOR,RG,2550,31,F,ZP,KZ,D
10:37:04,MYOR,RG,2550,1,F,ZP,KZ,F
10:37:04,MYOR,RG,2550,72,F,ZP,CC,D
10:37:04,MYOR,RG,2550,1,F,ZP,AK,F
10:37:04,MYOR,RG,2550,10,F,ZP,KZ,F
10:37:04,MYOR,RG,2550,56,F,ZP,KZ,D
10:37:04,MYOR,RG,2550,6,F,ZP,BB,D
10:37:04,MYOR,RG,2550,27,F,ZP,KZ,F
10:37:04,MYOR,RG,2550,76,F,ZP,KZ,D
10:37:04,MYOR,RG,2550,38,F,ZP,KZ,F
10:37:04,MYOR,RG,2550,5,F,ZP,BB,D
10:37:04,MYOR,RG,2550,5,F,ZP,BB,D
10:37:04,MYOR,RG,2550,5,F,ZP,BB,D
10:37:04,MYOR,RG,2550,5,F,ZP,BB,D
10:37:04,MYOR,RG,2550,3,F,ZP,BB,D
10:36:58,MYOR,RG,2550,2,D,YP,BB,D
10:36:47,MYOR,RG,2550,7,D,BK,BB,D
10:36:47,MYOR,RG,2550,1,D,BK,BB,D
10:36:47,MYOR,RG,2550,2,D,BK,BB,D
10:36:47,MYOR,RG,2550,5,D,BK,BB,D
10:36:47,MYOR,RG,2550,5,D,BK,BB,D
10:36:47,MYOR,RG,2550,3,D,BK,BB,D
10:36:47,MYOR,RG,2550,5,D,BK,BB,D
10:36:47,MYOR,RG,2550,5,D,BK,BB,D
10:36:47,MYOR,RG,2550,5,D,BK,BB,D
10:36:47,MYOR,RG,2550,5,D,BK,BB,D
10:36:47,MYOR,RG,2550,39,D,BK,BB,D
10:36:47,MYOR,RG,2550,1,D,BK,BB,D
10:36:47,MYOR,RG,2550,19,D,BK,BB,D
10:36:47,MYOR,RG,2550,1,D,BK,BB,D
10:36:47,MYOR,RG,2550,14,D,BK,BB,D
10:36:47,MYOR,RG,2550,4,D,BK,BB,D
10:36:47,MYOR,RG,2550,6,D,BK,BB,D
10:36:47,MYOR,RG,2550,4,D,BK,BB,D
10:36:47,MYOR,RG,2550,1,D,CS,BB,D
10:36:47,MYOR,RG,2550,5,D,CS,BB,D
10:36:47,MYOR,RG,2550,5,D,CS,BB,D
10:36:47,MYOR,RG,2550,2,D,CS,BB,D
10:36:47,MYOR,RG,2550,5,D,PD,BB,D
10:36:47,MYOR,RG,2550,5,D,PD,BB,D
10:36:47,MYOR,RG,2550,29,D,PD,KZ,D
10:36:47,MYOR,RG,2550,7,D,PD,KZ,F
10:36:47,MYOR,RG,2550,1,D,PD,KZ,D
10:36:47,MYOR,RG,2550,10,D,PD,BB,D
10:36:47,MYOR,RG,2550,14,D,PD,KZ,F
10:36:47,MYOR,RG,2550,5,D,PD,BB,D
10:36:47,MYOR,RG,2550,5,D,PD,BB,D
10:36:47,MYOR,RG,2550,5,D,PD,BB,D
10:36:47,MYOR,RG,2550,5,D,PD,BB,D
10:36:47,MYOR,RG,2550,5,D,PD,BB,D
10:36:47,MYOR,RG,2550,4,D,PD,BB,D
10:36:44,MYOR,RG,2550,1,D,BK,BB,D
10:36:44,MYOR,RG,2550,11,D,BK,KZ,D
10:36:43,MYOR,RG,2550,12,F,CC,KZ,D
10:36:42,MYOR,RG,2550,7,D,BK,KZ,D
10:36:42,MYOR,RG,2550,4,D,BK,KZ,F
10:36:36,MYOR,RG,2550,9,D,BK,KZ,F
10:36:36,MYOR,RG,2550,15,D,BK,KZ,D
10:36:36,MYOR,RG,2550,2,D,YU,KZ,D
10:36:36,MYOR,RG,2550,5,D,YU,BB,D
10:36:36,MYOR,RG,2550,5,D,YU,BB,D
10:36:36,MYOR,RG,2550,5,D,YU,BB,D
10:36:36,MYOR,RG,2550,5,D,YU,BB,D
10:36:36,MYOR,RG,2550,5,D,YU,BB,D
10:36:36,MYOR,RG,2550,5,D,YU,BB,D
10:36:36,MYOR,RG,2550,5,D,YU,BB,D
10:36:36,MYOR,RG,2550,13,D,YU,KZ,F
10:36:31,MYOR,RG,2550,5,D,BK,KZ,F
10:36:31,MYOR,RG,2550,5,D,BK,OD,D
10:36:31,MYOR,RG,2550,2,D,BK,BB,D
10:36:31,MYOR,RG,2550,5,D,BK,BB,D
10:36:31,MYOR,RG,2550,2,D,BK,BB,D
10:36:31,MYOR,RG,2550,5,D,BK,BB,D
10:36:31,MYOR,RG,2550,2,D,BK,BB,D
10:36:31,MYOR,RG,2550,3,F,CC,BB,D
10:36:31,MYOR,RG,2550,4,F,CC,KZ,F
10:36:31,MYOR,RG,2550,27,F,CC,KZ,D
10:36:31,MYOR,RG,2550,5,F,CC,BB,D
10:36:31,MYOR,RG,2550,13,F,CC,KZ,D
10:36:31,MYOR,RG,2550,5,F,CC,BB,D
10:36:31,MYOR,RG,2550,5,F,CC,BB,D
10:36:27,MYOR,RG,2550,5,D,BK,BB,D
10:36:27,MYOR,RG,2550,5,D,BK,BB,D
10:36:27,MYOR,RG,2550,5,D,BK,BB,D
10:36:27,MYOR,RG,2550,5,D,BK,BB,D
10:36:27,MYOR,RG,2550,8,D,BK,KZ,F
10:36:27,MYOR,RG,2550,4,D,BK,BB,D
10:36:27,MYOR,RG,2550,6,D,BK,BB,D
10:36:27,MYOR,RG,2550,2,D,BK,BB,D
10:36:27,MYOR,RG,2550,1,D,BK,BB,D
10:36:25,MYOR,RG,2550,28,F,AK,BB,D
10:36:25,MYOR,RG,2550,1,F,AK,CC,D
10:36:25,MYOR,RG,2550,5,F,AK,BB,D
10:36:25,MYOR,RG,2550,5,F,AK,BB,D
10:36:25,MYOR,RG,2550,12,F,AK,KZ,F
10:36:24,MYOR,RG,2550,7,D,CS,KZ,F
10:36:24,MYOR,RG,2550,14,D,BK,KZ,F
10:36:24,MYOR,RG,2550,1,D,BK,BB,D
10:36:24,MYOR,RG,2550,5,D,BK,BB,D
10:36:24,MYOR,RG,2550,5,D,BK,BB,D
10:36:24,MYOR,RG,2550,5,D,BK,BB,D
10:36:24,MYOR,RG,2550,5,D,BK,BB,D
10:36:24,MYOR,RG,2550,5,D,BK,BB,D
10:36:24,MYOR,RG,2550,5,D,BK,BB,D
10:36:24,MYOR,RG,2550,5,D,BK,BB,D
10:36:24,MYOR,RG,2550,20,D,BK,KZ,D
10:36:24,MYOR,RG,2550,1,D,BK,BB,D
10:36:22,MYOR,RG,2550,41,F,AK,BB,D
10:36:22,MYOR,RG,2550,2,F,AK,XC,D
10:36:22,MYOR,RG,2550,1,F,AK,AK,F
10:36:22,MYOR,RG,2550,40,F,AK,KZ,D
10:36:22,MYOR,RG,2550,49,F,AK,KZ,F
10:36:21,MYOR,RG,2550,10,F,CC,KZ,F
10:36:21,MYOR,RG,2550,15,F,CC,BB,D
10:36:21,MYOR,RG,2550,43,F,CC,KZ,D
10:36:21,MYOR,RG,2550,4,F,CC,BB,D
10:36:21,MYOR,RG,2550,2,F,CC,BB,D
10:36:21,MYOR,RG,2550,6,F,CC,BB,D
10:36:20,MYOR,RG,2550,10,D,BK,BB,D
10:36:20,MYOR,RG,2550,4,D,BK,BB,D
10:36:20,MYOR,RG,2550,24,D,BK,BB,D
10:36:20,MYOR,RG,2550,5,D,BK,KZ,F
10:36:16,MYOR,RG,2550,4,F,AK,KZ,F
10:36:16,MYOR,RG,2550,1,F,AK,KZ,D
10:36:16,MYOR,RG,2550,1,F,AK,BB,D
10:36:16,MYOR,RG,2550,1,F,AK,BB,D
10:36:16,MYOR,RG,2550,1,F,AK,KZ,F
10:36:16,MYOR,RG,2550,64,F,AK,KZ,D
10:36:16,MYOR,RG,2550,61,F,AK,DR,D
10:36:16,MYOR,RG,2550,12,D,BK,DR,D
10:36:15,MYOR,RG,2550,9,F,CC,DR,D
10:36:15,MYOR,RG,2550,4,F,CC,KZ,D
10:36:15,MYOR,RG,2550,12,F,CC,KZ,F
10:36:01,MYOR,RG,2550,8,F,CC,KZ,F
10:35:41,MYOR,RG,2550,10,D,YP,KZ,F
10:35:38,MYOR,RG,2550,11,D,BK,KZ,F
10:35:33,MYOR,RG,2550,3,D,BK,KZ,F
10:35:33,MYOR,RG,2550,5,D,BK,BB,D
10:35:33,MYOR,RG,2550,4,D,BK,BB,D
10:35:31,MYOR,RG,2550,1,D,DR,BB,D
10:35:31,MYOR,RG,2550,5,D,DR,BB,D
10:35:31,MYOR,RG,2550,5,D,DR,BB,D
10:35:31,MYOR,RG,2550,5,D,DR,BB,D
10:35:31,MYOR,RG,2550,5,D,DR,BB,D
10:35:31,MYOR,RG,2550,5,D,DR,BB,D
10:35:31,MYOR,RG,2550,5,D,DR,BB,D
10:35:31,MYOR,RG,2550,5,D,DR,BB,D
10:35:31,MYOR,RG,2550,1,D,DR,PD,D
10:35:31,MYOR,RG,2550,1,D,DR,AK,F
10:35:31,MYOR,RG,2550,3,D,DR,KZ,F
10:35:31,MYOR,RG,2550,1,D,DR,KZ,D
10:35:31,MYOR,RG,2550,8,D,DR,PD,D
10:34:45,MYOR,RG,2550,12,D,BK,PD,D
10:34:42,MYOR,RG,2550,13,D,BK,PD,D
10:34:39,MYOR,RG,2550,12,D,BK,PD,D
10:34:39,MYOR,RG,2550,25,D,BK,KZ,D
10:34:39,MYOR,RG,2550,2,D,BK,KZ,D
10:34:38,MYOR,RG,2550,21,D,EP,KZ,D
10:34:38,MYOR,RG,2550,50,D,EP,KZ,F
10:34:38,MYOR,RG,2550,1,D,EP,BB,D
10:34:38,MYOR,RG,2550,43,D,EP,KZ,F
10:34:38,MYOR,RG,2550,20,D,EP,KZ,D
10:34:34,MYOR,RG,2550,11,D,BK,KZ,D
10:34:30,MYOR,RG,2550,13,D,BK,KZ,D
10:34:27,MYOR,RG,2550,13,D,BK,KZ,D
10:34:27,MYOR,RG,2550,5,D,BK,CC,D
10:34:27,MYOR,RG,2550,12,D,BK,BB,D
10:34:27,MYOR,RG,2550,11,D,BK,BB,D
10:34:23,MYOR,RG,2550,3,F,AK,BB,D
10:34:23,MYOR,RG,2550,3,F,AK,BB,D
10:34:23,MYOR,RG,2550,12,F,AK,BB,D
10:34:23,MYOR,RG,2550,1,F,AK,BB,D
10:34:23,MYOR,RG,2550,18,F,AK,KZ,F
10:34:23,MYOR,RG,2550,80,F,AK,BB,D
10:34:22,MYOR,RG,2550,10,D,BK,BB,D
10:34:17,MYOR,RG,2550,27,D,BK,BB,D
10:34:16,MYOR,RG,2550,37,D,PD,BB,D
10:34:16,MYOR,RG,2550,59,D,PD,KZ,D
10:34:07,MYOR,RG,2550,12,D,BK,KZ,D
10:34:02,MYOR,RG,2550,11,D,BK,KZ,D
10:33:58,MYOR,RG,2550,33,D,BK,KZ,D
10:33:57,MYOR,RG,2540,101,F,ZP,CC,D
10:33:46,MYOR,RG,2540,2,F,ZP,HP,D
10:32:53,MYOR,RG,2540,50,F,ZP,YP,D
10:32:25,MYOR,RG,2550,15,D,SQ,KZ,D
10:31:08,MYOR,RG,2540,1,F,ZP,YP,D
10:31:01,MYOR,RG,2540,1,F,ZP,AK,F
10:31:01,MYOR,RG,2550,84,D,BK,KZ,D
10:31:01,MYOR,RG,2550,126,D,BK,KZ,F
10:31:01,MYOR,RG,2550,1,D,BK,BB,D
10:31:01,MYOR,RG,2550,13,D,BK,BB,D
10:31:01,MYOR,RG,2550,11,D,BK,BB,D
10:31:01,MYOR,RG,2550,5,D,BK,BB,D
10:31:01,MYOR,RG,2550,3,D,BK,BB,D
10:31:01,MYOR,RG,2550,1,D,BK,AK,F
10:31:01,MYOR,RG,2550,62,D,BK,KZ,F
10:31:01,MYOR,RG,2550,63,D,BK,KZ,D
10:31:01,MYOR,RG,2550,106,D,BK,KZ,F
10:31:01,MYOR,RG,2550,1,D,BK,BB,D
10:31:01,MYOR,RG,2550,1,D,BK,BB,D
10:31:01,MYOR,RG,2550,1,D,BK,BB,D
10:31:01,MYOR,RG,2550,22,D,BK,KZ,D
10:30:55,MYOR,RG,2550,315,D,BK,KZ,D
10:30:55,MYOR,RG,2550,1,D,BK,AK,F
10:30:55,MYOR,RG,2550,110,D,BK,KZ,F
10:30:55,MYOR,RG,2550,44,D,BK,KZ,F
10:30:55,MYOR,RG,2550,16,D,BK,AK,F
10:30:55,MYOR,RG,2550,1,D,BK,BB,D
10:30:55,MYOR,RG,2550,13,D,BK,BB,D
10:30:53,MYOR,RG,2550,26,D,BK,BB,D
10:30:53,MYOR,RG,2550,8,D,BK,BB,D
10:30:53,MYOR,RG,2550,1,D,BK,BB,D
10:30:53,MYOR,RG,2550,2,D,BK,BB,D
10:30:53,MYOR,RG,2550,7,D,BK,BB,D
10:30:53,MYOR,RG,2550,19,D,BK,KZ,F
10:30:53,MYOR,RG,2550,59,D,BK,KZ,F
10:30:53,MYOR,RG,2550,2,D,BK,BB,D
10:30:53,MYOR,RG,2550,376,D,BK,KZ,D
10:30:07,MYOR,RG,2550,1,D,CS,KZ,D
10:30:07,MYOR,RG,2550,9,D,CS,KZ,D
10:30:07,MYOR,RG,2550,7,D,CS,KZ,D
10:30:07,MYOR,RG,2550,3,D,YP,KZ,D
10:30:07,MYOR,RG,2550,122,D,DR,KZ,D
10:30:07,MYOR,RG,2550,10,D,YP,KZ,D
10:30:07,MYOR,RG,2550,84,F,CC,KZ,D
10:30:07,MYOR,RG,2550,5,D,CS,KZ,D
10:30:07,MYOR,RG,2550,6,D,CS,KZ,D
10:30:07,MYOR,RG,2550,7,D,CS,KZ,D
10:30:07,MYOR,RG,2550,16,D,CS,KZ,D
10:30:07,MYOR,RG,2550,204,D,BK,KZ,D
10:29:51,MYOR,RG,2550,1,D,BK,BB,D
10:29:51,MYOR,RG,2550,1,D,BK,BB,D
10:29:51,MYOR,RG,2550,1,D,BK,BB,D
10:29:37,MYOR,RG,2550,1,D,BK,BB,D
10:29:37,MYOR,RG,2550,1,D,BK,BB,D
10:29:37,MYOR,RG,2550,1,D,BK,BB,D
10:29:30,MYOR,RG,2560,6,D,YP,KZ,F
10:29:30,MYOR,RG,2560,1,D,YP,AK,F
10:29:30,MYOR,RG,2560,1,D,YP,XC,D
10:29:30,MYOR,RG,2560,2,D,YP,KZ,F
10:29:29,MYOR,RG,2550,1,D,BK,BB,D
10:29:20,MYOR,RG,2550,15,D,BK,YP,D
10:28:51,MYOR,RG,2550,2,D,BK,BB,D
10:28:51,MYOR,RG,2550,1,D,BK,BB,D
10:28:39,MYOR,RG,2550,1,D,BK,BB,D
10:28:39,MYOR,RG,2550,4,D,BK,KZ,F
10:28:39,MYOR,RG,2550,8,D,BK,KZ,F
10:28:39,MYOR,RG,2550,1,D,BK,KZ,F
10:28:39,MYOR,RG,2550,4,D,BK,AK,F
10:28:39,MYOR,RG,2550,1,D,BK,AK,F
10:28:39,MYOR,RG,2550,2,D,BK,PC,D
10:26:30,MYOR,RG,2540,12,F,ZP,KK,D
10:26:30,MYOR,RG,2550,5,D,NI,KK,D
10:26:30,MYOR,RG,2550,3,D,MK,KK,D
10:26:27,MYOR,RG,2550,1,D,MK,BB,D
10:26:26,MYOR,RG,2550,1,D,MK,BB,D
10:26:21,MYOR,RG,2550,2,F,CC,BB,D
10:26:21,MYOR,RG,2550,3,D,PD,BB,D
10:26:18,MYOR,RG,2550,4,D,PD,BB,D
10:26:18,MYOR,RG,2550,21,D,PD,BB,D
10:26:18,MYOR,RG,2550,1,D,PD,BB,D
10:26:18,MYOR,RG,2550,1,D,PD,BB,D
10:26:14,MYOR,RG,2550,1,D,PD,BB,D
10:26:14,MYOR,RG,2550,2,D,PD,BB,D
10:26:11,MYOR,RG,2550,1,D,PD,BB,D
10:26:09,MYOR,RG,2560,29,F,SQ,KZ,F
10:26:09,MYOR,RG,2560,79,F,SQ,AK,F
10:26:09,MYOR,RG,2560,1,F,SQ,KZ,F
10:26:09,MYOR,RG,2560,2,F,SQ,AK,F
10:26:09,MYOR,RG,2560,25,F,SQ,KZ,F
10:26:09,MYOR,RG,2560,51,F,SQ,AK,F
10:26:09,MYOR,RG,2560,1,F,SQ,XC,D
10:26:09,MYOR,RG,2560,1,F,SQ,PD,D
10:26:09,MYOR,RG,2560,9,F,SQ,KZ,F
10:26:09,MYOR,RG,2560,2,F,SQ,PD,D
10:26:03,MYOR,RG,2550,1,D,PD,BB,D
10:25:55,MYOR,RG,2550,15,D,PD,BB,D
10:25:55,MYOR,RG,2550,1,D,CS,BB,D
10:25:55,MYOR,RG,2550,13,D,CS,BB,D
10:25:53,MYOR,RG,2550,1,D,CS,BB,D
10:25:53,MYOR,RG,2550,1,D,CS,BB,D
10:25:50,MYOR,RG,2550,1,D,CS,BB,D
10:25:46,MYOR,RG,2560,1,F,SQ,PD,D
10:25:46,MYOR,RG,2560,6,F,SQ,XC,D
10:25:46,MYOR,RG,2560,1,F,SQ,BB,D
10:25:46,MYOR,RG,2560,1,F,SQ,BB,D
10:25:46,MYOR,RG,2560,1,F,SQ,AK,F
10:25:46,MYOR,RG,2560,20,F,SQ,XL,D
10:25:46,MYOR,RG,2560,6,F,SQ,BB,D
10:25:46,MYOR,RG,2560,5,F,SQ,BB,D
10:25:46,MYOR,RG,2560,1,F,SQ,BB,D
10:25:46,MYOR,RG,2560,1,F,SQ,BB,D
10:25:46,MYOR,RG,2560,25,F,SQ,KZ,F
10:25:46,MYOR,RG,2560,26,F,SQ,BB,D
10:25:46,MYOR,RG,2560,55,F,SQ,KZ,F
10:25:46,MYOR,RG,2560,1,F,SQ,KZ,F
10:25:46,MYOR,RG,2560,15,F,SQ,KZ,F
10:25:46,MYOR,RG,2560,83,F,SQ,KZ,F
10:25:46,MYOR,RG,2560,14,F,SQ,AK,F
10:25:46,MYOR,RG,2560,10,F,SQ,CC,D
10:25:46,MYOR,RG,2560,1,F,SQ,NI,D
10:25:46,MYOR,RG,2560,8,F,SQ,AK,F
10:25:46,MYOR,RG,2560,2,F,SQ,PD,D
10:25:46,MYOR,RG,2560,1,F,SQ,CC,D
10:25:46,MYOR,RG,2560,16,F,SQ,CC,D
10:25:33,MYOR,RG,2550,2,F,AK,BQ,D
10:25:21,MYOR,RG,2550,1,F,AK,BB,D
10:25:14,MYOR,RG,2560,10,D,MK,CC,D
10:25:04,MYOR,RG,2550,1,F,AK,BB,D
10:25:04,MYOR,RG,2550,1,F,AK,BB,D
10:25:04,MYOR,RG,2560,1,D,PD,CC,D
10:24:58,MYOR,RG,2550,1,F,AK,BB,D
10:24:53,MYOR,RG,2550,8,F,AK,XL,D
10:24:15,MYOR,RG,2550,2,F,AK,BB,D
10:24:08,MYOR,RG,2560,18,D,YB,CC,D
10:24:08,MYOR,RG,2560,2,D,YB,KZ,F
10:24:06,MYOR,RG,2550,1,F,AK,BB,D
10:24:02,MYOR,RG,2550,2,F,AK,PD,D
10:23:57,MYOR,RG,2550,1,F,AK,XC,D
10:23:55,MYOR,RG,2550,5,F,AK,AZ,D
10:23:39,MYOR,RG,2550,2,F,AK,XL,D
10:23:21,MYOR,RG,2550,1,F,AK,BB,D
10:23:18,MYOR,RG,2550,1,F,AK,BB,D
10:23:18,MYOR,RG,2550,1,F,AK,BB,D
10:23:18,MYOR,RG,2550,1,F,AK,BB,D
10:23:12,MYOR,RG,2550,1,F,AK,BB,D
10:23:11,MYOR,RG,2550,2,F,AK,BB,D
10:23:09,MYOR,RG,2550,14,F,AK,BB,D
10:23:09,MYOR,RG,2550,1,F,AK,BB,D
10:23:09,MYOR,RG,2550,14,F,AK,BB,D
10:23:09,MYOR,RG,2550,1,F,AK,BB,D
10:23:09,MYOR,RG,2550,10,F,AK,BB,D
10:23:08,MYOR,RG,2550,1,F,AK,BB,D
10:23:08,MYOR,RG,2550,1,F,AK,BB,D
10:23:07,MYOR,RG,2550,3,F,AK,BB,D
10:23:07,MYOR,RG,2560,10,D,IU,KZ,F
10:23:06,MYOR,RG,2550,5,F,AK,GR,D
10:23:02,MYOR,RG,2550,21,F,BK,BB,D
10:23:02,MYOR,RG,2550,1,F,BK,BB,D
10:23:02,MYOR,RG,2550,4,F,BK,BB,D
10:23:02,MYOR,RG,2560,80,F,AK,KZ,F
10:23:02,MYOR,RG,2560,6,F,AK,PD,D
10:23:02,MYOR,RG,2560,6,F,AK,PD,D
10:23:02,MYOR,RG,2560,1,F,AK,NI,D
10:23:02,MYOR,RG,2560,4,F,AK,PD,D
10:23:02,MYOR,RG,2560,10,F,AK,XC,D
10:23:02,MYOR,RG,2560,10,F,AK,DH,D
10:23:02,MYOR,RG,2550,1,F,BK,BB,D
10:23:02,MYOR,RG,2550,55,F,BK,BB,D
10:23:02,MYOR,RG,2550,5,F,BK,BB,D
10:23:02,MYOR,RG,2550,1,F,BK,BB,D
10:23:02,MYOR,RG,2550,126,F,BK,BB,D
10:23:02,MYOR,RG,2550,19,D,CS,BB,D
10:23:02,MYOR,RG,2550,5,D,CS,BB,D
10:23:02,MYOR,RG,2550,128,F,ZP,BB,D
10:23:02,MYOR,RG,2550,1,F,ZP,BB,D
10:23:02,MYOR,RG,2550,3,F,ZP,BB,D
10:23:02,MYOR,RG,2550,1,F,ZP,BB,D
10:23:02,MYOR,RG,2560,1,D,CC,CC,D
10:23:02,MYOR,RG,2560,5,D,CC,XA,D
10:23:02,MYOR,RG,2560,5,D,CC,XC,D
10:23:02,MYOR,RG,2560,10,D,CC,XL,D
10:23:02,MYOR,RG,2560,10,D,CC,CC,D
10:23:02,MYOR,RG,2550,2,F,ZP,BB,D
10:23:02,MYOR,RG,2560,5,D,YB,CC,D
10:23:02,MYOR,RG,2560,2,D,YB,YP,D
10:23:02,MYOR,RG,2560,20,D,YB,PD,D
10:23:02,MYOR,RG,2560,1,D,YB,PD,D
10:23:02,MYOR,RG,2560,7,D,YB,KK,D
10:23:02,MYOR,RG,2560,13,D,YB,SQ,D
10:23:02,MYOR,RG,2550,20,F,ZP,EP,D
10:23:02,MYOR,RG,2560,7,D,CS,SQ,D
10:23:02,MYOR,RG,2560,7,D,CS,DH,D
10:23:02,MYOR,RG,2560,10,D,CS,BQ,D
10:23:02,MYOR,RG,2560,3,D,CS,DR,D
10:23:02,MYOR,RG,2560,10,D,CS,DH,D
10:23:01,MYOR,RG,2550,91,F,ZP,AK,F
10:23:01,MYOR,RG,2550,1000,F,ZP,IH,D
10:23:01,MYOR,RG,2550,64,F,ZP,KZ,F
10:23:01,MYOR,RG,2550,1,F,ZP,AK,F
10:23:01,MYOR,RG,2550,1,F,ZP,KZ,F
10:23:01,MYOR,RG,2550,66,F,ZP,KZ,F
10:23:01,MYOR,RG,2550,9,F,ZP,DH,D
10:23:01,MYOR,RG,2550,2,F,ZP,XL,D
10:23:01,MYOR,RG,2550,1,F,ZP,IF,D
10:23:01,MYOR,RG,2550,32,F,ZP,KZ,F
10:23:01,MYOR,RG,2550,1,F,ZP,BB,D
10:23:01,MYOR,RG,2550,5,F,ZP,BB,D
10:23:01,MYOR,RG,2550,1,F,ZP,BB,D
10:23:01,MYOR,RG,2550,7,F,ZP,BB,D
10:23:01,MYOR,RG,2550,4,F,ZP,BB,D
10:23:01,MYOR,RG,2550,16,F,ZP,BB,D
10:23:01,MYOR,RG,2550,13,F,ZP,BB,D
10:23:01,MYOR,RG,2550,1,F,ZP,BB,D
10:23:01,MYOR,RG,2550,11,F,ZP,AK,F
10:23:01,MYOR,RG,2550,62,F,ZP,AK,F
10:23:01,MYOR,RG,2550,58,F,ZP,BB,D
10:23:01,MYOR,RG,2550,10,F,ZP,KK,D
10:23:01,MYOR,RG,2550,29,F,ZP,BB,D
10:23:01,MYOR,RG,2550,1,F,ZP,PD,D
10:23:01,MYOR,RG,2550,10,F,ZP,XC,D
10:23:01,MYOR,RG,2550,91,F,ZP,KZ,F
10:23:01,MYOR,RG,2550,13,F,ZP,KZ,F
10:23:01,MYOR,RG,2550,3,F,ZP,XC,D
10:23:01,MYOR,RG,2550,5,F,ZP,OD,D
10:23:01,MYOR,RG,2550,1,F,ZP,CC,D
10:23:01,MYOR,RG,2550,1,F,ZP,SQ,D
10:23:01,MYOR,RG,2550,4,F,ZP,AK,F
10:23:01,MYOR,RG,2550,2,F,ZP,XC,D
10:23:01,MYOR,RG,2550,5,F,ZP,YP,D
10:23:01,MYOR,RG,2550,3,F,ZP,KK,D
10:23:01,MYOR,RG,2550,2,F,ZP,KK,D
10:23:01,MYOR,RG,2550,3,F,ZP,PD,D
10:23:01,MYOR,RG,2550,1,F,ZP,KK,D
10:23:01,MYOR,RG,2550,18,F,ZP,PD,D
10:23:01,MYOR,RG,2550,2,F,ZP,SQ,D
10:23:01,MYOR,RG,2550,50,F,ZP,KK,D
10:23:01,MYOR,RG,2550,1,F,ZP,XC,D
10:23:01,MYOR,RG,2550,152,F,ZP,KZ,F
10:23:01,MYOR,RG,2550,1,F,ZP,XL,D
10:23:01,MYOR,RG,2550,15,F,ZP,OD,D
10:23:01,MYOR,RG,2550,2,F,ZP,XC,D
10:23:01,MYOR,RG,2550,1,F,ZP,CC,D
10:23:01,MYOR,RG,2550,2,F,ZP,XC,D
10:23:01,MYOR,RG,2550,40,F,ZP,PD,D
10:23:01,MYOR,RG,2550,2,F,ZP,XC,D
10:23:01,MYOR,RG,2550,10,F,ZP,XC,D
10:23:01,MYOR,RG,2550,100,F,ZP,CC,D
10:23:01,MYOR,RG,2550,10,F,ZP,NI,D
10:23:01,MYOR,RG,2550,100,F,ZP,GR,D
10:23:01,MYOR,RG,2550,25,F,ZP,YP,D
10:23:01,MYOR,RG,2550,2,F,ZP,XC,D
10:23:01,MYOR,RG,2550,5,F,ZP,PD,D
10:23:01,MYOR,RG,2550,5,F,ZP,DX,D
10:23:01,MYOR,RG,2550,1,F,ZP,DH,D
10:23:01,MYOR,RG,2550,5,F,ZP,NI,D
10:23:01,MYOR,RG,2550,10,F,ZP,XC,D
10:23:01,MYOR,RG,2550,3,F,ZP,KK,D
10:23:01,MYOR,RG,2550,5,F,ZP,NI,D
10:23:01,MYOR,RG,2550,6,F,ZP,XC,D
10:23:01,MYOR,RG,2550,1,F,ZP,CC,D
10:23:01,MYOR,RG,2550,5,F,ZP,PD,D
10:23:01,MYOR,RG,2550,3,F,ZP,XL,D
10:23:01,MYOR,RG,2550,11,F,ZP,XC,D
10:23:01,MYOR,RG,2550,10,F,ZP,EP,D
10:23:01,MYOR,RG,2550,1,F,ZP,PD,D
10:23:01,MYOR,RG,2550,1,F,ZP,YP,D
10:23:01,MYOR,RG,2550,5,F,ZP,NI,D
10:23:01,MYOR,RG,2550,21,F,ZP,LG,D
10:23:01,MYOR,RG,2550,5,F,ZP,CC,D
10:23:01,MYOR,RG,2550,3,F,ZP,KK,D
10:23:01,MYOR,RG,2550,10,F,ZP,YP,D
10:23:01,MYOR,RG,2550,2,F,ZP,XC,D
10:23:01,MYOR,RG,2550,1,F,ZP,XC,D
10:23:01,MYOR,RG,2550,3,F,ZP,BB,D
10:23:01,MYOR,RG,2550,3,F,ZP,BB,D
10:23:01,MYOR,RG,2550,5,F,ZP,XL,D
10:23:01,MYOR,RG,2550,4,F,ZP,CC,D
10:23:01,MYOR,RG,2550,20,F,ZP,PD,D
10:23:01,MYOR,RG,2550,2,F,ZP,PD,D
10:23:01,MYOR,RG,2550,1,F,ZP,PD,D
10:23:01,MYOR,RG,2550,5,F,ZP,EP,D
10:23:01,MYOR,RG,2550,5,F,ZP,EP,D
10:23:01,MYOR,RG,2550,1,F,ZP,SQ,D
10:23:01,MYOR,RG,2550,38,F,ZP,CP,D
10:23:01,MYOR,RG,2550,1,F,ZP,AT,D
10:23:01,MYOR,RG,2550,46,F,ZP,EP,D
10:23:01,MYOR,RG,2550,2,F,ZP,SQ,D
10:23:01,MYOR,RG,2550,4,F,ZP,BB,D
10:23:01,MYOR,RG,2550,61,F,ZP,BB,D
10:23:01,MYOR,RG,2550,294,F,ZP,BB,D
10:23:01,MYOR,RG,2550,68,F,ZP,BB,D
10:22:19,MYOR,RG,2540,2,F,ZP,DH,D
10:21:54,MYOR,RG,2540,10,F,ZP,NI,D
10:21:23,MYOR,RG,2540,33,F,ZP,CC,D
10:20:59,MYOR,RG,2540,6,F,ZP,PD,D
10:20:34,MYOR,RG,2540,12,F,ZP,YP,D
10:20:22,MYOR,RG,2540,5,F,ZP,PD,D
10:19:59,MYOR,RG,2540,2,F,ZP,IF,D
10:18:01,MYOR,RG,2540,1,F,ZP,AK,F
10:18:01,MYOR,RG,2540,1,F,ZP,AK,F
10:18:01,MYOR,RG,2540,51,F,ZP,AK,F
10:18:01,MYOR,RG,2550,1,D,PD,BB,D
10:18:01,MYOR,RG,2550,2,D,CS,BB,D
10:18:01,MYOR,RG,2550,16,D,CS,BB,D
10:18:01,MYOR,RG,2540,1,F,ZP,CC,D
10:18:01,MYOR,RG,2540,48,F,ZP,KZ,F
10:18:01,MYOR,RG,2540,41,F,ZP,KZ,F
10:18:01,MYOR,RG,2540,1,F,ZP,KZ,F
10:18:01,MYOR,RG,2540,200,F,ZP,LG,D
10:18:01,MYOR,RG,2540,2,F,ZP,KZ,F
10:18:01,MYOR,RG,2540,5,F,ZP,PD,D
10:18:01,MYOR,RG,2540,27,F,ZP,KZ,F
10:18:01,MYOR,RG,2540,17,F,ZP,BB,D
10:18:01,MYOR,RG,2540,19,F,ZP,AK,F
10:18:01,MYOR,RG,2540,1,F,ZP,AK,F
10:18:01,MYOR,RG,2540,1,F,ZP,XC,D
10:18:01,MYOR,RG,2540,1,F,ZP,NI,D
10:18:01,MYOR,RG,2540,68,F,ZP,KZ,F
10:18:01,MYOR,RG,2540,1,F,ZP,AK,F
10:18:01,MYOR,RG,2540,50,F,ZP,CC,D
10:18:01,MYOR,RG,2540,20,F,ZP,PD,D
10:18:01,MYOR,RG,2540,6,F,ZP,AK,F
10:15:21,MYOR,RG,2540,9,D,CS,AK,F
10:15:21,MYOR,RG,2540,1,D,CS,KZ,F
10:15:21,MYOR,RG,2540,1,D,CS,YP,D
10:15:21,MYOR,RG,2540,2,D,CS,KZ,F
10:15:21,MYOR,RG,2540,6,D,CS,BB,D
10:15:21,MYOR,RG,2540,3,D,CS,AK,F
10:15:21,MYOR,RG,2540,4,D,CS,KZ,F
10:15:21,MYOR,RG,2540,20,D,CS,YP,D
10:15:09,MYOR,RG,2530,1,F,ZP,YB,D
10:14:46,MYOR,RG,2530,1,F,ZP,XC,D
10:13:42,MYOR,RG,2530,6,F,ZP,EP,D
10:13:42,MYOR,RG,2530,4,F,ZP,EP,D
10:13:42,MYOR,RG,2530,3,F,ZP,EP,D
10:13:42,MYOR,RG,2530,2,F,ZP,EP,D
10:13:42,MYOR,RG,2530,3,F,ZP,EP,D
10:13:42,MYOR,RG,2530,4,F,ZP,EP,D
10:13:42,MYOR,RG,2530,4,F,ZP,EP,D
10:13:42,MYOR,RG,2530,3,F,ZP,EP,D
10:13:42,MYOR,RG,2530,5,F,ZP,EP,D
10:13:42,MYOR,RG,2530,3,F,ZP,EP,D
10:13:42,MYOR,RG,2530,4,F,ZP,EP,D
10:13:42,MYOR,RG,2530,3,F,ZP,EP,D
10:13:42,MYOR,RG,2530,3,F,ZP,EP,D
10:13:42,MYOR,RG,2530,4,F,ZP,EP,D
10:13:42,MYOR,RG,2530,1,F,ZP,EP,D
10:10:44,MYOR,RG,2530,3,F,ZP,DR,D
10:10:29,MYOR,RG,2530,200,F,ZP,LG,D
10:09:01,MYOR,RG,2540,2,D,CS,KZ,F
10:09:01,MYOR,RG,2540,7,D,CS,BB,D
10:09:01,MYOR,RG,2540,2,D,CS,AK,F
10:09:01,MYOR,RG,2540,1,D,CS,AK,F
10:09:01,MYOR,RG,2540,2,D,CS,AK,F
10:09:01,MYOR,RG,2540,1,D,CS,KZ,F
10:06:59,MYOR,RG,2540,28,F,AK,KZ,F
10:06:59,MYOR,RG,2540,10,F,AK,AK,F
10:06:59,MYOR,RG,2540,1,F,AK,SQ,D
10:06:59,MYOR,RG,2540,1,F,AK,YP,D
10:06:59,MYOR,RG,2540,3,F,AK,KZ,F
10:06:59,MYOR,RG,2540,23,F,AK,XC,D
10:06:59,MYOR,RG,2540,1,F,AK,EP,D
10:06:59,MYOR,RG,2540,9,F,AK,BB,D
10:06:59,MYOR,RG,2540,60,F,AK,CC,D
10:06:59,MYOR,RG,2540,10,F,AK,CC,D
10:06:59,MYOR,RG,2540,5,F,AK,CC,D
10:06:59,MYOR,RG,2530,1,F,ZP,AK,F
10:06:59,MYOR,RG,2530,21,F,ZP,AK,F
10:06:58,MYOR,RG,2540,5,D,CS,CC,D
10:06:58,MYOR,RG,2540,1,D,CS,XC,D
10:06:58,MYOR,RG,2540,5,D,CS,NI,D
10:06:58,MYOR,RG,2540,25,D,CS,KZ,F
10:06:58,MYOR,RG,2540,1,D,CS,NI,D
10:06:58,MYOR,RG,2540,1,D,CS,CC,D
10:06:58,MYOR,RG,2540,15,D,CS,KZ,F
10:06:58,MYOR,RG,2540,1,D,CS,PD,D
10:06:58,MYOR,RG,2540,23,D,CS,AK,F
10:06:58,MYOR,RG,2530,1,F,ZP,CC,D
10:06:58,MYOR,RG,2530,16,F,ZP,SQ,D
10:06:58,MYOR,RG,2530,1,F,ZP,EP,D
10:06:58,MYOR,RG,2530,2,F,ZP,AK,F
10:06:58,MYOR,RG,2530,20,F,ZP,YP,D
10:06:58,MYOR,RG,2530,6,F,ZP,NI,D
10:06:58,MYOR,RG,2530,3,F,ZP,KZ,F
10:06:58,MYOR,RG,2530,2,F,ZP,XC,D
10:06:58,MYOR,RG,2530,1,F,ZP,AK,F
10:06:58,MYOR,RG,2530,5,F,ZP,SQ,D
10:06:58,MYOR,RG,2530,12,F,ZP,KZ,F
10:06:58,MYOR,RG,2530,39,F,ZP,XC,D
10:06:58,MYOR,RG,2530,1,F,ZP,AK,F
10:06:58,MYOR,RG,2530,1,F,ZP,AK,F
10:06:58,MYOR,RG,2530,5,F,ZP,CC,D
10:06:58,MYOR,RG,2530,2,F,ZP,KZ,F
10:06:58,MYOR,RG,2530,19,F,ZP,AK,F
10:06:58,MYOR,RG,2530,4,F,ZP,BB,D
10:06:58,MYOR,RG,2530,200,F,ZP,EP,D
10:06:58,MYOR,RG,2530,7,F,ZP,KZ,F
10:06:58,MYOR,RG,2530,4,F,ZP,KZ,F
10:06:58,MYOR,RG,2530,18,F,ZP,KZ,F
10:06:15,MYOR,RG,2520,1,D,BK,AK,F
10:06:15,MYOR,RG,2520,14,D,BK,BB,D
10:05:29,MYOR,RG,2520,34,D,BK,PD,D
10:05:29,MYOR,RG,2520,26,D,BK,PD,D
10:04:08,MYOR,RG,2530,1,D,IF,PD,D
10:04:00,MYOR,RG,2520,9,D,BK,PD,D
10:02:05,MYOR,RG,2520,1,D,BK,XC,D
10:01:58,MYOR,RG,2520,13,D,BK,BB,D
10:01:11,MYOR,RG,2520,35,D,BK,PD,D
10:00:10,MYOR,RG,2520,4,D,BK,XC,D
09:59:06,MYOR,RG,2520,1,D,BK,XL,D
09:59:02,MYOR,RG,2520,11,D,BK,XC,D
09:59:02,MYOR,RG,2520,31,F,CC,XC,D
09:58:58,MYOR,RG,2520,1,F,CC,PD,D
09:58:06,MYOR,RG,2520,2,F,CC,XC,D
09:57:41,MYOR,RG,2520,14,F,CC,BB,D
09:57:34,MYOR,RG,2520,10,F,CC,KK,D
09:56:42,MYOR,RG,2520,85,F,CC,KK,D
09:53:23,MYOR,RG,2520,7,F,CC,BB,D
09:49:06,MYOR,RG,2520,4,D,BK,PD,D
09:48:07,MYOR,RG,2520,1,D,BK,XC,D
09:44:26,MYOR,RG,2520,1,D,BK,YP,D
09:44:00,MYOR,RG,2520,4,D,BK,AK,F
09:44:00,MYOR,RG,2520,3,D,BK,AK,F
09:44:00,MYOR,RG,2520,6,D,BK,KZ,F
09:44:00,MYOR,RG,2520,23,D,BK,KZ,F
09:44:00,MYOR,RG,2520,18,D,BK,BB,D
09:44:00,MYOR,RG,2520,1,D,BK,AK,F
09:44:00,MYOR,RG,2520,1,D,BK,AK,F
09:44:00,MYOR,RG,2520,1,D,BK,AK,F
09:44:00,MYOR,RG,2520,1,D,BK,AK,F
09:44:00,MYOR,RG,2520,5,D,BK,XC,D
09:44:00,MYOR,RG,2520,31,D,BK,KZ,F
09:43:59,MYOR,RG,2520,14,F,CC,KZ,F
09:43:57,MYOR,RG,2520,2,D,BK,KZ,F
09:43:57,MYOR,RG,2520,12,D,BK,BB,D
09:43:57,MYOR,RG,2520,3,D,BK,AK,F
09:43:57,MYOR,RG,2520,1,D,BK,AK,F
09:43:57,MYOR,RG,2520,1,D,BK,AK,F
09:43:57,MYOR,RG,2520,6,D,BK,AK,F
09:43:57,MYOR,RG,2520,75,D,BK,PD,D
09:43:54,MYOR,RG,2520,5,D,BK,PD,D
09:43:54,MYOR,RG,2520,21,D,BK,AK,F
09:43:54,MYOR,RG,2520,20,D,BK,CC,F
09:43:54,MYOR,RG,2520,1,D,BK,KZ,F
09:43:54,MYOR,RG,2520,12,D,BK,BB,D
09:43:54,MYOR,RG,2520,1,D,BK,KZ,F
09:43:54,MYOR,RG,2520,1,D,BK,AK,F
09:43:54,MYOR,RG,2520,1,D,BK,AK,F
09:43:54,MYOR,RG,2520,4,D,BK,KZ,F
09:43:54,MYOR,RG,2520,21,D,BK,KZ,F
09:43:54,MYOR,RG,2520,13,D,BK,KZ,F
09:43:14,MYOR,RG,2520,2,F,CC,KZ,F
09:42:54,MYOR,RG,2520,16,F,CC,KZ,F
09:42:54,MYOR,RG,2520,4,F,CC,KZ,F
09:42:54,MYOR,RG,2520,2,F,CC,AK,F
09:42:54,MYOR,RG,2520,3,F,CC,AK,F
09:42:48,MYOR,RG,2520,1,F,CC,AK,F
09:42:48,MYOR,RG,2520,6,F,CC,PD,D
09:42:24,MYOR,RG,2520,9,F,CC,PD,D
09:41:48,MYOR,RG,2520,1,D,IF,PD,D
09:41:48,MYOR,RG,2520,18,F,CC,PD,D
09:41:48,MYOR,RG,2520,16,D,BK,PD,D
09:41:13,MYOR,RG,2520,34,D,BK,GR,D
09:41:13,MYOR,RG,2520,2,D,PD,GR,D
09:41:13,MYOR,RG,2520,5,D,PD,GR,D
09:41:13,MYOR,RG,2520,5,D,DR,GR,D
09:41:13,MYOR,RG,2520,31,F,CC,GR,D
09:41:13,MYOR,RG,2520,100,D,MG,GR,D
09:41:13,MYOR,RG,2520,5,D,TF,GR,D
09:41:13,MYOR,RG,2520,1,D,XC,GR,D
09:41:13,MYOR,RG,2520,1,D,YP,GR,D
09:41:13,MYOR,RG,2520,5,D,YP,GR,D
09:41:13,MYOR,RG,2520,11,D,BK,GR,D
09:40:18,MYOR,RG,2520,2,D,BK,BB,D
09:37:05,MYOR,RG,2520,37,D,BK,CC,D
09:37:05,MYOR,RG,2520,3,D,NI,CC,D
09:35:39,MYOR,RG,2520,2,D,NI,XC,D
09:35:39,MYOR,RG,2520,9,D,SQ,XC,D
09:35:39,MYOR,RG,2530,1,D,YP,XC,D
09:34:54,MYOR,RG,2540,3,D,PD,AK,F
09:34:39,MYOR,RG,2540,62,D,PD,AK,F
09:34:39,MYOR,RG,2540,10,D,PD,XA,D
09:34:39,MYOR,RG,2540,2,D,PD,XC,D
09:34:39,MYOR,RG,2540,53,D,PD,KZ,F
09:34:39,MYOR,RG,2540,11,D,PD,AZ,D
09:34:39,MYOR,RG,2540,22,D,PD,XC,D
09:34:39,MYOR,RG,2540,50,D,PD,CC,D
09:34:39,MYOR,RG,2540,3,D,PD,CC,D
09:34:39,MYOR,RG,2540,17,D,PD,XL,D
09:34:39,MYOR,RG,2540,10,D,PD,PD,D
09:34:39,MYOR,RG,2540,3,D,PD,XC,D
09:34:39,MYOR,RG,2540,120,D,PD,PD,D
09:34:39,MYOR,RG,2540,1,D,PD,PD,D
09:34:22,MYOR,RG,2530,1,D,PD,AK,F
09:34:22,MYOR,RG,2530,2,D,PD,AK,F
09:34:22,MYOR,RG,2530,1,D,PD,KZ,F
09:34:22,MYOR,RG,2530,11,D,PD,AZ,D
09:34:22,MYOR,RG,2530,1,D,PD,KZ,F
09:34:22,MYOR,RG,2530,13,D,PD,BB,D
09:34:22,MYOR,RG,2530,11,D,PD,KZ,F
09:34:22,MYOR,RG,2530,1,D,PD,AK,F
09:34:22,MYOR,RG,2530,4,D,PD,AK,F
09:34:22,MYOR,RG,2530,1,D,PD,KZ,F
09:34:22,MYOR,RG,2530,1,D,PD,AK,F
09:34:22,MYOR,RG,2530,3,D,PD,AK,F
09:34:22,MYOR,RG,2530,43,D,PD,KZ,F
09:34:22,MYOR,RG,2530,2,D,PD,AZ,D
09:34:22,MYOR,RG,2530,3,D,PD,AZ,D
09:34:22,MYOR,RG,2530,8,D,PD,KZ,F
09:34:22,MYOR,RG,2530,4,D,PD,BK,F
09:33:37,MYOR,RG,2530,8,D,PD,BK,F
09:32:32,MYOR,RG,2530,5,D,YP,BK,F
09:32:11,MYOR,RG,2530,54,D,AG,BK,F
09:32:11,MYOR,RG,2530,1,D,AG,KZ,F
09:32:11,MYOR,RG,2530,7,D,AG,PD,D
09:32:11,MYOR,RG,2530,6,D,AG,BB,D
09:32:11,MYOR,RG,2530,2,D,AG,KZ,F
09:32:11,MYOR,RG,2530,10,D,AG,AK,F
09:32:11,MYOR,RG,2530,5,D,AG,XL,D
09:32:11,MYOR,RG,2530,1,D,AG,AK,F
09:32:11,MYOR,RG,2530,9,D,AG,KZ,F
09:30:51,MYOR,RG,2520,1,D,SQ,AT,D
09:30:51,MYOR,RG,2520,5,F,CC,AT,D
09:30:18,MYOR,RG,2520,1,F,CC,XC,D
09:29:14,MYOR,RG,2520,2,D,BK,PD,D
09:26:04,MYOR,RG,2520,1,D,BK,AK,F
09:26:04,MYOR,RG,2520,4,D,BK,XC,D
09:26:04,MYOR,RG,2520,4,D,BK,KZ,F
09:26:04,MYOR,RG,2520,16,D,BK,KZ,F
09:26:04,MYOR,RG,2520,10,D,BK,BB,D
09:26:04,MYOR,RG,2520,2,D,BK,AK,F
09:26:04,MYOR,RG,2520,7,D,BK,AK,F
09:26:04,MYOR,RG,2520,4,D,BK,KZ,F
09:25:59,MYOR,RG,2510,2,D,BK,AK,F
09:25:58,MYOR,RG,2520,6,D,BK,KZ,F
09:25:58,MYOR,RG,2520,40,D,BK,XC,D
09:25:58,MYOR,RG,2520,1,D,BK,XC,D
09:25:58,MYOR,RG,2520,3,D,BK,KZ,F
09:25:55,MYOR,RG,2520,20,D,BK,KZ,F
09:25:55,MYOR,RG,2520,2,D,BK,KZ,F
09:25:55,MYOR,RG,2520,1,D,BK,AK,F
09:25:55,MYOR,RG,2520,5,D,BK,KZ,F
09:25:55,MYOR,RG,2520,4,D,BK,BB,D
09:25:55,MYOR,RG,2520,1,D,BK,AK,F
09:25:55,MYOR,RG,2520,17,D,BK,YP,D
09:25:29,MYOR,RG,2510,9,D,BK,BB,D
09:25:24,MYOR,RG,2510,2,D,BK,CC,D
09:25:20,MYOR,RG,2510,8,D,BK,YP,D
09:22:24,MYOR,RG,2510,3,D,BK,BB,D
09:20:53,MYOR,RG,2520,10,D,DR,YP,D
09:20:33,MYOR,RG,2520,3,D,DR,AK,F
09:20:33,MYOR,RG,2520,7,D,DR,BB,D
09:20:33,MYOR,RG,2520,1,D,DR,KZ,F
09:20:33,MYOR,RG,2520,2,D,DR,KZ,F
09:20:33,MYOR,RG,2520,4,D,DR,AK,F
09:20:33,MYOR,RG,2520,28,D,DR,CC,D
09:20:28,MYOR,RG,2520,2,D,CC,CC,D
09:20:28,MYOR,RG,2520,4,D,KK,CC,D
09:20:28,MYOR,RG,2520,1,D,YP,CC,D
09:20:28,MYOR,RG,2520,1,D,DR,CC,D
09:20:28,MYOR,RG,2520,22,D,YP,CC,D
09:19:43,MYOR,RG,2520,3,D,YP,XC,D
09:19:43,MYOR,RG,2520,1,D,PD,XC,D
09:19:43,MYOR,RG,2520,1,D,YP,XC,D
09:19:43,MYOR,RG,2520,18,D,BK,XC,D
09:19:12,MYOR,RG,2520,8,D,BK,BB,D
09:16:51,MYOR,RG,2520,1,D,BK,XC,D
09:16:50,MYOR,RG,2520,1,D,BK,YP,D
09:15:29,MYOR,RG,2520,2,D,BK,NI,D
09:14:12,MYOR,RG,2530,1,D,YP,CC,D
09:14:05,MYOR,RG,2530,1,D,YP,CC,D
09:13:37,MYOR,RG,2520,1,D,BK,YP,D
09:13:37,MYOR,RG,2520,7,D,BK,BB,D
09:13:37,MYOR,RG,2520,12,D,BK,KZ,F
09:13:34,MYOR,RG,2520,34,D,BK,KZ,F
09:13:34,MYOR,RG,2520,8,D,BK,KZ,F
09:13:34,MYOR,RG,2520,1,D,BK,AK,F
09:13:34,MYOR,RG,2520,7,D,BK,KZ,F
09:13:32,MYOR,RG,2520,3,D,BK,KZ,F
09:13:32,MYOR,RG,2520,39,D,BK,KZ,F
09:13:32,MYOR,RG,2520,8,D,BK,AK,F
09:12:03,MYOR,RG,2520,32,D,NI,AK,F
09:12:03,MYOR,RG,2520,47,D,NI,CC,F
09:11:56,MYOR,RG,2520,47,D,BK,AK,F
09:11:56,MYOR,RG,2520,29,D,DR,AK,F
09:11:52,MYOR,RG,2520,4,D,DR,YP,D
09:11:52,MYOR,RG,2520,22,D,MG,YP,D
09:11:52,MYOR,RG,2520,43,D,DR,YP,D
09:11:52,MYOR,RG,2520,31,D,BK,YP,D
09:10:39,MYOR,RG,2520,7,D,BK,EP,D
09:10:27,MYOR,RG,2520,10,D,BK,YP,D
09:10:09,MYOR,RG,2520,11,D,BK,AK,F
09:09:56,MYOR,RG,2520,1,D,XC,AK,F
09:09:52,MYOR,RG,2530,110,F,AK,AK,F
09:09:52,MYOR,RG,2530,9,F,AK,AK,F
09:09:52,MYOR,RG,2530,46,D,BK,AK,F
09:09:47,MYOR,RG,2530,46,D,BK,AK,F
09:09:45,MYOR,RG,2530,46,D,BK,AK,F
09:09:45,MYOR,RG,2530,31,D,DR,AK,F
09:09:40,MYOR,RG,2530,5,D,DR,AK,F
09:09:40,MYOR,RG,2530,20,D,DR,KZ,F
09:09:39,MYOR,RG,2530,22,D,BK,AK,F
09:09:39,MYOR,RG,2530,1,D,BK,AK,F
09:09:39,MYOR,RG,2530,2,D,BK,KZ,F
09:09:39,MYOR,RG,2530,6,D,BK,AK,F
09:09:36,MYOR,RG,2530,30,F,AK,AK,F
09:09:36,MYOR,RG,2530,1,F,AK,AK,F
09:09:36,MYOR,RG,2530,3,F,AK,KZ,F
09:09:36,MYOR,RG,2530,11,F,AK,KZ,F
09:09:36,MYOR,RG,2530,50,F,AK,CC,D
09:09:36,MYOR,RG,2530,6,F,AK,KZ,F
09:09:36,MYOR,RG,2530,3,F,AK,XL,D
09:09:36,MYOR,RG,2530,2,F,AK,XL,D
09:09:36,MYOR,RG,2530,4,F,AK,PD,D
09:09:36,MYOR,RG,2530,11,F,AK,PD,D
09:09:28,MYOR,RG,2520,4,D,BK,BB,D
09:09:28,MYOR,RG,2520,4,D,BK,AK,F
09:09:28,MYOR,RG,2520,2,D,BK,KZ,F
09:09:28,MYOR,RG,2520,7,D,BK,KZ,F
09:09:26,MYOR,RG,2520,5,D,DR,KZ,F
09:09:26,MYOR,RG,2520,2,D,DR,BB,D
09:09:26,MYOR,RG,2520,6,D,DR,AK,F
09:09:26,MYOR,RG,2520,2,D,DR,KZ,F
09:09:26,MYOR,RG,2520,3,D,DR,KZ,F
09:09:26,MYOR,RG,2520,2,D,DR,AK,F
09:09:26,MYOR,RG,2520,5,D,DR,KZ,F
09:09:26,MYOR,RG,2520,9,D,DR,NI,D
09:09:10,MYOR,RG,2520,11,D,BK,NI,D
09:09:10,MYOR,RG,2520,1,D,BK,BB,D
09:09:10,MYOR,RG,2520,1,D,BK,AK,F
09:09:10,MYOR,RG,2520,3,D,BK,KZ,F
09:08:50,MYOR,RG,2520,18,D,BK,KZ,F
09:08:50,MYOR,RG,2520,2,D,BK,AK,F
09:08:50,MYOR,RG,2520,1,D,BK,KZ,F
09:08:50,MYOR,RG,2520,1,D,BK,KZ,F
09:08:50,MYOR,RG,2520,3,D,BK,KZ,F
09:08:19,MYOR,RG,2520,10,D,BK,KZ,F
09:08:19,MYOR,RG,2520,1,D,BK,AK,F
09:08:19,MYOR,RG,2520,2,D,BK,AK,F
09:08:19,MYOR,RG,2520,10,D,BK,XL,D
09:08:19,MYOR,RG,2520,3,D,BK,KZ,F
09:08:19,MYOR,RG,2520,5,D,BK,BB,D
09:08:19,MYOR,RG,2520,1,D,BK,XC,D
09:08:06,MYOR,RG,2500,20,D,DR,YP,D
09:08:04,MYOR,RG,2510,4,D,BK,BB,D
09:08:04,MYOR,RG,2510,1,D,BK,AK,F
09:08:04,MYOR,RG,2510,5,D,BK,AK,F
09:08:04,MYOR,RG,2510,5,D,BK,KZ,F
09:07:43,MYOR,RG,2510,2,D,GR,KZ,F
09:07:40,MYOR,RG,2510,4,D,BK,KZ,F
09:07:40,MYOR,RG,2510,7,D,BK,BB,D
09:07:40,MYOR,RG,2510,2,D,BK,AZ,D
09:07:40,MYOR,RG,2510,8,D,BK,KZ,F
09:07:40,MYOR,RG,2510,3,D,BK,KZ,F
09:07:40,MYOR,RG,2510,1,D,BK,AK,F
09:07:40,MYOR,RG,2510,1,D,BK,AK,F
09:07:40,MYOR,RG,2510,2,D,BK,NI,D
09:07:39,MYOR,RG,2510,1,D,YB,NI,D
09:07:33,MYOR,RG,2510,1,D,XC,NI,D
09:07:24,MYOR,RG,2510,1,D,CC,NI,D
09:07:24,MYOR,RG,2510,3,D,CC,AK,F
09:07:23,MYOR,RG,2510,14,D,BK,AK,F
09:07:20,MYOR,RG,2500,6,D,DR,BB,D
09:07:19,MYOR,RG,2510,1,D,YP,AK,F
09:07:12,MYOR,RG,2510,6,D,BK,AK,F
09:07:12,MYOR,RG,2510,1,D,BK,XC,D
09:07:12,MYOR,RG,2510,9,D,BK,KZ,F
09:07:12,MYOR,RG,2510,1,D,BK,BB,D
09:06:58,MYOR,RG,2510,15,D,BK,KZ,F
09:06:41,MYOR,RG,2510,19,D,BK,AK,F
09:06:36,MYOR,RG,2500,4,D,DR,YP,D
09:06:24,MYOR,RG,2500,1,D,DR,XC,D
09:06:23,MYOR,RG,2510,7,D,CC,AK,F
09:06:23,MYOR,RG,2500,12,D,DR,KZ,F
09:06:20,MYOR,RG,2500,18,D,DR,EP,D
09:06:20,MYOR,RG,2500,5,D,AZ,EP,D
09:06:20,MYOR,RG,2500,2,D,PD,EP,D
09:06:20,MYOR,RG,2500,10,D,SQ,EP,D
09:06:20,MYOR,RG,2500,10,D,YP,EP,D
09:06:20,MYOR,RG,2500,5,D,BK,EP,D
09:06:03,MYOR,RG,2500,2,D,BK,KZ,F
09:06:03,MYOR,RG,2500,2,D,BK,KZ,F
09:06:03,MYOR,RG,2500,15,D,BK,KZ,F
09:06:03,MYOR,RG,2500,3,D,NI,KZ,F
09:06:03,MYOR,RG,2500,8,D,YB,KZ,F
09:06:03,MYOR,RG,2500,1,D,YB,KZ,F
09:06:01,MYOR,RG,2510,28,D,BK,AK,F
09:05:47,MYOR,RG,2510,13,D,BK,AK,F
09:05:41,MYOR,RG,2500,100,D,YB,YP,D
09:05:27,MYOR,RG,2500,1,D,YB,AK,F
09:05:27,MYOR,RG,2510,4,D,BK,AK,F
09:05:27,MYOR,RG,2510,2,D,BK,KZ,F
09:05:27,MYOR,RG,2510,1,D,BK,AK,F
09:05:27,MYOR,RG,2510,7,D,BK,AK,F
09:05:27,MYOR,RG,2510,2,D,BK,KZ,F
09:05:27,MYOR,RG,2510,8,D,BK,KZ,F
09:05:16,MYOR,RG,2500,6,D,YB,XC,D
09:05:11,MYOR,RG,2500,1,D,YB,AK,F
09:05:09,MYOR,RG,2510,14,D,BK,KZ,F
09:05:09,MYOR,RG,2510,10,D,BK,KZ,F
09:05:09,MYOR,RG,2500,1,D,YB,YB,D
09:05:00,MYOR,RG,2500,9,D,YB,PD,D
09:04:54,MYOR,RG,2500,23,D,YB,AK,F
09:04:51,MYOR,RG,2510,1,D,BK,KZ,F
09:04:51,MYOR,RG,2510,13,D,BK,KZ,F
09:04:51,MYOR,RG,2510,1,D,BK,AK,F
09:04:51,MYOR,RG,2510,1,D,BK,AK,F
09:04:51,MYOR,RG,2510,6,D,BK,HP,D
09:04:47,MYOR,RG,2500,50,D,YB,XC,D
09:04:47,MYOR,RG,2500,1,D,DR,XC,D
09:04:47,MYOR,RG,2500,1,D,YP,XC,D
09:04:41,MYOR,RG,2510,9,D,BK,HP,D
09:04:35,MYOR,RG,2510,1,D,BK,AK,F
09:04:34,MYOR,RG,2520,20,D,YB,BK,F
09:04:27,MYOR,RG,2510,10,D,BK,NI,D
09:04:23,MYOR,RG,2520,14,D,BK,BK,F
09:04:23,MYOR,RG,2520,1,D,BK,PD,D
09:04:17,MYOR,RG,2520,1,D,BK,AK,F
09:04:17,MYOR,RG,2520,1,D,BK,KZ,F
09:04:17,MYOR,RG,2520,1,D,BK,KZ,F
09:04:17,MYOR,RG,2520,6,D,BK,KZ,F
09:04:17,MYOR,RG,2520,1,D,BK,EP,D
09:04:09,MYOR,RG,2510,3,D,BK,YP,D
09:04:00,MYOR,RG,2520,15,D,BK,EP,D
09:03:55,MYOR,RG,2520,14,D,BK,EP,D
09:03:53,MYOR,RG,2510,2,D,BK,KZ,F
09:03:53,MYOR,RG,2510,1,D,BK,PD,D
09:03:42,MYOR,RG,2500,1,F,AK,PD,D
09:03:42,MYOR,RG,2500,100,F,AK,YP,D
09:03:42,MYOR,RG,2500,2,F,AK,KZ,F
09:03:42,MYOR,RG,2500,3,F,AK,KZ,F
09:03:42,MYOR,RG,2500,1,F,AK,KZ,F
09:03:42,MYOR,RG,2500,12,F,AK,KZ,F
09:03:42,MYOR,RG,2500,2,F,AK,BB,D
09:03:42,MYOR,RG,2500,13,F,AK,KZ,F
09:03:42,MYOR,RG,2500,3,D,BK,KZ,F
09:03:42,MYOR,RG,2500,6,D,BK,KZ,F
09:03:42,MYOR,RG,2500,1,D,BK,YP,D
09:03:29,MYOR,RG,2500,13,D,BK,YP,D
09:03:22,MYOR,RG,2500,14,D,BK,YP,D
09:03:18,MYOR,RG,2500,2,D,XL,YP,D
09:03:13,MYOR,RG,2500,14,D,BK,YP,D
09:03:00,MYOR,RG,2490,1,D,BK,AK,F
09:03:00,MYOR,RG,2500,13,D,BK,YP,D
09:02:57,MYOR,RG,2500,13,D,BK,YP,D
09:02:49,MYOR,RG,2490,1,D,BK,AK,F
09:02:49,MYOR,RG,2500,12,D,BK,YP,D
09:02:39,MYOR,RG,2500,17,D,BK,YP,D
09:02:36,MYOR,RG,2500,12,D,BK,YP,D
09:02:29,MYOR,RG,2500,1,D,XC,YP,D
09:02:26,MYOR,RG,2500,13,D,BK,YP,D
09:02:20,MYOR,RG,2490,1,D,EP,AK,F
09:02:20,MYOR,RG,2490,10,D,BK,AK,F
09:02:20,MYOR,RG,2490,4,D,BK,PD,D
09:02:20,MYOR,RG,2490,1,D,YP,PD,D
09:02:18,MYOR,RG,2500,12,D,BK,YP,D
09:02:09,MYOR,RG,2490,1,D,YP,BB,D
09:02:09,MYOR,RG,2490,2,D,YP,KZ,F
09:02:09,MYOR,RG,2490,21,D,YP,YP,D
09:02:09,MYOR,RG,2490,2,D,YP,KZ,F
09:02:07,MYOR,RG,2490,1,D,BK,KZ,F
09:02:07,MYOR,RG,2490,1,D,BK,AK,F
09:02:07,MYOR,RG,2490,8,D,BK,KZ,F
09:02:07,MYOR,RG,2490,1,D,BK,BB,D
09:02:07,MYOR,RG,2490,3,D,BK,XA,D
09:02:06,MYOR,RG,2490,1,D,PD,XA,D
09:02:03,MYOR,RG,2490,11,D,BK,XA,D
09:01:58,MYOR,RG,2490,11,D,BK,XA,D
09:01:52,MYOR,RG,2480,8,D,YP,KZ,F
09:01:52,MYOR,RG,2480,1,D,BQ,KZ,F
09:01:52,MYOR,RG,2480,12,D,BK,KZ,F
09:01:52,MYOR,RG,2480,24,D,CC,KZ,F
09:01:51,MYOR,RG,2480,3,D,CC,KZ,F
09:01:49,MYOR,RG,2490,12,D,BK,XA,D
09:01:47,MYOR,RG,2490,1,D,CC,XA,D
09:01:47,MYOR,RG,2490,29,D,CC,YP,D
09:01:45,MYOR,RG,2490,12,D,BK,YP,D
09:01:40,MYOR,RG,2480,3,D,CC,KZ,F
09:01:37,MYOR,RG,2480,2,D,BK,KZ,F
09:01:36,MYOR,RG,2480,10,D,BK,EP,D
09:01:35,MYOR,RG,2490,13,D,BK,YP,D
09:01:31,MYOR,RG,2480,1,D,BK,BB,D
09:01:28,MYOR,RG,2470,6,F,CC,KZ,F
09:01:22,MYOR,RG,2470,17,D,BK,KZ,F
09:01:22,MYOR,RG,2470,2,D,PD,KZ,F
09:01:20,MYOR,RG,2480,8,D,XL,KZ,F
09:01:20,MYOR,RG,2480,12,D,XL,YB,D
09:01:20,MYOR,RG,2480,1,D,PD,YB,D
09:01:20,MYOR,RG,2480,2,F,CC,YB,D
09:01:18,MYOR,RG,2480,2,F,CC,KZ,F
09:01:18,MYOR,RG,2480,22,F,CC,AG,D
09:01:18,MYOR,RG,2480,8,D,BK,AG,D
09:01:14,MYOR,RG,2480,3,D,BK,KZ,F
09:01:14,MYOR,RG,2480,3,D,CC,KZ,F
09:01:12,MYOR,RG,2490,10,D,YP,YP,D
09:01:11,MYOR,RG,2490,13,D,BK,YP,D
09:01:10,MYOR,RG,2480,4,D,CC,KZ,F
09:01:09,MYOR,RG,2480,1,D,CC,OD,D
09:01:08,MYOR,RG,2490,11,D,BK,YP,D
09:01:06,MYOR,RG,2480,2,D,CC,KZ,F
09:01:04,MYOR,RG,2480,7,D,BK,AK,F
09:01:00,MYOR,RG,2480,4,D,BK,KZ,F
09:01:00,MYOR,RG,2490,18,D,BK,YP,D
09:00:55,MYOR,RG,2490,12,D,BK,YP,D
09:00:52,MYOR,RG,2480,3,D,BK,YP,D
09:00:48,MYOR,RG,2480,2,D,BK,YP,D
09:00:48,MYOR,RG,2480,10,D,BK,CC,F
09:00:48,MYOR,RG,2480,2,D,BK,KZ,F
09:00:46,MYOR,RG,2470,8,F,CC,KZ,F
09:00:46,MYOR,RG,2470,39,F,CC,KZ,F
09:00:43,MYOR,RG,2470,39,D,YP,KZ,F
09:00:43,MYOR,RG,2470,1,D,YP,KZ,F
09:00:39,MYOR,RG,2480,8,D,BK,AK,F
09:00:37,MYOR,RG,2480,2,D,BK,KZ,F
09:00:36,MYOR,RG,2480,2,D,BK,KZ,F
09:00:35,MYOR,RG,2470,100,F,CC,CC,D
09:00:34,MYOR,RG,2480,4,F,CC,KZ,F
09:00:34,MYOR,RG,2480,1,F,CC,BB,D
09:00:34,MYOR,RG,2480,17,F,CC,XL,D
09:00:33,MYOR,RG,2470,1,F,CC,KZ,F
09:00:31,MYOR,RG,2470,7,D,BK,KZ,F
09:00:31,MYOR,RG,2470,3,D,BK,YP,D
09:00:31,MYOR,RG,2470,2,D,XL,YP,D
09:00:31,MYOR,RG,2470,30,D,YP,YP,D
09:00:31,MYOR,RG,2470,2,D,YP,YP,D
09:00:27,MYOR,RG,2470,1,D,YP,KZ,F
09:00:26,MYOR,RG,2470,1,D,YP,KK,D
09:00:25,MYOR,RG,2480,3,D,PD,XL,D
09:00:21,MYOR,RG,2470,9,D,YP,KZ,F
09:00:20,MYOR,RG,2470,40,D,YP,AZ,D
09:00:19,MYOR,RG,2470,17,D,YP,KZ,F
09:00:19,MYOR,RG,2470,18,D,AZ,KZ,F
09:00:19,MYOR,RG,2470,10,D,AZ,KZ,F
09:00:18,MYOR,RG,2470,8,D,AZ,EP,D
09:00:18,MYOR,RG,2470,8,D,AZ,EP,D
09:00:17,MYOR,RG,2470,5,D,AZ,PD,D
09:00:17,MYOR,RG,2470,3,D,AZ,PD,D
09:00:17,MYOR,RG,2470,20,D,AZ,IU,D
09:00:17,MYOR,RG,2490,5,D,XL,YP,D
09:00:17,MYOR,RG,2480,5,D,XL,YP,D
09:00:17,MYOR,RG,2480,4,D,YP,YP,D
09:00:17,MYOR,RG,2480,41,D,SQ,YP,D
09:00:17,MYOR,RG,2480,10,D,EP,YP,D
09:00:17,MYOR,RG,2490,40,D,YP,YP,D
09:00:17,MYOR,RG,2500,39,D,YP,YP,D
09:00:17,MYOR,RG,2500,20,D,YP,YP,D
09:00:17,MYOR,RG,2500,1,D,YP,YP,D
09:00:17,MYOR,RG,2500,39,D,YP,YP,D
09:00:17,MYOR,RG,2500,40,D,YP,YP,D
09:00:17,MYOR,RG,2500,20,D,YP,YP,D
09:00:17,MYOR,RG,2500,4,D,BK,YP,D
09:00:17,MYOR,RG,2500,8,D,BK,YP,D
09:00:17,MYOR,RG,2500,10,D,CC,YP,D
09:00:17,MYOR,RG,2500,2,D,PD,YP,D
09:00:17,MYOR,RG,2510,2,D,XL,YP,D
09:00:16,MYOR,RG,2500,1,D,PD,CC,D
09:00:16,MYOR,RG,2500,3,D,PD,CC,D
09:00:16,MYOR,RG,2500,2,D,PD,CC,D
09:00:16,MYOR,RG,2500,34,D,YP,CC,D
09:00:14,MYOR,RG,2510,4,D,XL,KZ,F
09:00:12,MYOR,RG,2500,6,D,YP,XL,D
09:00:12,MYOR,RG,2500,40,D,YP,XL,D
09:00:12,MYOR,RG,2500,1,D,PD,XL,D
09:00:12,MYOR,RG,2500,26,D,KK,XL,D
09:00:12,MYOR,RG,2500,10,D,XL,XL,D
09:00:12,MYOR,RG,2500,10,D,LG,XL,D
09:00:12,MYOR,RG,2500,6,D,XC,XL,D
09:00:12,MYOR,RG,2500,1,D,EP,XL,D
09:00:12,MYOR,RG,2510,5,D,XL,KZ,F
09:00:10,MYOR,RG,2510,11,D,BK,AK,F
09:00:10,MYOR,RG,2510,6,D,CC,AK,F
09:00:08,MYOR,RG,2510,4,D,CC,CC,D
09:00:08,MYOR,RG,2510,30,D,CC,CC,D
09:00:08,MYOR,RG,2500,40,D,EP,PD,D
09:00:08,MYOR,RG,2500,16,D,EP,PD,D
09:00:08,MYOR,RG,2500,143,D,EP,PD,D
09:00:08,MYOR,RG,2500,2,D,EP,PD,D
09:00:08,MYOR,RG,2510,1,D,PD,PD,D
09:00:08,MYOR,RG,2510,10,D,LG,PD,D
09:00:08,MYOR,RG,2520,1,F,BK,PD,D
09:00:08,MYOR,RG,2520,19,D,YP,PD,D
09:00:07,MYOR,RG,2530,8,D,PD,PD,D
09:00:07,MYOR,RG,2530,4,D,PD,PD,D
09:00:07,MYOR,RG,2530,4,D,PD,PD,D
09:00:07,MYOR,RG,2530,6,D,PD,PD,D
09:00:06,MYOR,RG,2550,6,D,YP,BB,D
09:00:06,MYOR,RG,2550,19,D,YP,BB,D
09:00:06,MYOR,RG,2550,4,D,YP,BB,D
09:00:06,MYOR,RG,2550,6,D,YP,BB,D
09:00:06,MYOR,RG,2550,9,D,YP,BB,D
09:00:06,MYOR,RG,2540,1,D,YP,KK,D
09:00:06,MYOR,RG,2540,3,D,YP,EP,D
09:00:06,MYOR,RG,2540,20,D,YP,NI,D
09:00:06,MYOR,RG,2530,2,D,YP,XL,D
09:00:06,MYOR,RG,2530,1,D,YP,XL,D
09:00:06,MYOR,RG,2520,7,D,YP,KZ,F
09:00:06,MYOR,RG,2520,20,D,YP,KZ,F
09:00:05,MYOR,RG,2500,27,D,EP,KK,D
09:00:05,MYOR,RG,2500,31,D,EP,KK,D
09:00:04,MYOR,RG,2500,100,D,EP,EP,D
09:00:04,MYOR,RG,2500,30,D,EP,MK,D
09:00:04,MYOR,RG,2500,5,D,EP,AK,F
09:00:03,MYOR,RG,2500,5,D,EP,BQ,D
09:00:03,MYOR,RG,2500,3,D,XC,BQ,D
09:00:03,MYOR,RG,2500,1,D,XL,BQ,D
09:00:03,MYOR,RG,2500,2,D,DR,BQ,D
09:00:03,MYOR,RG,2510,3,D,XC,BQ,D
09:00:03,MYOR,RG,2510,1,D,XC,BQ,D
09:00:03,MYOR,RG,2510,2,D,XC,BQ,D
09:00:03,MYOR,RG,2510,5,D,NI,BQ,D
09:00:02,MYOR,RG,2480,3,D,NI,YB,D
09:00:02,MYOR,RG,2480,1,D,NI,YB,D
09:00:02,MYOR,RG,2480,2,D,NI,YB,D
09:00:02,MYOR,RG,2480,2,D,XL,YB,D
09:00:02,MYOR,RG,2480,20,D,KK,YB,D
09:00:02,MYOR,RG,2480,2,D,MG,YB,D
09:00:02,MYOR,RG,2530,10,D,YB,YB,D
09:00:02,MYOR,RG,2490,25,D,YB,KZ,F
09:00:02,MYOR,RG,2490,5,D,YB,KK,D
09:00:01,MYOR,RG,2490,100,D,SQ,KK,D
09:00:00,MYOR,RG,2490,2,D,YU,KK,D
09:00:00,MYOR,RG,2490,2,D,MG,KK,D
09:00:00,MYOR,RG,2500,2,D,MG,KK,D
09:00:00,MYOR,RG,2510,2,D,MG,KK,D
09:00:00,MYOR,RG,2520,2,D,MG,KK,D
09:00:00,MYOR,RG,2530,10,D,MG,KK,D
