Time,Stock,Brd,Price,Qty,BT,BC,SC,ST
15:12:52,MYOR,RG,1820,1,D,XC,AK,F
15:12:51,MYOR,RG,1820,1,D,XC,NI,D
15:12:51,MYOR,RG,1820,2,D,PD,NI,D
15:12:51,MYOR,RG,1820,5,D,YP,NI,D
15:12:51,MYOR,RG,1820,1,D,XC,NI,D
15:12:51,MYOR,RG,1820,4,D,YP,NI,D
15:12:51,MYOR,RG,1820,2,D,XC,NI,D
15:11:02,MYOR,RG,1820,1,D,XC,XC,D
15:08:11,MYOR,RG,1820,3,D,XC,XL,D
15:05:46,MYOR,RG,1820,1,D,XC,AK,F
15:05:45,MYOR,RG,1820,3,D,XC,XC,D
15:01:08,MYOR,RG,1820,9,D,YP,YP,D
15:00:00,MYOR,RG,1820,11,D,YP,CC,D
15:00:00,MYOR,RG,1820,2,D,SQ,CC,D
15:00:00,MYOR,RG,1820,2,D,XC,CC,D
15:00:00,MYOR,RG,1820,1,D,PD,CC,D
15:00:00,MYOR,RG,1820,10,D,XC,CC,D
15:00:00,MYOR,RG,1820,1,D,XC,XC,D
15:00:00,MYOR,RG,1820,9,D,XC,NI,D
15:00:00,MYOR,RG,1820,1,D,GR,NI,D
15:00:00,MYOR,RG,1820,2,D,GR,PD,D
15:00:00,MYOR,RG,1820,7,D,GR,YP,D
15:00:00,MYOR,RG,1820,3,D,XC,YP,D
15:00:00,MYOR,RG,1820,10,D,NI,YP,D
15:00:00,MYOR,RG,1820,1,D,PD,YP,D
15:00:00,MYOR,RG,1820,4,D,AG,YP,D
15:00:00,MYOR,RG,1820,1,D,AG,AK,F
15:00:00,MYOR,RG,1820,1,D,AG,AK,F
15:00:00,MYOR,RG,1820,28,D,AG,AK,F
15:00:00,MYOR,RG,1820,1,D,AG,AK,F
15:00:00,MYOR,RG,1820,2,D,AG,AK,F
15:00:00,MYOR,RG,1820,63,D,AG,AK,F
15:00:00,MYOR,RG,1820,5,D,YP,AK,F
15:00:00,MYOR,RG,1820,1,D,XC,AK,F
15:00:00,MYOR,RG,1820,100,D,EP,AK,F
15:00:00,MYOR,RG,1820,1,D,PD,AK,F
15:00:00,MYOR,RG,1820,10,D,KK,AK,F
15:00:00,MYOR,RG,1820,10,D,YU,AK,F
15:00:00,MYOR,RG,1820,1,D,KK,AK,F
15:00:00,MYOR,RG,1820,10,D,GR,AK,F
15:00:00,MYOR,RG,1820,25,D,NI,AK,F
15:00:00,MYOR,RG,1820,10,D,PD,AK,F
15:00:00,MYOR,RG,1820,2,D,DH,AK,F
15:00:00,MYOR,RG,1820,30,D,GR,AK,F
15:00:00,MYOR,RG,1820,1,D,YP,AK,F
15:00:00,MYOR,RG,1820,1,D,OD,AK,F
15:00:00,MYOR,RG,1820,10,D,LG,AK,F
15:00:00,MYOR,RG,1820,1,D,YP,AK,F
15:00:00,MYOR,RG,1820,5,D,PD,AK,F
15:00:00,MYOR,RG,1820,20,D,XC,AK,F
15:00:00,MYOR,RG,1820,125,D,YP,AK,F
15:00:00,MYOR,RG,1820,1,D,YP,AK,F
15:00:00,MYOR,RG,1820,3,D,PD,AK,F
15:00:00,MYOR,RG,1820,2,D,KK,AK,F
15:00:00,MYOR,RG,1820,100,D,PD,AK,F
15:00:00,MYOR,RG,1820,22,F,AK,AK,F
15:00:00,MYOR,RG,1820,2,F,AK,AK,F
15:00:00,MYOR,RG,1820,1,F,AK,AK,F
14:49:55,MYOR,RG,1820,5,D,PD,CC,D
14:49:52,MYOR,RG,1815,2,D,KK,AK,F
14:49:51,MYOR,RG,1815,1,D,KK,AK,F
14:49:51,MYOR,RG,1815,5,D,NI,AK,F
14:49:51,MYOR,RG,1815,1,D,NI,AK,F
14:49:51,MYOR,RG,1815,4,D,XC,AK,F
14:49:51,MYOR,RG,1815,10,D,CC,AK,F
14:49:51,MYOR,RG,1815,1,D,YP,AK,F
14:49:51,MYOR,RG,1815,3,D,XC,AK,F
14:49:51,MYOR,RG,1815,2,D,XC,AK,F
14:49:51,MYOR,RG,1815,5,D,YP,AK,F
14:49:37,MYOR,RG,1815,2,D,CC,AK,F
14:49:37,MYOR,RG,1815,1,D,NI,AK,F
14:49:36,MYOR,RG,1815,39,D,NI,AK,F
14:49:36,MYOR,RG,1815,18,D,NI,AK,F
14:49:15,MYOR,RG,1815,3,D,NI,AK,F
14:49:14,MYOR,RG,1820,19,D,YP,CC,D
14:49:14,MYOR,RG,1820,31,D,YP,AK,F
14:49:08,MYOR,RG,1815,6,D,NI,AK,F
14:49:07,MYOR,RG,1815,33,D,NI,CD,D
14:49:07,MYOR,RG,1815,88,D,GR,CD,D
14:48:59,MYOR,RG,1815,1,D,GR,AK,F
14:48:58,MYOR,RG,1815,1,D,GR,AK,F
14:48:56,MYOR,RG,1820,25,D,CC,AK,F
14:48:45,MYOR,RG,1820,1,D,XL,AK,F
14:48:30,MYOR,RG,1820,14,D,GR,AK,F
14:48:30,MYOR,RG,1820,1,D,GR,AK,F
14:48:28,MYOR,RG,1815,1,D,GR,AK,F
14:48:26,MYOR,RG,1820,18,D,NI,CC,F
14:48:26,MYOR,RG,1820,2,D,NI,BK,F
14:48:24,MYOR,RG,1815,1,D,GR,AK,F
14:48:22,MYOR,RG,1820,10,D,CC,BK,F
14:48:16,MYOR,RG,1815,1,D,GR,AK,F
14:48:14,MYOR,RG,1815,20,D,GR,YP,D
14:47:53,MYOR,RG,1815,1,D,GR,AK,F
14:47:52,MYOR,RG,1820,9,D,CC,BK,F
14:47:52,MYOR,RG,1820,6,D,CC,YP,D
14:47:51,MYOR,RG,1820,4,D,YP,YP,D
14:47:47,MYOR,RG,1820,1,D,YP,YP,D
14:47:25,MYOR,RG,1820,7,F,AK,YP,D
14:47:25,MYOR,RG,1820,2,D,PD,YP,D
14:47:13,MYOR,RG,1815,1,D,GR,SQ,D
14:47:02,MYOR,RG,1815,3,D,GR,DR,D
14:47:00,MYOR,RG,1815,1,D,GR,AK,F
14:46:59,MYOR,RG,1820,2,D,XL,XC,D
14:46:59,MYOR,RG,1820,1,D,XL,PD,D
14:46:57,MYOR,RG,1815,5,D,GR,YP,D
14:46:56,MYOR,RG,1820,1,D,XC,PD,D
14:46:56,MYOR,RG,1820,3,D,XC,EP,D
14:46:56,MYOR,RG,1820,4,D,XC,AK,F
14:46:44,MYOR,RG,1815,1,D,GR,AK,F
14:46:42,MYOR,RG,1820,10,D,XC,AK,F
14:46:30,MYOR,RG,1820,6,D,YP,AK,F
14:46:04,MYOR,RG,1820,1,D,XC,AK,F
14:45:33,MYOR,RG,1815,14,D,GR,AK,F
14:45:32,MYOR,RG,1820,15,D,CP,AK,F
14:45:32,MYOR,RG,1820,38,D,CP,AK,F
14:45:32,MYOR,RG,1820,217,D,CP,AK,F
14:45:28,MYOR,RG,1820,5,D,CC,AK,F
14:45:28,MYOR,RG,1820,30,D,PD,AK,F
14:45:26,MYOR,RG,1820,20,D,PD,AK,F
14:45:12,MYOR,RG,1820,2,D,YP,AK,F
14:45:12,MYOR,RG,1820,4,D,YP,AK,F
14:45:12,MYOR,RG,1820,4,D,YP,YP,D
14:45:07,MYOR,RG,1820,1,D,PD,YP,D
14:45:02,MYOR,RG,1820,2,D,EP,YP,D
14:44:58,MYOR,RG,1815,7,D,GR,AK,F
14:44:56,MYOR,RG,1820,23,D,YP,YP,D
14:44:56,MYOR,RG,1820,55,D,YP,AK,F
14:44:56,MYOR,RG,1820,2,D,YP,AK,F
14:44:56,MYOR,RG,1820,1,D,YP,XC,D
14:44:56,MYOR,RG,1820,151,D,YP,AK,F
14:44:56,MYOR,RG,1820,4,D,YP,AK,F
14:44:56,MYOR,RG,1820,25,D,YP,YB,D
14:44:35,MYOR,RG,1815,1,D,GR,AK,F
14:44:33,MYOR,RG,1820,11,D,IF,YP,D
14:44:09,MYOR,RG,1820,8,D,AT,YP,D
14:43:59,MYOR,RG,1820,1,D,XL,YP,D
14:43:58,MYOR,RG,1820,1,D,NI,YP,D
14:43:48,MYOR,RG,1820,2,D,XC,YP,D
14:43:45,MYOR,RG,1815,3,D,GR,AK,F
14:43:44,MYOR,RG,1820,9,D,XC,YP,D
14:43:44,MYOR,RG,1820,43,D,XC,AK,F
14:43:21,MYOR,RG,1820,5,D,CC,AK,F
14:42:55,MYOR,RG,1815,1,D,GR,AK,F
14:42:54,MYOR,RG,1815,14,D,GR,DH,D
14:42:45,MYOR,RG,1820,5,D,XC,AK,F
14:42:27,MYOR,RG,1820,9,D,PD,AK,F
14:42:27,MYOR,RG,1820,11,D,PD,XC,D
14:42:27,MYOR,RG,1820,2,D,PD,AK,F
14:42:27,MYOR,RG,1820,8,D,PD,YP,D
14:42:25,MYOR,RG,1820,3,D,CC,YP,D
14:42:22,MYOR,RG,1815,3,D,GR,AK,F
14:42:21,MYOR,RG,1815,62,D,GR,AK,F
14:42:03,MYOR,RG,1815,1,D,GR,AK,F
14:42:02,MYOR,RG,1820,5,D,YP,YP,D
14:41:37,MYOR,RG,1820,2,D,XC,YP,D
14:41:35,MYOR,RG,1815,1,D,GR,AK,F
14:41:34,MYOR,RG,1820,23,D,PD,YP,D
14:41:29,MYOR,RG,1820,1,D,CC,YP,D
14:41:06,MYOR,RG,1820,5,D,NI,YP,D
14:40:44,MYOR,RG,1820,2,D,KK,YP,D
14:40:37,MYOR,RG,1815,2,D,GR,AK,F
14:40:36,MYOR,RG,1815,146,D,GR,AK,F
14:39:54,MYOR,RG,1820,51,D,XC,YP,D
14:39:54,MYOR,RG,1820,9,D,XC,AK,F
14:39:54,MYOR,RG,1820,8,D,XC,AK,F
14:39:31,MYOR,RG,1815,9,D,GR,AK,F
14:39:30,MYOR,RG,1815,30,D,GR,YU,D
14:39:30,MYOR,RG,1815,134,D,GR,YU,D
14:39:25,MYOR,RG,1820,5,D,CC,AK,F
14:39:02,MYOR,RG,1820,5,D,XC,AK,F
14:39:01,MYOR,RG,1815,8,D,GR,AK,F
14:39:00,MYOR,RG,1815,149,D,GR,YU,D
14:38:12,MYOR,RG,1820,5,D,XC,AK,F
14:38:01,MYOR,RG,1815,3,D,GR,AK,F
14:38:00,MYOR,RG,1815,43,D,GR,YU,D
14:37:59,MYOR,RG,1820,1,D,XC,AK,F
14:37:49,MYOR,RG,1815,1,D,GR,XC,D
14:37:44,MYOR,RG,1815,2,D,GR,AK,F
14:37:42,MYOR,RG,1820,44,D,KK,AK,F
14:37:42,MYOR,RG,1820,6,D,KK,YU,D
14:37:26,MYOR,RG,1820,1,D,XC,YU,D
14:37:25,MYOR,RG,1820,1,D,XC,YU,D
14:37:19,MYOR,RG,1815,2,D,GR,AK,F
14:37:18,MYOR,RG,1820,25,D,YU,YU,D
14:36:52,MYOR,RG,1820,1,D,XC,YU,D
14:36:38,MYOR,RG,1820,1,D,XC,YU,D
14:36:16,MYOR,RG,1820,1,D,XC,YU,D
14:36:11,MYOR,RG,1820,6,D,XC,YU,D
14:36:02,MYOR,RG,1815,7,D,GR,AK,F
14:36:00,MYOR,RG,1815,132,D,GR,YU,D
14:35:54,MYOR,RG,1820,1,D,DH,YU,D
14:35:40,MYOR,RG,1820,1,D,KK,YU,D
14:35:39,MYOR,RG,1820,1,D,DH,YU,D
14:35:33,MYOR,RG,1815,1,D,GR,AK,F
14:35:32,MYOR,RG,1820,9,D,YP,CC,F
14:35:30,MYOR,RG,1815,1,D,GR,AK,F
14:35:29,MYOR,RG,1820,28,D,PD,CC,F
14:35:09,MYOR,RG,1815,1,D,GR,AK,F
14:35:08,MYOR,RG,1820,20,D,PD,CC,F
14:34:49,MYOR,RG,1815,1,D,GR,AK,F
14:34:48,MYOR,RG,1820,3,D,KK,CC,F
14:34:26,MYOR,RG,1820,25,D,KK,CC,F
14:34:02,MYOR,RG,1820,1,D,KK,AK,F
14:34:02,MYOR,RG,1820,2,D,KK,AK,F
14:33:58,MYOR,RG,1820,10,D,PD,AK,F
14:33:48,MYOR,RG,1815,1,D,GR,AK,F
14:33:47,MYOR,RG,1820,5,D,SQ,AK,F
14:33:08,MYOR,RG,1815,8,D,GR,AK,F
14:33:07,MYOR,RG,1820,22,D,YP,AK,F
14:33:07,MYOR,RG,1820,1,D,YP,XC,D
14:33:07,MYOR,RG,1820,14,D,YP,CC,D
14:33:07,MYOR,RG,1820,51,D,YP,YU,D
14:33:07,MYOR,RG,1820,3,D,YP,HP,D
14:33:07,MYOR,RG,1820,14,D,YP,YU,D
14:33:07,MYOR,RG,1820,43,D,YP,YU,D
14:33:07,MYOR,RG,1820,4,D,YP,XC,D
14:33:07,MYOR,RG,1820,2,D,YP,AK,F
14:33:07,MYOR,RG,1820,50,D,YP,YP,D
14:33:07,MYOR,RG,1820,1,D,YP,NI,D
14:33:07,MYOR,RG,1820,78,D,YP,CC,F
14:33:07,MYOR,RG,1820,10,D,YP,PD,D
14:33:07,MYOR,RG,1820,52,D,YP,AK,F
14:33:07,MYOR,RG,1820,55,D,YP,YP,D
14:33:03,MYOR,RG,1820,5,D,XC,YP,D
14:33:03,MYOR,RG,1820,23,D,XC,YP,D
14:32:45,MYOR,RG,1820,20,D,DH,YP,D
14:32:37,MYOR,RG,1815,2,D,GR,XC,D
14:32:29,MYOR,RG,1820,10,D,NI,YP,D
14:32:19,MYOR,RG,1820,25,D,YB,YP,D
14:31:33,MYOR,RG,1820,1,D,CC,YP,D
14:31:30,MYOR,RG,1820,1,D,NI,YP,D
14:31:06,MYOR,RG,1820,1,D,XC,YP,D
14:30:58,MYOR,RG,1820,1,D,XL,YP,D
14:30:28,MYOR,RG,1820,8,D,AT,YP,D
14:30:28,MYOR,RG,1820,18,D,AT,AK,F
14:30:28,MYOR,RG,1820,49,D,AT,AK,F
14:30:22,MYOR,RG,1815,2,D,GR,AK,F
14:30:21,MYOR,RG,1820,3,D,PD,AK,F
14:30:21,MYOR,RG,1820,27,D,PD,CC,F
14:30:16,MYOR,RG,1820,5,D,CC,CC,F
14:30:13,MYOR,RG,1815,2,D,GR,AK,F
14:30:12,MYOR,RG,1820,28,D,IF,CC,F
14:30:06,MYOR,RG,1815,16,D,GR,AK,F
14:30:05,MYOR,RG,1820,84,D,NI,CC,F
14:30:05,MYOR,RG,1820,166,D,NI,BK,F
14:30:05,MYOR,RG,1820,10,D,NI,AK,F
14:30:05,MYOR,RG,1820,49,D,NI,AK,F
14:30:05,MYOR,RG,1820,58,D,NI,YU,D
14:30:05,MYOR,RG,1820,59,D,NI,YU,D
14:30:05,MYOR,RG,1820,13,D,NI,YU,D
14:30:05,MYOR,RG,1820,61,D,NI,YU,D
14:30:04,MYOR,RG,1820,1,D,XC,YU,D
14:30:01,MYOR,RG,1815,5,D,GR,AK,F
14:30:00,MYOR,RG,1815,113,D,GR,YU,D
14:29:18,MYOR,RG,1815,1,D,GR,AK,F
14:29:17,MYOR,RG,1820,1,D,PD,YU,D
14:29:06,MYOR,RG,1820,2,D,YP,YU,D
14:28:57,MYOR,RG,1820,5,D,NI,BK,F
14:28:57,MYOR,RG,1820,9,D,KK,BK,F
14:28:54,MYOR,RG,1820,1,D,KK,AK,F
14:28:52,MYOR,RG,1820,10,D,KK,BK,F
14:28:52,MYOR,RG,1820,1,D,NI,BK,F
14:28:52,MYOR,RG,1820,6,D,GR,BK,F
14:28:50,MYOR,RG,1820,5,D,GR,AK,F
14:28:49,MYOR,RG,1820,39,D,GR,BK,F
14:28:49,MYOR,RG,1820,28,D,YP,BK,F
14:28:49,MYOR,RG,1820,1,D,XC,BK,F
14:28:49,MYOR,RG,1820,6,D,DR,BK,F
14:28:49,MYOR,RG,1820,21,D,DH,BK,F
14:28:47,MYOR,RG,1820,27,D,DH,AK,F
14:28:45,MYOR,RG,1820,2,D,DH,BK,F
14:28:45,MYOR,RG,1820,2,D,XC,BK,F
14:28:45,MYOR,RG,1820,1,D,NI,BK,F
14:28:45,MYOR,RG,1820,2,D,NI,BK,F
14:28:45,MYOR,RG,1820,10,D,DH,BK,F
14:28:45,MYOR,RG,1820,1,D,XC,BK,F
14:28:45,MYOR,RG,1820,25,D,YP,BK,F
14:28:45,MYOR,RG,1820,1,D,PD,BK,F
14:28:45,MYOR,RG,1820,50,D,YP,BK,F
14:28:45,MYOR,RG,1820,5,D,DR,BK,F
14:28:45,MYOR,RG,1820,5,D,GR,BK,F
14:28:45,MYOR,RG,1820,6,D,KK,BK,F
14:28:45,MYOR,RG,1820,10,D,CC,BK,F
14:28:45,MYOR,RG,1820,1,D,PD,BK,F
14:28:45,MYOR,RG,1820,10,D,YP,BK,F
14:28:45,MYOR,RG,1820,70,D,NI,BK,F
14:28:45,MYOR,RG,1820,1,D,PD,BK,F
14:28:45,MYOR,RG,1820,50,D,SQ,BK,F
14:28:45,MYOR,RG,1820,5,D,PD,BK,F
14:28:45,MYOR,RG,1820,1,D,XC,BK,F
14:28:45,MYOR,RG,1820,18,D,CC,BK,F
14:28:45,MYOR,RG,1820,2,D,EP,BK,F
14:28:45,MYOR,RG,1820,15,D,DH,BK,F
14:28:45,MYOR,RG,1820,1,D,XC,BK,F
14:28:45,MYOR,RG,1820,30,D,PD,BK,F
14:28:45,MYOR,RG,1820,8,D,SQ,BK,F
14:28:45,MYOR,RG,1820,5,D,NI,BK,F
14:28:45,MYOR,RG,1820,1,D,YP,BK,F
14:28:45,MYOR,RG,1820,2,D,XC,BK,F
14:28:45,MYOR,RG,1820,5,D,PD,BK,F
14:28:45,MYOR,RG,1820,10,D,YP,BK,F
14:28:45,MYOR,RG,1820,1,D,NI,BK,F
14:28:45,MYOR,RG,1820,2,D,CC,BK,F
14:28:45,MYOR,RG,1820,2,D,YP,BK,F
14:28:45,MYOR,RG,1820,1,D,XC,BK,F
14:28:45,MYOR,RG,1820,3,D,YP,BK,F
14:28:45,MYOR,RG,1820,1,D,NI,BK,F
14:28:45,MYOR,RG,1820,100,D,CC,BK,F
14:28:45,MYOR,RG,1820,1,D,SQ,BK,F
14:28:45,MYOR,RG,1820,10,D,KK,BK,F
14:28:45,MYOR,RG,1820,10,D,XC,BK,F
14:28:45,MYOR,RG,1820,14,D,XC,BK,F
14:28:45,MYOR,RG,1820,6,D,XC,BK,F
14:28:45,MYOR,RG,1820,1,D,CC,BK,F
14:28:45,MYOR,RG,1820,10,D,KK,BK,F
14:28:40,MYOR,RG,1820,5,D,KK,AK,F
14:28:39,MYOR,RG,1820,35,D,KK,BK,F
14:28:39,MYOR,RG,1820,10,D,PD,BK,F
14:28:39,MYOR,RG,1820,3,D,XL,BK,F
14:28:39,MYOR,RG,1820,25,D,YP,BK,F
14:28:39,MYOR,RG,1820,1,D,PD,BK,F
14:28:39,MYOR,RG,1820,1,D,DH,BK,F
14:28:39,MYOR,RG,1820,3,D,KK,BK,F
14:28:39,MYOR,RG,1820,10,D,NI,BK,F
14:28:38,MYOR,RG,1820,26,D,NI,AK,F
14:28:37,MYOR,RG,1820,1,D,NI,AK,F
14:28:36,MYOR,RG,1820,13,D,NI,BK,F
14:28:36,MYOR,RG,1820,5,D,CC,BK,F
14:28:36,MYOR,RG,1820,10,D,PD,BK,F
14:28:36,MYOR,RG,1820,472,D,NI,BK,F
14:28:36,MYOR,RG,1820,2,D,NI,AK,F
14:28:36,MYOR,RG,1820,9,D,NI,BK,F
14:28:35,MYOR,RG,1820,39,D,NI,AK,F
14:28:16,MYOR,RG,1820,5,D,NI,YP,D
14:28:15,MYOR,RG,1820,1,D,NI,XC,D
14:28:01,MYOR,RG,1820,1,D,NI,AK,F
14:28:00,MYOR,RG,1820,18,D,NI,YU,D
14:27:48,MYOR,RG,1820,1,D,NI,AK,F
14:27:47,MYOR,RG,1820,11,D,NI,BK,F
14:27:46,MYOR,RG,1820,2,D,NI,AK,F
14:27:45,MYOR,RG,1820,39,D,NI,AK,F
14:27:17,MYOR,RG,1820,3,D,NI,XC,D
14:27:09,MYOR,RG,1820,1,D,NI,AK,F
14:27:07,MYOR,RG,1820,16,D,NI,BK,F
14:27:05,MYOR,RG,1820,2,D,NI,AK,F
14:27:04,MYOR,RG,1820,35,D,NI,BK,F
14:27:01,MYOR,RG,1820,14,D,NI,AK,F
14:27:00,MYOR,RG,1820,13,D,NI,BK,F
14:27:00,MYOR,RG,1820,12,D,NI,YU,D
14:27:00,MYOR,RG,1820,1,D,PD,YU,D
14:27:00,MYOR,RG,1820,1,D,YP,YU,D
14:27:00,MYOR,RG,1820,15,D,CC,YU,D
14:27:00,MYOR,RG,1820,10,D,KK,YU,D
14:27:00,MYOR,RG,1820,10,D,SQ,YU,D
14:27:00,MYOR,RG,1820,11,D,YP,YU,D
14:27:00,MYOR,RG,1820,5,D,EP,YU,D
14:27:00,MYOR,RG,1820,1,D,PD,YU,D
14:27:00,MYOR,RG,1820,10,D,YB,YU,D
14:27:00,MYOR,RG,1820,7,D,XC,YU,D
14:27:00,MYOR,RG,1820,5,D,YP,YU,D
14:27:00,MYOR,RG,1820,5,D,PD,YU,D
14:27:00,MYOR,RG,1820,1,D,YP,YU,D
14:27:00,MYOR,RG,1820,5,D,PD,YU,D
14:27:00,MYOR,RG,1820,2,D,KK,YU,D
14:27:00,MYOR,RG,1820,50,D,GR,YU,D
14:27:00,MYOR,RG,1820,2,D,NI,YU,D
14:27:00,MYOR,RG,1820,3,D,PD,YU,D
14:27:00,MYOR,RG,1820,3,D,PD,YU,D
14:27:00,MYOR,RG,1820,2,D,XA,YU,D
14:27:00,MYOR,RG,1820,31,D,PD,YU,D
14:27:00,MYOR,RG,1820,19,D,PD,AK,F
14:27:00,MYOR,RG,1820,1,D,PD,AK,F
14:27:00,MYOR,RG,1820,2,D,XC,AK,F
14:27:00,MYOR,RG,1820,5,D,YB,AK,F
14:27:00,MYOR,RG,1820,1,D,XC,AK,F
14:27:00,MYOR,RG,1820,4,D,XC,AK,F
14:27:00,MYOR,RG,1820,3,D,SQ,AK,F
14:27:00,MYOR,RG,1820,2,D,AT,AK,F
14:27:00,MYOR,RG,1820,7,D,PD,AK,F
14:27:00,MYOR,RG,1820,3,D,PD,YU,D
14:27:00,MYOR,RG,1820,15,D,YP,YU,D
14:25:37,MYOR,RG,1820,4,D,YP,LG,D
14:25:30,MYOR,RG,1820,3,D,YP,AK,F
14:25:30,MYOR,RG,1820,59,D,YP,AK,F
14:25:15,MYOR,RG,1820,3,D,YP,AK,F
14:25:15,MYOR,RG,1820,26,D,YP,XC,D
14:25:15,MYOR,RG,1820,25,D,PD,XC,D
14:25:01,MYOR,RG,1820,18,D,PD,AK,F
14:25:00,MYOR,RG,1820,17,D,PD,YU,D
14:25:00,MYOR,RG,1820,10,D,PD,YU,D
14:25:00,MYOR,RG,1820,100,D,YP,YU,D
14:25:00,MYOR,RG,1820,10,D,PD,YU,D
14:25:00,MYOR,RG,1820,25,D,NI,YU,D
14:25:00,MYOR,RG,1820,1,D,XC,YU,D
14:25:00,MYOR,RG,1820,10,D,YP,YU,D
14:25:00,MYOR,RG,1820,10,D,SQ,YU,D
14:25:00,MYOR,RG,1820,6,D,EP,YU,D
14:25:00,MYOR,RG,1820,1,D,GR,YU,D
14:25:00,MYOR,RG,1820,110,D,AG,YU,D
14:25:00,MYOR,RG,1820,8,D,XC,YU,D
14:25:00,MYOR,RG,1820,1,D,PD,YU,D
14:25:00,MYOR,RG,1820,1,D,XC,YU,D
14:25:00,MYOR,RG,1820,1,D,PD,YU,D
14:25:00,MYOR,RG,1820,9,D,DR,YU,D
14:25:00,MYOR,RG,1820,8,D,PD,YU,D
14:25:00,MYOR,RG,1820,2,D,XC,YU,D
14:25:00,MYOR,RG,1820,5,D,SQ,YU,D
14:25:00,MYOR,RG,1820,12,D,SQ,YU,D
14:25:00,MYOR,RG,1820,1,D,SQ,AK,F
14:25:00,MYOR,RG,1820,7,D,SQ,YU,D
14:25:00,MYOR,RG,1820,10,D,EP,YU,D
14:22:32,MYOR,RG,1820,1,D,XC,AK,F
14:22:31,MYOR,RG,1825,15,D,TP,YU,D
14:22:31,MYOR,RG,1825,15,D,TP,YU,D
14:22:00,MYOR,RG,1820,1,D,XC,AK,F
14:21:59,MYOR,RG,1825,2,D,XL,YU,D
14:21:01,MYOR,RG,1820,1,D,XC,AK,F
14:21:01,MYOR,RG,1820,2,D,KK,AK,F
14:21:01,MYOR,RG,1820,2,D,KK,AK,F
14:21:00,MYOR,RG,1820,38,D,KK,YU,D
14:21:00,MYOR,RG,1820,60,D,KK,YU,D
14:21:00,MYOR,RG,1820,1,D,YP,YU,D
14:21:00,MYOR,RG,1820,19,D,XC,YU,D
14:21:00,MYOR,RG,1820,2,D,PD,YU,D
14:21:00,MYOR,RG,1820,56,D,PD,YU,D
14:21:00,MYOR,RG,1820,10,D,YP,YU,D
14:21:00,MYOR,RG,1820,10,D,YP,YU,D
14:21:00,MYOR,RG,1820,1,D,YP,YU,D
14:21:00,MYOR,RG,1820,1,D,NI,YU,D
14:21:00,MYOR,RG,1820,2,D,YP,YU,D
14:21:00,MYOR,RG,1820,27,D,PD,YU,D
14:21:00,MYOR,RG,1820,8,D,CC,YU,D
14:20:39,MYOR,RG,1820,2,D,CC,GR,D
14:20:39,MYOR,RG,1820,1,D,PD,GR,D
14:20:39,MYOR,RG,1820,10,D,GR,GR,D
14:20:39,MYOR,RG,1820,1,D,YP,GR,D
14:20:39,MYOR,RG,1820,4,D,XC,GR,D
14:20:11,MYOR,RG,1825,17,D,XC,YU,D
14:19:59,MYOR,RG,1825,1,D,PD,YU,D
14:19:57,MYOR,RG,1825,20,D,CC,YU,D
14:19:44,MYOR,RG,1825,2,D,YP,YU,D
14:19:31,MYOR,RG,1825,1,D,XC,YU,D
14:19:31,MYOR,RG,1825,2,D,XC,BK,F
14:19:23,MYOR,RG,1825,4,D,XC,BK,F
14:19:23,MYOR,RG,1825,6,D,XC,AK,F
14:19:13,MYOR,RG,1825,20,D,YP,AK,F
14:18:48,MYOR,RG,1825,2,D,YP,AK,F
14:18:40,MYOR,RG,1825,10,D,SQ,AK,F
14:18:37,MYOR,RG,1825,7,D,XL,AK,F
14:18:36,MYOR,RG,1825,13,D,PD,AK,F
14:18:36,MYOR,RG,1825,14,D,PD,AK,F
14:18:36,MYOR,RG,1825,13,D,PD,YU,D
14:18:33,MYOR,RG,1825,1,D,PD,YU,D
14:18:28,MYOR,RG,1825,1,D,NI,YU,D
14:18:28,MYOR,RG,1825,1,D,NI,YP,D
14:18:07,MYOR,RG,1825,3,D,XC,YP,D
14:18:01,MYOR,RG,1820,5,D,XC,AK,F
14:18:00,MYOR,RG,1820,61,D,XC,YU,D
14:18:00,MYOR,RG,1820,32,D,SQ,YU,D
14:17:58,MYOR,RG,1820,8,D,SQ,AK,F
14:17:57,MYOR,RG,1820,5,D,SQ,AK,F
14:17:57,MYOR,RG,1820,125,D,SQ,AK,F
14:17:57,MYOR,RG,1820,5,D,YP,AK,F
14:17:57,MYOR,RG,1820,1,D,PD,AK,F
14:17:57,MYOR,RG,1820,1,D,SQ,AK,F
14:17:57,MYOR,RG,1820,1,D,XC,AK,F
14:17:57,MYOR,RG,1820,2,D,XC,AK,F
14:17:57,MYOR,RG,1820,10,D,XC,AK,F
14:17:57,MYOR,RG,1820,8,D,NI,AK,F
14:17:55,MYOR,RG,1825,80,D,NI,YP,D
14:16:36,MYOR,RG,1825,2,D,NI,YP,D
14:16:35,MYOR,RG,1825,1,D,PD,YP,D
14:16:08,MYOR,RG,1825,2,D,NI,YP,D
14:16:00,MYOR,RG,1820,4,D,NI,AK,F
14:16:00,MYOR,RG,1820,13,D,NI,YU,D
14:16:00,MYOR,RG,1820,64,D,HP,YU,D
14:15:49,MYOR,RG,1825,3,D,OD,YP,D
14:15:34,MYOR,RG,1825,5,D,CC,YP,D
14:15:29,MYOR,RG,1820,3,D,HP,AK,F
14:15:28,MYOR,RG,1825,3,D,SQ,YP,D
14:15:28,MYOR,RG,1825,47,D,SQ,CC,F
14:14:11,MYOR,RG,1825,5,D,SQ,CC,F
14:14:01,MYOR,RG,1820,9,D,HP,AK,F
14:14:00,MYOR,RG,1820,28,D,HP,YU,D
14:14:00,MYOR,RG,1820,144,D,HP,YU,D
14:13:36,MYOR,RG,1825,1,D,XC,CC,F
14:13:27,MYOR,RG,1820,2,D,HP,AK,F
14:13:26,MYOR,RG,1825,25,D,YP,CC,F
14:13:02,MYOR,RG,1825,10,D,PD,CC,F
14:12:23,MYOR,RG,1820,1,D,HP,AK,F
14:12:22,MYOR,RG,1820,10,D,HP,DR,D
14:12:08,MYOR,RG,1825,5,D,PD,CC,F
14:11:36,MYOR,RG,1825,7,D,XC,CC,F
14:11:19,MYOR,RG,1820,1,D,HP,AK,F
14:11:18,MYOR,RG,1820,5,D,HP,XC,D
14:10:50,MYOR,RG,1825,6,D,PD,CC,F
14:10:44,MYOR,RG,1820,4,D,HP,XC,D
14:10:35,MYOR,RG,1820,54,D,HP,AK,F
14:10:34,MYOR,RG,1825,94,D,EP,CC,F
14:10:34,MYOR,RG,1825,157,D,EP,BK,F
14:10:34,MYOR,RG,1825,8,D,EP,BK,F
14:10:34,MYOR,RG,1825,387,D,EP,BK,F
14:10:34,MYOR,RG,1825,21,D,EP,BK,F
14:10:34,MYOR,RG,1825,1,D,EP,XC,D
14:10:34,MYOR,RG,1825,8,D,EP,PD,D
14:10:34,MYOR,RG,1825,500,D,EP,CC,F
14:10:34,MYOR,RG,1825,9,D,EP,CC,F
14:10:34,MYOR,RG,1825,55,D,EP,CC,D
14:10:34,MYOR,RG,1825,34,D,EP,AK,F
14:10:34,MYOR,RG,1825,10,D,EP,AK,F
14:10:34,MYOR,RG,1825,31,D,EP,YU,D
14:10:34,MYOR,RG,1825,101,D,EP,YU,D
14:10:34,MYOR,RG,1825,46,D,EP,AK,F
14:10:34,MYOR,RG,1825,100,D,EP,YU,D
14:10:34,MYOR,RG,1825,11,D,EP,AK,F
14:10:34,MYOR,RG,1825,16,D,EP,YU,D
14:10:34,MYOR,RG,1825,44,D,EP,AK,F
14:10:34,MYOR,RG,1825,15,D,EP,YU,D
14:10:34,MYOR,RG,1825,14,D,EP,AK,F
14:10:34,MYOR,RG,1825,69,D,EP,CC,F
14:10:23,MYOR,RG,1820,1,D,HP,AK,F
14:10:22,MYOR,RG,1820,20,D,HP,DR,D
14:09:40,MYOR,RG,1820,6,D,HP,AK,F
14:09:39,MYOR,RG,1820,100,D,HP,YP,D
14:08:58,MYOR,RG,1820,2,D,HP,AK,F
14:08:57,MYOR,RG,1820,46,D,HP,AK,F
14:08:56,MYOR,RG,1825,1,D,XC,CC,F
14:08:45,MYOR,RG,1820,1,D,HP,AK,F
14:08:43,MYOR,RG,1825,1,D,PD,CC,F
14:08:26,MYOR,RG,1825,3,D,KK,CC,F
14:08:19,MYOR,RG,1825,1,D,PD,CC,F
14:08:01,MYOR,RG,1820,5,D,HP,AK,F
14:08:00,MYOR,RG,1820,85,D,HP,YU,D
14:07:37,MYOR,RG,1825,10,D,PD,CC,F
14:07:32,MYOR,RG,1820,6,D,HP,AK,F
14:07:31,MYOR,RG,1820,105,D,HP,XA,D
14:07:10,MYOR,RG,1820,3,D,HP,XC,D
14:06:41,MYOR,RG,1820,5,D,HP,XC,D
14:06:39,MYOR,RG,1825,1,D,PD,CC,F
14:06:16,MYOR,RG,1820,3,D,HP,AK,F
14:06:15,MYOR,RG,1820,43,D,HP,AK,F
14:06:00,MYOR,RG,1820,2,D,HP,CC,F
14:05:30,MYOR,RG,1820,1,D,HP,AK,F
14:05:30,MYOR,RG,1820,26,D,HP,AK,F
14:05:01,MYOR,RG,1820,8,D,HP,AK,F
14:05:00,MYOR,RG,1820,29,D,HP,YU,D
14:05:00,MYOR,RG,1820,127,D,HP,YU,D
14:04:45,MYOR,RG,1820,2,D,HP,AK,F
14:04:45,MYOR,RG,1820,22,D,HP,AK,F
14:04:19,MYOR,RG,1820,1,D,HP,AK,F
14:04:18,MYOR,RG,1820,20,D,HP,YP,D
14:04:10,MYOR,RG,1820,2,D,HP,PD,D
14:03:50,MYOR,RG,1820,1,D,HP,XC,D
14:03:31,MYOR,RG,1820,2,D,HP,AK,F
14:03:30,MYOR,RG,1820,1,D,HP,AK,F
14:03:30,MYOR,RG,1820,1,D,NI,AK,F
14:03:30,MYOR,RG,1820,1,D,NI,AK,F
14:03:30,MYOR,RG,1820,10,D,AG,AK,F
14:03:30,MYOR,RG,1820,27,D,YP,AK,F
14:03:06,MYOR,RG,1825,1,D,XC,CC,F
14:02:49,MYOR,RG,1820,1,D,YP,AK,F
14:02:48,MYOR,RG,1825,20,D,PD,CC,F
14:02:41,MYOR,RG,1825,4,D,XL,CC,F
14:02:36,MYOR,RG,1820,2,D,YP,AK,F
14:02:35,MYOR,RG,1825,14,D,PD,CC,F
14:02:35,MYOR,RG,1820,24,D,YP,AK,F
14:02:01,MYOR,RG,1820,4,D,YP,AK,F
14:02:00,MYOR,RG,1820,67,D,YP,YU,D
14:01:46,MYOR,RG,1820,1,D,YP,AK,F
14:01:45,MYOR,RG,1820,32,D,YP,AK,F
14:01:15,MYOR,RG,1820,1,D,YP,AK,F
14:01:14,MYOR,RG,1825,5,D,YP,CC,F
14:00:14,MYOR,RG,1825,5,D,XC,CC,F
14:00:01,MYOR,RG,1820,1,D,YP,AK,F
14:00:00,MYOR,RG,1820,28,D,YP,AK,F
13:58:46,MYOR,RG,1820,2,D,YP,AK,F
13:58:45,MYOR,RG,1820,10,D,YP,AK,F
13:58:45,MYOR,RG,1820,23,D,SQ,AK,F
13:58:34,MYOR,RG,1820,1,D,SQ,AK,F
13:58:33,MYOR,RG,1820,9,D,SQ,YP,D
13:58:21,MYOR,RG,1820,4,D,SQ,PD,D
13:58:19,MYOR,RG,1820,3,D,SQ,PD,D
13:58:15,MYOR,RG,1820,10,D,SQ,AK,F
13:58:15,MYOR,RG,1820,1,D,NI,AK,F
13:58:15,MYOR,RG,1820,1,F,AK,AK,F
13:58:00,MYOR,RG,1820,30,F,AK,YU,D
13:58:00,MYOR,RG,1820,200,F,AK,YU,D
13:57:30,MYOR,RG,1820,2,D,PD,AK,F
13:57:30,MYOR,RG,1820,3,D,PD,AK,F
13:57:30,MYOR,RG,1820,5,D,PD,AK,F
13:57:30,MYOR,RG,1820,1,D,XC,AK,F
13:57:30,MYOR,RG,1820,5,D,XC,AK,F
13:57:30,MYOR,RG,1820,1,D,XC,AK,F
13:57:30,MYOR,RG,1820,10,D,CC,AK,F
13:57:30,MYOR,RG,1820,16,D,SQ,AK,F
13:57:17,MYOR,RG,1825,50,D,CC,CC,F
13:56:59,MYOR,RG,1825,1,D,PD,CC,F
13:56:54,MYOR,RG,1820,1,D,SQ,XC,D
13:56:45,MYOR,RG,1820,1,D,SQ,AK,F
13:56:42,MYOR,RG,1825,4,D,YP,CC,F
13:56:38,MYOR,RG,1820,2,D,SQ,PD,D
13:56:38,MYOR,RG,1820,5,D,YP,PD,D
13:56:38,MYOR,RG,1820,3,D,XC,PD,D
13:56:30,MYOR,RG,1820,1,D,XC,AK,F
13:56:24,MYOR,RG,1825,20,D,SQ,CC,F
13:55:51,MYOR,RG,1825,2,D,NI,CC,F
13:55:45,MYOR,RG,1820,2,D,XC,AK,F
13:55:30,MYOR,RG,1820,14,D,XC,AK,F
13:55:30,MYOR,RG,1820,1,D,XC,AK,F
13:55:30,MYOR,RG,1820,5,D,NI,AK,F
13:55:30,MYOR,RG,1820,10,D,KK,AK,F
13:55:30,MYOR,RG,1820,6,D,SQ,AK,F
13:55:30,MYOR,RG,1820,1,D,PD,AK,F
13:55:30,MYOR,RG,1820,1,D,PD,AK,F
13:55:30,MYOR,RG,1820,1,D,NI,AK,F
13:55:23,MYOR,RG,1825,7,D,YP,CC,F
13:55:15,MYOR,RG,1820,4,D,NI,AK,F
13:55:15,MYOR,RG,1820,4,D,XC,AK,F
13:55:00,MYOR,RG,1820,1,D,XC,YU,D
13:55:00,MYOR,RG,1820,1,D,PD,YU,D
13:55:00,MYOR,RG,1820,5,D,PD,YU,D
13:55:00,MYOR,RG,1820,1,D,YP,YU,D
13:55:00,MYOR,RG,1820,10,D,YP,YU,D
13:55:00,MYOR,RG,1820,5,D,SQ,YU,D
13:55:00,MYOR,RG,1820,1,D,XC,YU,D
13:55:00,MYOR,RG,1820,11,D,PD,YU,D
13:55:00,MYOR,RG,1820,1,D,YP,YU,D
13:55:00,MYOR,RG,1820,5,D,EP,YU,D
13:55:00,MYOR,RG,1820,1,D,NI,YU,D
13:55:00,MYOR,RG,1820,5,D,PD,YU,D
13:55:00,MYOR,RG,1820,1,D,PD,YU,D
13:55:00,MYOR,RG,1820,52,D,NI,YU,D
13:55:00,MYOR,RG,1820,1,D,XC,YU,D
13:55:00,MYOR,RG,1820,28,D,DH,YU,D
13:55:00,MYOR,RG,1820,20,D,CC,YU,D
13:55:00,MYOR,RG,1820,3,D,YP,YU,D
13:55:00,MYOR,RG,1820,1,D,AZ,YU,D
13:54:34,MYOR,RG,1825,5,D,YP,CC,F
13:53:48,MYOR,RG,1820,1,D,AZ,AK,F
13:53:33,MYOR,RG,1825,1,D,XC,CC,F
13:53:21,MYOR,RG,1825,1,D,KK,CC,F
13:53:13,MYOR,RG,1825,10,D,GR,CC,F
13:53:10,MYOR,RG,1820,5,D,AZ,AK,F
13:53:10,MYOR,RG,1820,1,D,NI,AK,F
13:53:10,MYOR,RG,1820,1,D,YP,AK,F
13:53:09,MYOR,RG,1820,9,D,YP,YP,D
13:53:09,MYOR,RG,1820,10,D,YP,YP,D
13:53:09,MYOR,RG,1820,50,D,DR,YP,D
13:53:09,MYOR,RG,1820,1,D,XC,YP,D
13:53:09,MYOR,RG,1820,66,D,XC,YP,D
13:53:00,MYOR,RG,1820,3,D,XC,AK,F
13:52:59,MYOR,RG,1825,5,D,SQ,CC,F
13:52:36,MYOR,RG,1825,50,D,NI,CC,F
13:52:30,MYOR,RG,1820,7,D,XC,AK,F
13:52:30,MYOR,RG,1820,1,D,XC,AK,F
13:52:29,MYOR,RG,1825,1,D,YP,CC,F
13:52:18,MYOR,RG,1825,10,D,NI,CC,F
13:52:15,MYOR,RG,1820,45,D,XC,AK,F
13:52:01,MYOR,RG,1820,10,D,XC,CC,D
13:52:00,MYOR,RG,1820,33,D,XC,YU,D
13:52:00,MYOR,RG,1820,1,D,XC,YU,D
13:52:00,MYOR,RG,1820,30,D,PD,YU,D
13:52:00,MYOR,RG,1820,1,D,YP,YU,D
13:52:00,MYOR,RG,1820,1,D,XC,YU,D
13:52:00,MYOR,RG,1820,1,D,NI,YU,D
13:52:00,MYOR,RG,1820,11,D,CC,YU,D
13:52:00,MYOR,RG,1820,1,D,XC,YU,D
13:52:00,MYOR,RG,1820,1,D,XC,YU,D
13:52:00,MYOR,RG,1820,3,D,YP,YU,D
13:51:29,MYOR,RG,1820,7,D,YP,AK,F
13:51:29,MYOR,RG,1820,1,D,XC,AK,F
13:51:29,MYOR,RG,1820,11,D,NI,AK,F
13:51:28,MYOR,RG,1825,6,D,NI,CC,F
13:51:20,MYOR,RG,1820,1,D,NI,XC,D
13:51:15,MYOR,RG,1820,28,D,NI,AK,F
13:51:00,MYOR,RG,1820,6,D,NI,YU,D
13:51:00,MYOR,RG,1820,1,D,XL,YU,D
13:51:00,MYOR,RG,1820,1,D,NI,YU,D
13:51:00,MYOR,RG,1820,20,D,PD,YU,D
13:50:30,MYOR,RG,1820,10,D,NI,AK,F
13:50:30,MYOR,RG,1820,2,D,PD,AK,F
13:50:30,MYOR,RG,1820,1,D,XC,AK,F
13:50:30,MYOR,RG,1820,10,D,DR,AK,F
13:50:30,MYOR,RG,1820,1,D,XC,AK,F
13:50:30,MYOR,RG,1820,1,D,CC,AK,F
13:50:30,MYOR,RG,1820,2,D,XC,AK,F
13:50:01,MYOR,RG,1825,1,D,XC,CC,F
13:50:00,MYOR,RG,1820,2,D,PD,YU,D
13:50:00,MYOR,RG,1820,3,D,YP,YU,D
13:50:00,MYOR,RG,1820,13,D,AZ,YU,D
13:50:00,MYOR,RG,1820,1,D,YP,YU,D
13:50:00,MYOR,RG,1820,6,D,PD,YU,D
13:50:00,MYOR,RG,1820,1,D,NI,YU,D
13:50:00,MYOR,RG,1820,50,D,KK,YU,D
13:50:00,MYOR,RG,1820,1,D,XC,YU,D
13:50:00,MYOR,RG,1820,2,D,XL,YU,D
13:50:00,MYOR,RG,1820,5,D,YP,YU,D
13:50:00,MYOR,RG,1820,5,D,YP,YU,D
13:50:00,MYOR,RG,1820,3,D,YP,YU,D
13:49:54,MYOR,RG,1820,7,D,YP,DR,D
13:49:54,MYOR,RG,1820,4,D,XC,DR,D
13:49:54,MYOR,RG,1820,5,D,LS,DR,D
13:49:54,MYOR,RG,1820,4,D,YP,DR,D
13:49:54,MYOR,RG,1820,11,D,DR,DR,D
13:49:54,MYOR,RG,1820,2,D,NI,DR,D
13:49:54,MYOR,RG,1820,1,D,XC,DR,D
13:49:54,MYOR,RG,1820,50,D,ZP,DR,D
13:49:54,MYOR,RG,1820,10,D,YP,DR,D
13:49:54,MYOR,RG,1820,44,D,YP,DR,D
13:49:40,MYOR,RG,1825,10,D,EP,CC,F
13:49:39,MYOR,RG,1820,25,D,YP,KK,D
13:49:33,MYOR,RG,1820,22,D,YP,AK,F
13:49:26,MYOR,RG,1820,40,D,YP,AK,F
13:49:25,MYOR,RG,1825,10,D,NI,CC,F
13:49:12,MYOR,RG,1820,28,D,YP,YB,D
13:49:05,MYOR,RG,1825,10,D,XC,CC,F
13:48:53,MYOR,RG,1820,8,D,YP,PD,D
13:48:41,MYOR,RG,1825,20,D,NI,CC,F
13:48:27,MYOR,RG,1820,10,D,YP,CC,D
13:48:15,MYOR,RG,1820,23,D,YP,AK,F
13:48:15,MYOR,RG,1820,2,D,NI,AK,F
13:47:41,MYOR,RG,1825,1,D,EP,CC,F
13:47:35,MYOR,RG,1820,23,D,NI,AK,F
13:47:35,MYOR,RG,1820,30,D,NI,AK,F
13:47:35,MYOR,RG,1820,19,D,YP,AK,F
13:47:20,MYOR,RG,1820,11,D,YP,TP,D
13:47:20,MYOR,RG,1820,39,D,YP,TP,D
13:47:00,MYOR,RG,1820,85,D,YP,YU,D
13:46:42,MYOR,RG,1820,2,D,YP,XC,D
13:46:00,MYOR,RG,1820,11,D,YP,YU,D
13:46:00,MYOR,RG,1820,1,D,YP,YU,D
13:46:00,MYOR,RG,1820,13,D,YP,YU,D
13:45:45,MYOR,RG,1825,20,D,XC,CC,F
13:45:35,MYOR,RG,1825,1,D,DR,CC,F
13:45:14,MYOR,RG,1820,1,D,YP,PD,D
13:44:45,MYOR,RG,1820,6,D,YP,AK,F
13:44:45,MYOR,RG,1820,28,D,YP,AK,F
13:44:45,MYOR,RG,1820,1,D,YP,AK,F
13:44:45,MYOR,RG,1820,10,D,XL,AK,F
13:44:06,MYOR,RG,1825,10,D,YP,CC,F
13:44:00,MYOR,RG,1820,4,D,XL,YU,D
13:44:00,MYOR,RG,1820,4,D,YP,YU,D
13:44:00,MYOR,RG,1820,20,D,YP,YU,D
13:44:00,MYOR,RG,1820,2,D,YP,YU,D
13:44:00,MYOR,RG,1820,12,D,PD,YU,D
13:44:00,MYOR,RG,1820,2,D,YP,YU,D
13:44:00,MYOR,RG,1820,1,D,PD,YU,D
13:44:00,MYOR,RG,1820,3,D,YP,YU,D
13:44:00,MYOR,RG,1820,44,D,YP,YU,D
13:44:00,MYOR,RG,1820,25,D,CC,YU,D
13:44:00,MYOR,RG,1820,10,D,CC,YU,D
13:44:00,MYOR,RG,1820,27,D,YP,YU,D
13:44:00,MYOR,RG,1820,1,D,YP,YU,D
13:44:00,MYOR,RG,1820,8,D,YP,YU,D
13:43:44,MYOR,RG,1825,1,D,PD,CC,F
13:43:41,MYOR,RG,1825,108,D,AI,CC,F
13:43:41,MYOR,RG,1825,39,D,AI,AK,F
13:43:41,MYOR,RG,1825,8,D,AI,AK,F
13:43:41,MYOR,RG,1825,145,D,AI,CC,F
13:43:21,MYOR,RG,1825,3,D,YP,CC,F
13:42:29,MYOR,RG,1825,2,D,PD,CC,F
13:42:04,MYOR,RG,1825,1,D,PD,CC,F
13:41:22,MYOR,RG,1825,1,D,YP,CC,F
13:41:00,MYOR,RG,1820,42,D,YP,YU,D
13:41:00,MYOR,RG,1820,5,D,XL,YU,D
13:41:00,MYOR,RG,1820,2,D,PD,YU,D
13:40:49,MYOR,RG,1825,1,D,XC,CC,F
13:40:08,MYOR,RG,1820,3,D,PD,YU,D
13:40:08,MYOR,RG,1820,20,D,PD,YU,D
13:40:08,MYOR,RG,1820,50,D,CC,YU,D
13:40:08,MYOR,RG,1820,15,D,CC,YU,D
13:40:08,MYOR,RG,1820,1,D,CC,YU,D
13:40:08,MYOR,RG,1820,12,D,YP,YU,D
13:40:08,MYOR,RG,1820,10,D,PD,YU,D
13:40:08,MYOR,RG,1820,13,D,YP,YU,D
13:40:08,MYOR,RG,1820,30,D,YP,YU,D
13:40:08,MYOR,RG,1820,11,D,YP,YU,D
13:40:08,MYOR,RG,1820,2,D,XL,YU,D
13:40:08,MYOR,RG,1820,5,D,YP,YU,D
13:40:08,MYOR,RG,1820,2,D,XL,YU,D
13:40:08,MYOR,RG,1820,500,D,YP,YU,D
13:40:08,MYOR,RG,1820,137,D,PD,YU,D
13:40:08,MYOR,RG,1820,2,D,PD,YU,D
13:40:08,MYOR,RG,1820,1,D,XC,YU,D
13:40:08,MYOR,RG,1820,11,D,XL,YU,D
13:40:08,MYOR,RG,1820,1,D,PD,YU,D
13:40:08,MYOR,RG,1820,100,D,CC,YU,D
13:40:08,MYOR,RG,1820,5,D,CC,YU,D
13:40:08,MYOR,RG,1820,7,D,YP,YU,D
13:40:08,MYOR,RG,1820,10,D,PD,YU,D
13:40:08,MYOR,RG,1820,20,D,PD,YU,D
13:40:08,MYOR,RG,1820,2,D,PD,YU,D
13:40:08,MYOR,RG,1820,2,D,PD,YU,D
13:40:08,MYOR,RG,1820,1,D,PD,YU,D
13:40:08,MYOR,RG,1820,4,D,SQ,YU,D
13:40:08,MYOR,RG,1820,5,D,YP,YU,D
13:40:08,MYOR,RG,1820,1,D,YP,YU,D
13:40:08,MYOR,RG,1820,1,D,PD,YU,D
13:40:08,MYOR,RG,1820,16,D,SQ,YU,D
13:40:01,MYOR,RG,1820,4,D,SQ,AK,F
13:40:01,MYOR,RG,1820,3,D,YP,AK,F
13:40:01,MYOR,RG,1820,1,D,YP,AK,F
13:40:01,MYOR,RG,1820,20,D,GR,AK,F
13:40:01,MYOR,RG,1820,10,D,YP,AK,F
13:40:01,MYOR,RG,1820,67,D,GR,AK,F
13:40:00,MYOR,RG,1820,433,D,GR,YU,D
13:40:00,MYOR,RG,1820,11,D,YP,YU,D
13:40:00,MYOR,RG,1820,3,D,XC,YU,D
13:40:00,MYOR,RG,1820,3,D,PD,YU,D
13:40:00,MYOR,RG,1820,5,D,CC,YU,D
13:40:00,MYOR,RG,1820,2,D,XC,YU,D
13:40:00,MYOR,RG,1820,10,D,CC,YU,D
13:40:00,MYOR,RG,1820,5,D,XC,YU,D
13:40:00,MYOR,RG,1820,55,D,XC,YU,D
13:40:00,MYOR,RG,1820,5,D,XC,YU,D
13:40:00,MYOR,RG,1820,20,D,XC,YU,D
13:40:00,MYOR,RG,1820,10,D,PD,YU,D
13:40:00,MYOR,RG,1820,1,D,PD,YU,D
13:40:00,MYOR,RG,1820,1,D,PD,YU,D
13:40:00,MYOR,RG,1820,25,D,PD,YU,D
13:40:00,MYOR,RG,1820,1,D,PD,YU,D
13:40:00,MYOR,RG,1820,2,D,XC,YU,D
13:40:00,MYOR,RG,1820,50,D,AT,YU,D
13:40:00,MYOR,RG,1820,3,D,AT,YU,D
13:40:00,MYOR,RG,1820,2,D,XC,YU,D
13:40:00,MYOR,RG,1820,100,D,PD,YU,D
13:40:00,MYOR,RG,1820,1,D,XC,YU,D
13:40:00,MYOR,RG,1820,1,D,XC,YU,D
13:40:00,MYOR,RG,1820,5,D,LG,YU,D
13:40:00,MYOR,RG,1820,2,D,AT,YU,D
13:40:00,MYOR,RG,1820,1,D,XC,YU,D
13:40:00,MYOR,RG,1820,5,D,XC,YU,D
13:40:00,MYOR,RG,1820,2,D,PD,YU,D
13:40:00,MYOR,RG,1820,50,D,PD,YU,D
13:40:00,MYOR,RG,1820,100,D,CC,YU,D
13:40:00,MYOR,RG,1820,3,D,YB,YU,D
13:40:00,MYOR,RG,1820,13,D,CC,YU,D
13:40:00,MYOR,RG,1820,10,D,CC,YU,D
13:40:00,MYOR,RG,1820,20,D,LG,YU,D
13:40:00,MYOR,RG,1820,2,D,PD,YU,D
13:40:00,MYOR,RG,1820,1,D,PD,YU,D
13:40:00,MYOR,RG,1820,8,D,PD,YU,D
13:40:00,MYOR,RG,1820,6,D,PD,YU,D
13:40:00,MYOR,RG,1820,5,D,GR,YU,D
13:40:00,MYOR,RG,1820,10,D,CC,YU,D
13:40:00,MYOR,RG,1820,25,D,PD,YU,D
13:40:00,MYOR,RG,1820,9,D,PD,YU,D
13:40:00,MYOR,RG,1820,1,D,XC,YU,D
13:40:00,MYOR,RG,1820,11,D,YP,YU,D
13:40:00,MYOR,RG,1820,10,D,PD,YU,D
13:40:00,MYOR,RG,1820,30,D,DR,YU,D
13:40:00,MYOR,RG,1820,1,D,DR,YU,D
13:40:00,MYOR,RG,1820,4,D,CP,YU,D
13:40:00,MYOR,RG,1820,3,D,CP,YU,D
13:40:00,MYOR,RG,1820,3,D,PD,YU,D
13:40:00,MYOR,RG,1820,5,D,SQ,YU,D
13:40:00,MYOR,RG,1820,30,D,AZ,YU,D
13:40:00,MYOR,RG,1820,110,D,PD,YU,D
13:40:00,MYOR,RG,1820,5,D,XC,YU,D
13:40:00,MYOR,RG,1820,360,D,BQ,YU,D
13:40:00,MYOR,RG,1820,5,D,XC,YU,D
13:40:00,MYOR,RG,1820,10,D,YP,YU,D
13:40:00,MYOR,RG,1820,3,D,XC,YU,D
13:40:00,MYOR,RG,1820,10,D,EP,YU,D
13:40:00,MYOR,RG,1820,1,D,SQ,YU,D
13:40:00,MYOR,RG,1820,3,D,KK,YU,D
13:40:00,MYOR,RG,1820,3,D,XC,YU,D
13:40:00,MYOR,RG,1820,2,D,SQ,YU,D
13:40:00,MYOR,RG,1820,1,D,XC,YU,D
13:40:00,MYOR,RG,1820,100,D,SQ,YU,D
13:40:00,MYOR,RG,1820,17,D,YP,YU,D
13:40:00,MYOR,RG,1820,1,D,KK,YU,D
13:40:00,MYOR,RG,1820,25,D,KK,YU,D
13:40:00,MYOR,RG,1820,10,D,KK,YU,D
13:40:00,MYOR,RG,1820,5,D,XC,YU,D
13:40:00,MYOR,RG,1820,2,D,KK,YU,D
13:40:00,MYOR,RG,1820,2,D,KK,YU,D
13:40:00,MYOR,RG,1820,4,D,EP,YU,D
13:40:00,MYOR,RG,1820,5,D,KK,YU,D
13:40:00,MYOR,RG,1820,10,D,KK,YU,D
13:40:00,MYOR,RG,1820,2,D,XC,YU,D
13:40:00,MYOR,RG,1820,140,D,PD,YU,D
13:40:00,MYOR,RG,1820,1,D,PD,YU,D
13:40:00,MYOR,RG,1820,20,D,PD,YU,D
13:40:00,MYOR,RG,1820,1,D,PD,YU,D
13:40:00,MYOR,RG,1820,1,D,PD,YU,D
13:40:00,MYOR,RG,1820,10,D,PD,YU,D
13:40:00,MYOR,RG,1820,3,D,PD,YU,D
13:40:00,MYOR,RG,1820,1,D,PD,YU,D
13:40:00,MYOR,RG,1820,3,D,EP,YU,D
13:39:01,MYOR,RG,1820,1,D,CC,YU,D
13:39:01,MYOR,RG,1820,1,D,YP,AK,F
13:38:59,MYOR,RG,1825,3,D,YP,CC,F
13:38:46,MYOR,RG,1820,2,D,YP,YU,D
13:38:46,MYOR,RG,1825,2,D,CC,CC,F
13:38:45,MYOR,RG,1825,10,D,XC,CC,F
13:38:30,MYOR,RG,1825,1,D,XC,CC,F
13:38:14,MYOR,RG,1820,1,D,YP,YU,D
13:38:14,MYOR,RG,1820,1,D,YP,AK,F
13:38:13,MYOR,RG,1820,2,D,YP,YU,D
13:38:12,MYOR,RG,1825,15,D,NI,CC,F
13:37:32,MYOR,RG,1820,1,D,YP,YU,D
13:37:32,MYOR,RG,1825,2,D,DR,CC,F
13:36:48,MYOR,RG,1820,1,D,YP,AK,F
13:36:47,MYOR,RG,1825,4,D,PD,CC,F
13:35:51,MYOR,RG,1820,1,D,YP,YU,D
13:35:50,MYOR,RG,1825,1,D,XC,CC,F
13:35:41,MYOR,RG,1820,6,D,YP,YU,D
13:35:40,MYOR,RG,1820,35,D,YP,EP,D
13:35:07,MYOR,RG,1820,1,D,YP,YU,D
13:35:06,MYOR,RG,1825,5,D,SQ,CC,F
13:35:04,MYOR,RG,1820,1,D,YP,YU,D
13:35:03,MYOR,RG,1825,4,D,PD,CC,F
13:35:03,MYOR,RG,1825,2,D,PD,AK,F
13:35:03,MYOR,RG,1825,1,D,PD,AK,F
13:35:03,MYOR,RG,1825,3,D,PD,AK,F
13:34:48,MYOR,RG,1820,1,D,YP,YU,D
13:34:47,MYOR,RG,1820,1,D,YP,AK,F
13:34:47,MYOR,RG,1820,2,D,YP,YU,D
13:34:46,MYOR,RG,1820,15,D,YP,EP,D
13:34:46,MYOR,RG,1820,2,D,YP,YU,D
13:34:45,MYOR,RG,1825,10,F,BK,AK,F
13:34:45,MYOR,RG,1820,1,D,YP,AK,F
13:34:45,MYOR,RG,1820,1,D,YP,YU,D
13:34:44,MYOR,RG,1820,1,D,YP,AK,F
13:34:44,MYOR,RG,1820,5,D,YP,YU,D
13:34:43,MYOR,RG,1820,1,D,YP,AK,F
13:34:43,MYOR,RG,1820,2,D,YP,YU,D
13:34:43,MYOR,RG,1825,30,D,KK,AK,F
13:34:42,MYOR,RG,1825,10,F,BK,CC,F
13:34:38,MYOR,RG,1820,1,D,YP,YU,D
13:34:37,MYOR,RG,1820,5,D,YP,AK,F
13:34:37,MYOR,RG,1820,2,D,YP,YU,D
13:34:37,MYOR,RG,1820,1,D,YP,YU,D
13:34:36,MYOR,RG,1820,14,D,YP,AK,F
13:34:36,MYOR,RG,1820,32,D,YP,YU,D
13:34:36,MYOR,RG,1820,1,D,EP,YU,D
13:34:36,MYOR,RG,1820,10,D,GR,YU,D
13:34:36,MYOR,RG,1820,6,D,PD,YU,D
13:34:36,MYOR,RG,1820,3,D,XC,YU,D
13:34:36,MYOR,RG,1820,3,D,PD,YU,D
13:34:36,MYOR,RG,1820,7,D,YP,YU,D
13:34:36,MYOR,RG,1820,1,D,DH,YU,D
13:34:36,MYOR,RG,1820,17,D,DH,YU,D
13:34:36,MYOR,RG,1820,7,D,DH,YU,D
13:34:35,MYOR,RG,1825,190,D,CP,CC,F
13:34:35,MYOR,RG,1825,1,D,CP,XC,D
13:34:35,MYOR,RG,1825,10,D,CP,AK,F
13:34:35,MYOR,RG,1825,36,D,CP,AK,F
13:34:35,MYOR,RG,1825,1,D,CP,AK,F
13:34:35,MYOR,RG,1825,200,D,CP,CC,F
13:34:35,MYOR,RG,1825,16,D,CP,YU,D
13:34:35,MYOR,RG,1825,5,D,CP,SQ,D
13:34:35,MYOR,RG,1825,40,D,CP,AK,F
13:34:35,MYOR,RG,1825,1,D,CP,NI,D
13:33:53,MYOR,RG,1820,1,D,DH,YU,D
13:33:52,MYOR,RG,1825,3,D,CC,NI,D
13:33:48,MYOR,RG,1820,1,D,DH,AK,F
13:33:47,MYOR,RG,1820,1,D,DH,YU,D
13:33:46,MYOR,RG,1820,5,D,DH,YU,D
13:33:45,MYOR,RG,1825,6,D,XC,NI,D
13:33:45,MYOR,RG,1825,1,D,XC,AK,F
13:33:45,MYOR,RG,1825,25,D,XC,YU,D
13:33:45,MYOR,RG,1820,1,D,DH,YU,D
13:33:44,MYOR,RG,1820,6,D,DH,YU,D
13:33:43,MYOR,RG,1825,3,D,KK,YU,D
13:33:43,MYOR,RG,1825,3,D,KK,AK,F
13:33:43,MYOR,RG,1825,34,D,KK,CC,F
13:33:41,MYOR,RG,1825,1,D,XC,CC,F
13:33:38,MYOR,RG,1820,2,D,DH,AK,F
13:33:38,MYOR,RG,1820,5,D,DH,YU,D
13:33:37,MYOR,RG,1825,30,D,PD,CC,F
13:33:36,MYOR,RG,1820,2,D,DH,YU,D
13:33:35,MYOR,RG,1825,10,D,PD,CC,F
13:33:14,MYOR,RG,1820,1,D,DH,AK,F
13:33:14,MYOR,RG,1820,2,D,DH,YU,D
13:33:13,MYOR,RG,1825,10,D,PD,CC,F
13:32:59,MYOR,RG,1820,1,D,XC,AK,F
13:32:59,MYOR,RG,1820,1,D,XC,YU,D
13:32:58,MYOR,RG,1820,2,D,XC,AK,F
13:32:58,MYOR,RG,1820,1,D,XC,AK,F
13:32:58,MYOR,RG,1820,2,D,XC,AK,F
13:32:58,MYOR,RG,1820,4,D,XC,YU,D
13:32:58,MYOR,RG,1820,10,D,EP,YU,D
13:32:58,MYOR,RG,1820,4,D,XC,YU,D
13:32:57,MYOR,RG,1820,1,D,XC,YP,D
13:32:57,MYOR,RG,1825,100,D,PD,CC,F
13:32:35,MYOR,RG,1820,1,D,XC,YU,D
13:32:34,MYOR,RG,1825,4,D,XC,CC,F
13:31:25,MYOR,RG,1820,1,D,XC,AK,F
13:31:23,MYOR,RG,1820,1,D,XC,YU,D
13:31:23,MYOR,RG,1820,2,D,XC,YU,D
13:31:23,MYOR,RG,1820,9,D,XC,YU,D
13:31:22,MYOR,RG,1820,6,D,XC,YU,D
13:31:22,MYOR,RG,1825,11,D,KK,CC,F
13:31:22,MYOR,RG,1825,40,D,KK,AK,F
13:31:22,MYOR,RG,1825,11,D,KK,YU,D
13:31:22,MYOR,RG,1825,5,D,KK,XC,D
13:31:22,MYOR,RG,1825,33,D,KK,AZ,D
13:31:20,MYOR,RG,1825,2,D,YP,AZ,D
13:31:15,MYOR,RG,1820,1,D,XC,YU,D
13:31:14,MYOR,RG,1820,9,D,XC,YU,D
13:31:14,MYOR,RG,1820,3,D,XC,YU,D
13:31:14,MYOR,RG,1820,5,D,XC,YU,D
13:31:13,MYOR,RG,1825,65,D,PD,AZ,D
13:31:13,MYOR,RG,1825,11,D,PD,AK,F
13:31:13,MYOR,RG,1825,24,D,PD,LG,D
13:31:07,MYOR,RG,1820,1,D,XC,AK,F
13:31:05,MYOR,RG,1820,1,D,XC,YU,D
13:31:05,MYOR,RG,1820,1,D,XC,YU,D
13:31:04,MYOR,RG,1825,6,D,YP,LG,D
13:31:04,MYOR,RG,1825,2,D,YP,XC,D
13:31:04,MYOR,RG,1825,2,D,YP,AZ,D
13:30:59,MYOR,RG,1825,3,D,LS,AZ,D
13:30:59,MYOR,RG,1825,2,D,LS,OD,D
13:30:41,MYOR,RG,1820,1,D,XC,YU,D
13:30:41,MYOR,RG,1825,1,D,XC,OD,D
13:30:25,MYOR,RG,1820,1,D,XC,AK,F
13:30:23,MYOR,RG,1820,6,D,XC,YU,D
13:30:18,MYOR,RG,1820,1,D,XC,AK,F
13:30:16,MYOR,RG,1825,25,D,NI,OD,D
13:30:16,MYOR,RG,1820,4,D,XC,AK,F
13:30:15,MYOR,RG,1820,4,D,XC,YP,D
13:30:15,MYOR,RG,1820,1,D,XC,AK,F
13:30:15,MYOR,RG,1820,1,D,XC,AK,F
13:30:15,MYOR,RG,1820,1,D,XC,AK,F
13:30:14,MYOR,RG,1820,8,D,XC,YU,D
13:30:14,MYOR,RG,1820,22,D,XC,YU,D
13:30:14,MYOR,RG,1820,3,D,XC,YU,D
13:30:14,MYOR,RG,1820,3,D,XC,YU,D
13:30:14,MYOR,RG,1820,2,D,XC,YU,D
13:30:14,MYOR,RG,1820,4,D,EP,YU,D
13:30:14,MYOR,RG,1820,3,D,EP,YU,D
13:30:14,MYOR,RG,1820,31,D,KK,YU,D
13:30:14,MYOR,RG,1820,6,D,KK,YU,D
13:30:14,MYOR,RG,1820,2,D,KK,YU,D
13:30:14,MYOR,RG,1820,9,D,EP,YU,D
13:30:14,MYOR,RG,1820,25,D,PD,YU,D
13:30:14,MYOR,RG,1820,1,D,EP,YU,D
13:30:14,MYOR,RG,1820,1,D,XC,YU,D
13:30:14,MYOR,RG,1820,1,D,XC,YU,D
13:30:14,MYOR,RG,1820,9,D,PD,YU,D
13:30:13,MYOR,RG,1820,1,D,PD,AK,F
13:30:13,MYOR,RG,1820,1,D,PD,AK,F
13:30:10,MYOR,RG,1820,1,D,PD,AK,F
13:30:10,MYOR,RG,1825,2,D,XL,OD,D
13:30:10,MYOR,RG,1825,2,D,XL,XL,D
13:30:10,MYOR,RG,1825,2,D,XL,XC,D
13:30:10,MYOR,RG,1825,1,D,XL,LG,D
13:30:10,MYOR,RG,1825,5,D,XL,YP,D
13:30:10,MYOR,RG,1825,15,D,XL,CC,F
13:30:10,MYOR,RG,1825,5,D,XL,CC,F
13:30:10,MYOR,RG,1825,5,D,XL,CC,F
13:30:10,MYOR,RG,1825,1,D,XL,CC,F
13:30:09,MYOR,RG,1820,3,D,PD,YP,D
13:30:09,MYOR,RG,1820,9,D,PD,AK,F
13:30:08,MYOR,RG,1825,4,D,XL,CC,F
13:30:08,MYOR,RG,1820,1,D,PD,AK,F
13:30:08,MYOR,RG,1825,5,D,PD,CC,F
13:30:07,MYOR,RG,1825,1,D,PD,CC,F
13:30:07,MYOR,RG,1820,5,D,PD,AK,F
13:30:07,MYOR,RG,1820,2,D,EP,AK,F
13:30:07,MYOR,RG,1825,20,D,YP,CC,F
13:30:06,MYOR,RG,1820,10,D,EP,AK,F
13:30:06,MYOR,RG,1820,1,D,AZ,AK,F
13:30:06,MYOR,RG,1820,1,D,AZ,AK,F
13:30:06,MYOR,RG,1820,8,D,AZ,AK,F
13:30:06,MYOR,RG,1820,14,D,XC,AK,F
13:30:06,MYOR,RG,1820,4,D,XC,AK,F
13:30:06,MYOR,RG,1820,1,D,XC,AK,F
13:30:06,MYOR,RG,1820,10,D,XC,AK,F
13:30:06,MYOR,RG,1820,1,D,XC,AK,F
13:30:06,MYOR,RG,1820,3,D,XC,AK,F
13:30:06,MYOR,RG,1820,2,D,XC,AK,F
13:30:06,MYOR,RG,1820,45,D,EP,AK,F
13:30:06,MYOR,RG,1820,4,D,XC,AK,F
13:30:06,MYOR,RG,1820,4,D,XC,AK,F
13:30:06,MYOR,RG,1820,2,D,XC,AK,F
13:30:06,MYOR,RG,1825,35,D,LG,CC,F
13:30:06,MYOR,RG,1825,2,D,PD,CC,F
13:30:06,MYOR,RG,1825,1,D,XL,CC,F
13:30:06,MYOR,RG,1825,1,D,CC,CC,F
13:30:06,MYOR,RG,1820,1,D,XC,XC,D
13:30:06,MYOR,RG,1820,1,D,XC,XC,D
13:30:05,MYOR,RG,1825,3,D,PD,CC,F
13:30:05,MYOR,RG,1820,3,D,XC,SQ,D
13:30:05,MYOR,RG,1820,10,D,XC,YP,D
13:30:04,MYOR,RG,1820,1,D,XC,XC,D
13:30:04,MYOR,RG,1820,1,D,XC,XC,D
13:30:04,MYOR,RG,1825,100,D,PD,CC,F
13:30:04,MYOR,RG,1825,2,D,PD,CC,F
13:30:04,MYOR,RG,1825,1,D,PD,XC,D
13:30:04,MYOR,RG,1820,2,D,XC,YU,D
13:30:04,MYOR,RG,1825,3,D,PD,XC,D
13:30:04,MYOR,RG,1820,2,D,XC,PD,D
13:30:03,MYOR,RG,1825,2,D,PD,XC,D
13:30:03,MYOR,RG,1825,3,D,PD,XC,D
13:30:03,MYOR,RG,1825,18,D,PD,CC,D
13:30:03,MYOR,RG,1825,4,D,PD,PD,D
13:30:03,MYOR,RG,1825,1,D,PD,PD,D
13:30:03,MYOR,RG,1820,1,D,XC,AT,D
13:30:03,MYOR,RG,1820,1,D,XC,AT,D
13:30:03,MYOR,RG,1820,12,D,PD,PD,D
13:30:03,MYOR,RG,1820,3,D,PD,AK,F
13:30:03,MYOR,RG,1820,1,D,PD,PD,D
13:30:03,MYOR,RG,1820,1,D,PD,YP,F
13:30:03,MYOR,RG,1825,1,D,XC,PD,D
13:30:03,MYOR,RG,1825,5,D,XC,CC,F
13:30:03,MYOR,RG,1820,13,D,PD,SQ,D
13:30:03,MYOR,RG,1820,25,D,IU,SQ,D
13:30:03,MYOR,RG,1820,20,D,YB,SQ,D
13:30:03,MYOR,RG,1820,3,D,KK,SQ,D
13:30:03,MYOR,RG,1820,20,D,SQ,SQ,D
13:30:03,MYOR,RG,1820,9,D,TP,SQ,D
13:30:03,MYOR,RG,1820,10,D,PD,SQ,D
13:30:03,MYOR,RG,1820,20,D,PD,SQ,D
13:30:03,MYOR,RG,1820,20,D,SQ,SQ,D
13:30:03,MYOR,RG,1820,11,D,KK,SQ,D
13:30:03,MYOR,RG,1820,10,D,CC,SQ,D
13:30:03,MYOR,RG,1820,2,D,EP,SQ,D
13:30:03,MYOR,RG,1820,10,D,NI,SQ,D
13:30:03,MYOR,RG,1820,10,D,DR,SQ,D
13:30:03,MYOR,RG,1820,5,D,PD,SQ,D
13:30:03,MYOR,RG,1820,5,D,SQ,SQ,D
13:30:03,MYOR,RG,1820,1,D,PD,SQ,D
13:30:03,MYOR,RG,1820,1,D,XC,SQ,D
13:30:03,MYOR,RG,1820,1,D,XC,SQ,D
13:30:03,MYOR,RG,1820,5,D,SQ,SQ,D
13:30:02,MYOR,RG,1825,20,D,PD,CC,F
13:30:02,MYOR,RG,1820,1,D,SQ,XC,D
13:30:02,MYOR,RG,1820,3,D,SQ,XC,D
13:30:02,MYOR,RG,1825,27,D,PD,CC,F
13:30:02,MYOR,RG,1825,11,D,PD,CC,F
13:30:01,MYOR,RG,1820,10,D,SQ,AT,D
13:30:01,MYOR,RG,1820,7,D,SQ,AT,D
13:30:01,MYOR,RG,1825,25,D,ZP,CC,F
13:30:01,MYOR,RG,1825,1,D,AT,CC,F
13:30:01,MYOR,RG,1825,2,D,XC,CC,F
13:30:01,MYOR,RG,1820,1,D,SQ,XC,D
13:30:01,MYOR,RG,1820,1,D,SQ,PD,D
13:30:01,MYOR,RG,1825,3,D,DH,CC,F
13:30:01,MYOR,RG,1825,10,D,DH,CC,F
11:29:55,MYOR,RG,1820,1,D,SQ,AK,F
11:29:54,MYOR,RG,1820,1,D,SQ,YU,D
11:29:54,MYOR,RG,1820,6,D,SQ,AK,F
11:29:54,MYOR,RG,1820,1,D,SQ,AK,F
11:29:39,MYOR,RG,1820,1,D,SQ,YU,D
11:29:39,MYOR,RG,1820,4,D,SQ,AK,F
11:29:39,MYOR,RG,1820,2,D,SQ,AK,F
11:29:39,MYOR,RG,1820,1,D,SQ,AK,F
11:28:58,MYOR,RG,1820,1,D,SQ,AK,F
11:28:57,MYOR,RG,1820,2,D,SQ,YU,D
11:28:57,MYOR,RG,1825,11,D,YP,CC,F
11:28:26,MYOR,RG,1820,1,D,SQ,YU,D
11:28:26,MYOR,RG,1820,1,D,SQ,XC,D
11:28:25,MYOR,RG,1820,2,D,DR,YU,D
11:28:17,MYOR,RG,1820,2,D,DR,YU,D
11:28:07,MYOR,RG,1815,4,D,GR,YU,D
11:28:07,MYOR,RG,1815,1,D,GR,YU,D
11:28:06,MYOR,RG,1820,8,D,XC,YU,D
11:28:06,MYOR,RG,1820,10,D,XC,AK,F
11:28:06,MYOR,RG,1820,3,D,XC,AK,F
11:28:06,MYOR,RG,1820,5,D,XC,AK,F
11:28:00,MYOR,RG,1815,2,D,GR,YU,D
11:28:00,MYOR,RG,1820,12,D,SQ,AK,F
11:28:00,MYOR,RG,1820,3,D,SQ,AK,F
11:26:44,MYOR,RG,1815,1,D,GR,YU,D
11:26:43,MYOR,RG,1820,1,D,XC,CC,F
11:26:25,MYOR,RG,1815,1,D,GR,AK,F
11:26:25,MYOR,RG,1815,1,D,GR,AK,F
11:26:22,MYOR,RG,1815,1,D,GR,YU,D
11:26:22,MYOR,RG,1820,8,D,EP,CC,F
11:26:13,MYOR,RG,1815,1,D,GR,YU,D
11:26:13,MYOR,RG,1820,2,D,PD,CC,F
11:26:06,MYOR,RG,1815,1,D,GR,AK,F
11:26:04,MYOR,RG,1820,2,D,XC,CC,F
11:25:39,MYOR,RG,1815,1,D,GR,BQ,D
11:25:22,MYOR,RG,1815,1,D,GR,YU,D
11:25:21,MYOR,RG,1820,5,D,KK,CC,F
11:25:14,MYOR,RG,1815,1,D,GR,YU,D
11:25:14,MYOR,RG,1815,1,D,GR,AK,F
11:24:39,MYOR,RG,1815,2,D,GR,AK,F
11:24:39,MYOR,RG,1815,1,D,GR,YU,D
11:24:39,MYOR,RG,1815,1,D,GR,YU,D
11:24:39,MYOR,RG,1815,2,D,GR,AK,F
11:24:39,MYOR,RG,1815,4,D,GR,AK,F
11:24:38,MYOR,RG,1815,3,D,GR,AK,F
11:24:38,MYOR,RG,1815,5,D,GR,AK,F
11:24:38,MYOR,RG,1815,10,D,GR,YU,D
11:24:38,MYOR,RG,1815,8,D,YP,YU,D
11:24:37,MYOR,RG,1820,100,D,DH,CC,F
11:24:26,MYOR,RG,1815,1,D,YP,AK,F
11:24:26,MYOR,RG,1815,1,D,YP,YU,D
11:24:25,MYOR,RG,1820,6,D,EP,CC,F
11:24:12,MYOR,RG,1815,1,D,YP,AK,F
11:24:12,MYOR,RG,1815,1,D,YP,YU,D
11:24:11,MYOR,RG,1820,6,D,MG,CC,F
11:23:57,MYOR,RG,1815,1,D,YP,YU,D
11:23:56,MYOR,RG,1815,1,D,YP,AK,F
11:23:56,MYOR,RG,1815,1,D,YP,YU,D
11:23:55,MYOR,RG,1815,7,D,YP,AK,F
11:23:55,MYOR,RG,1815,24,D,YP,YU,D
11:23:54,MYOR,RG,1815,139,D,YP,AK,F
11:23:49,MYOR,RG,1815,1,D,YP,YU,D
11:23:48,MYOR,RG,1820,2,D,PD,CC,F
11:23:47,MYOR,RG,1815,1,D,YP,AK,F
11:23:46,MYOR,RG,1815,1,D,YP,YU,D
11:23:45,MYOR,RG,1820,5,D,NI,CC,F
11:23:44,MYOR,RG,1815,1,D,YP,YU,D
11:23:43,MYOR,RG,1815,2,D,YP,AK,F
11:23:43,MYOR,RG,1815,1,D,YP,YU,D
11:23:43,MYOR,RG,1815,3,D,YP,YU,D
11:23:42,MYOR,RG,1815,2,D,YP,AK,F
11:23:42,MYOR,RG,1815,7,D,YP,YU,D
11:23:42,MYOR,RG,1815,24,D,YP,YU,D
11:23:41,MYOR,RG,1820,28,D,HD,CC,F
11:23:41,MYOR,RG,1820,7,D,HD,AK,F
11:23:41,MYOR,RG,1820,1,D,HD,AK,F
11:23:41,MYOR,RG,1820,18,D,HD,YU,D
11:23:41,MYOR,RG,1820,13,D,HD,YU,D
11:23:41,MYOR,RG,1820,133,D,HD,PD,D
11:23:40,MYOR,RG,1815,1,D,YP,YU,D
11:23:39,MYOR,RG,1820,4,D,MG,PD,D
11:23:35,MYOR,RG,1820,2,D,KK,PD,D
11:23:33,MYOR,RG,1815,1,D,YP,AK,F
11:23:33,MYOR,RG,1815,2,D,YP,YU,D
11:23:32,MYOR,RG,1820,10,D,XC,PD,D
11:23:29,MYOR,RG,1815,2,D,YP,AK,F
11:23:29,MYOR,RG,1815,2,D,YP,YU,D
11:23:28,MYOR,RG,1815,10,D,YP,AK,F
11:23:28,MYOR,RG,1815,34,D,YP,YU,D
11:23:28,MYOR,RG,1815,1,D,YP,YU,D
11:23:27,MYOR,RG,1820,1,D,NI,PD,D
11:23:27,MYOR,RG,1820,33,D,DH,PD,D
11:23:27,MYOR,RG,1820,20,D,PD,PD,D
11:23:27,MYOR,RG,1820,8,D,PD,PD,D
11:23:27,MYOR,RG,1820,10,D,SQ,PD,D
11:23:27,MYOR,RG,1820,6,D,KK,PD,D
11:23:27,MYOR,RG,1820,100,D,CC,PD,D
11:23:27,MYOR,RG,1820,5,D,PD,PD,D
11:23:27,MYOR,RG,1820,1,D,XC,PD,D
11:23:27,MYOR,RG,1820,1,D,XC,PD,D
11:23:27,MYOR,RG,1820,10,D,YP,PD,D
11:23:27,MYOR,RG,1820,1,D,PD,PD,D
11:23:25,MYOR,RG,1820,1,D,PD,PD,D
11:23:19,MYOR,RG,1825,4,D,MG,CC,F
11:23:12,MYOR,RG,1820,1,D,PD,YU,D
11:23:11,MYOR,RG,1820,1,D,XL,AK,F
11:23:10,MYOR,RG,1820,1,D,XL,AK,F
11:23:10,MYOR,RG,1820,3,D,XL,YU,D
11:23:09,MYOR,RG,1820,21,D,XL,AK,F
11:23:05,MYOR,RG,1820,2,D,XL,YU,D
11:23:04,MYOR,RG,1825,6,D,DH,CC,F
11:22:57,MYOR,RG,1825,3,D,MG,CC,F
11:22:53,MYOR,RG,1825,1,D,XC,CC,F
11:22:46,MYOR,RG,1825,1,D,MG,CC,F
11:22:44,MYOR,RG,1820,1,D,KK,YU,D
11:22:43,MYOR,RG,1825,1,D,MG,CC,F
11:22:35,MYOR,RG,1825,1,D,MG,CC,F
11:22:24,MYOR,RG,1820,1,D,SQ,AK,F
11:22:23,MYOR,RG,1820,1,D,SQ,AK,F
11:22:23,MYOR,RG,1820,2,D,LG,AK,F
11:22:12,MYOR,RG,1820,1,D,LG,YU,D
11:22:11,MYOR,RG,1820,1,D,LG,AK,F
11:22:11,MYOR,RG,1820,1,D,LG,YU,D
11:22:11,MYOR,RG,1820,1,D,LG,YU,D
11:22:10,MYOR,RG,1820,6,D,LG,AK,F
11:22:10,MYOR,RG,1820,12,D,LG,YU,D
11:22:10,MYOR,RG,1820,3,D,LG,YU,D
11:22:10,MYOR,RG,1820,2,D,PD,YU,D
11:22:09,MYOR,RG,1820,3,D,PD,AK,F
11:22:09,MYOR,RG,1820,2,D,CC,AK,F
11:22:09,MYOR,RG,1820,8,D,CC,YU,D
11:22:09,MYOR,RG,1820,2,D,EP,YU,D
11:22:09,MYOR,RG,1820,5,D,CC,YU,D
11:22:09,MYOR,RG,1820,15,D,CC,BK,F
11:22:09,MYOR,RG,1820,8,D,XC,BK,F
11:22:09,MYOR,RG,1820,1,D,LG,BK,F
11:22:09,MYOR,RG,1820,1,D,NI,BK,F
11:22:09,MYOR,RG,1820,30,D,IF,BK,F
11:22:09,MYOR,RG,1820,45,D,PD,BK,F
11:22:09,MYOR,RG,1820,1,D,PD,YU,D
11:22:08,MYOR,RG,1820,7,D,PD,AK,F
11:22:08,MYOR,RG,1820,60,D,PD,AK,F
11:22:08,MYOR,RG,1820,10,D,XC,AK,F
11:22:08,MYOR,RG,1820,5,D,KK,AK,F
11:22:08,MYOR,RG,1820,6,D,YP,AK,F
11:22:08,MYOR,RG,1820,19,D,YP,YU,D
11:22:08,MYOR,RG,1820,3,D,YP,YU,D
11:22:07,MYOR,RG,1820,7,D,YP,AK,F
11:22:07,MYOR,RG,1820,3,D,YP,YU,D
11:22:07,MYOR,RG,1820,100,D,YP,BK,F
11:22:07,MYOR,RG,1820,18,D,YP,YU,D
11:22:06,MYOR,RG,1825,30,D,XL,CC,F
11:22:06,MYOR,RG,1820,6,D,YP,AK,F
11:22:06,MYOR,RG,1820,100,D,YP,BK,F
11:22:06,MYOR,RG,1820,17,D,YP,YU,D
11:22:06,MYOR,RG,1820,1,D,YP,YU,D
11:22:05,MYOR,RG,1820,1,D,YP,AK,F
11:22:05,MYOR,RG,1820,19,D,YP,BK,F
11:22:05,MYOR,RG,1820,49,D,YP,BK,F
11:22:05,MYOR,RG,1820,1,D,PD,BK,F
11:22:05,MYOR,RG,1820,1,D,XC,BK,F
11:22:05,MYOR,RG,1820,4,D,XC,BK,F
11:22:05,MYOR,RG,1820,26,D,PD,BK,F
11:22:05,MYOR,RG,1820,1,D,PD,YU,D
11:22:04,MYOR,RG,1820,5,D,PD,AK,F
11:22:04,MYOR,RG,1820,16,D,PD,YU,D
11:22:04,MYOR,RG,1820,1,D,PD,YU,D
11:22:03,MYOR,RG,1820,66,D,PD,BK,F
11:22:03,MYOR,RG,1820,30,D,YP,BK,F
11:22:03,MYOR,RG,1820,4,D,NI,BK,F
11:22:02,MYOR,RG,1820,1,D,CC,YU,D
11:22:01,MYOR,RG,1820,2,D,CC,AK,F
11:22:01,MYOR,RG,1820,2,D,CC,YU,D
11:22:01,MYOR,RG,1820,1,D,YP,YU,D
11:22:01,MYOR,RG,1820,1,D,YP,YU,D
11:22:00,MYOR,RG,1820,23,D,YP,YU,D
11:22:00,MYOR,RG,1820,5,D,AZ,YU,D
11:22:00,MYOR,RG,1820,1,D,YP,YU,D
11:21:59,MYOR,RG,1820,2,D,YP,AK,F
11:21:59,MYOR,RG,1820,4,D,YP,YU,D
11:21:59,MYOR,RG,1820,1,D,YP,YU,D
11:21:58,MYOR,RG,1820,2,D,YP,AK,F
11:21:58,MYOR,RG,1820,2,D,YP,AK,F
11:21:58,MYOR,RG,1820,3,D,PD,AK,F
11:21:58,MYOR,RG,1820,19,D,YP,YU,D
11:21:58,MYOR,RG,1820,21,D,YP,AK,F
11:21:58,MYOR,RG,1820,5,D,YP,YU,D
11:21:57,MYOR,RG,1820,10,D,YP,AK,F
11:21:57,MYOR,RG,1820,10,D,PD,AK,F
11:21:57,MYOR,RG,1820,35,D,YP,AK,F
11:21:57,MYOR,RG,1820,15,D,YP,AK,F
11:21:57,MYOR,RG,1820,31,D,YP,AK,F
11:21:57,MYOR,RG,1820,10,D,YP,YU,D
11:21:57,MYOR,RG,1820,35,D,YP,YU,D
11:21:56,MYOR,RG,1820,1,D,YP,AK,F
11:21:56,MYOR,RG,1820,1,D,YP,AK,F
11:21:56,MYOR,RG,1820,22,D,YP,PD,D
11:21:56,MYOR,RG,1820,1,D,PD,PD,D
11:21:56,MYOR,RG,1820,10,D,DR,PD,D
11:21:56,MYOR,RG,1820,10,D,GR,PD,D
11:21:56,MYOR,RG,1820,6,D,PD,PD,D
11:21:56,MYOR,RG,1820,1,D,XC,PD,D
11:21:56,MYOR,RG,1820,20,D,XC,PD,D
11:21:56,MYOR,RG,1820,5,D,KK,PD,D
11:21:56,MYOR,RG,1820,10,D,YP,PD,D
11:21:56,MYOR,RG,1820,2,D,PD,PD,D
11:21:56,MYOR,RG,1820,5,D,XC,PD,D
11:21:56,MYOR,RG,1820,197,D,SQ,PD,D
11:21:55,MYOR,RG,1820,1,D,SQ,AK,F
11:21:55,MYOR,RG,1820,1,D,SQ,AK,F
11:21:55,MYOR,RG,1820,1,D,SQ,YU,D
11:21:55,MYOR,RG,1820,2,D,XC,YU,D
11:21:55,MYOR,RG,1820,1,D,XC,YU,D
11:21:54,MYOR,RG,1820,12,D,XC,AK,F
11:21:54,MYOR,RG,1820,1,D,XC,AK,F
11:21:54,MYOR,RG,1820,2,D,XC,AK,F
11:21:54,MYOR,RG,1820,6,D,AI,AK,F
11:21:39,MYOR,RG,1820,1,D,AI,AK,F
11:21:39,MYOR,RG,1820,1,D,AI,YU,D
11:21:38,MYOR,RG,1820,1,D,AI,AK,F
11:21:38,MYOR,RG,1820,1,D,AI,AK,F
11:21:38,MYOR,RG,1820,6,D,AI,AK,F
11:21:38,MYOR,RG,1820,6,D,AI,YU,D
11:21:37,MYOR,RG,1825,30,D,PD,CC,F
11:21:22,MYOR,RG,1820,1,D,AI,YU,D
11:21:21,MYOR,RG,1820,5,D,AI,XC,D
11:20:54,MYOR,RG,1820,1,D,AI,AK,F
11:20:53,MYOR,RG,1820,2,D,AI,YU,D
11:20:52,MYOR,RG,1820,10,D,AI,PD,D
11:20:40,MYOR,RG,1820,2,D,AI,AK,F
11:20:40,MYOR,RG,1820,2,D,AI,YU,D
11:20:40,MYOR,RG,1820,3,D,AI,YU,D
11:20:39,MYOR,RG,1820,2,D,AI,AK,F
11:20:39,MYOR,RG,1820,1,D,CC,AK,F
11:20:39,MYOR,RG,1820,10,D,YP,AK,F
11:20:39,MYOR,RG,1820,15,D,PD,AK,F
11:20:20,MYOR,RG,1820,1,D,PD,YU,D
11:20:20,MYOR,RG,1820,2,D,PD,AK,F
11:20:20,MYOR,RG,1820,5,D,PD,YU,D
11:20:19,MYOR,RG,1820,5,D,PD,AK,F
11:20:19,MYOR,RG,1820,28,D,PD,AK,F
11:20:18,MYOR,RG,1820,16,D,PD,YU,D
11:20:18,MYOR,RG,1825,90,D,PD,CC,F
11:20:15,MYOR,RG,1820,1,D,PD,AK,F
11:20:14,MYOR,RG,1820,4,D,PD,YU,D
11:20:13,MYOR,RG,1825,20,D,PD,CC,F
11:20:09,MYOR,RG,1820,1,D,PD,AT,D
11:19:58,MYOR,RG,1820,1,D,PD,AK,F
11:19:57,MYOR,RG,1820,1,D,PD,AK,F
11:19:57,MYOR,RG,1820,3,D,PD,YU,D
11:19:56,MYOR,RG,1820,1,D,PD,YU,D
11:19:56,MYOR,RG,1820,16,D,PD,AK,F
11:19:56,MYOR,RG,1820,5,D,PD,AK,F
11:19:55,MYOR,RG,1820,1,D,PD,AK,F
11:19:54,MYOR,RG,1820,4,D,PD,YU,D
11:19:54,MYOR,RG,1820,21,D,PD,AK,F
11:19:31,MYOR,RG,1820,1,D,PD,YU,D
11:19:31,MYOR,RG,1820,5,D,PD,XC,D
11:19:11,MYOR,RG,1820,1,D,PD,AK,F
11:19:10,MYOR,RG,1820,1,D,PD,AK,F
11:19:09,MYOR,RG,1820,3,D,PD,YU,D
11:19:09,MYOR,RG,1820,20,D,PD,AK,F
11:18:44,MYOR,RG,1820,1,D,PD,YU,D
11:18:44,MYOR,RG,1820,1,D,PD,AK,F
11:18:43,MYOR,RG,1820,3,D,PD,YU,D
11:18:43,MYOR,RG,1825,20,D,CC,CC,F
11:18:42,MYOR,RG,1820,1,D,PD,CC,D
11:18:34,MYOR,RG,1820,1,D,PD,YU,D
11:18:34,MYOR,RG,1820,1,D,PD,AK,F
11:18:33,MYOR,RG,1820,3,D,PD,YU,D
11:18:33,MYOR,RG,1820,20,D,PD,AK,F
11:18:33,MYOR,RG,1820,1,D,PD,AK,F
11:18:32,MYOR,RG,1820,2,D,PD,YU,D
11:18:32,MYOR,RG,1825,8,D,XC,CC,F
11:18:18,MYOR,RG,1825,1,D,XC,CC,F
11:18:08,MYOR,RG,1820,1,D,PD,YU,D
11:18:08,MYOR,RG,1825,5,D,YP,CC,F
11:17:53,MYOR,RG,1825,2,D,KK,CC,F
11:17:47,MYOR,RG,1825,1,D,PD,CC,F
11:17:40,MYOR,RG,1820,1,D,PD,YU,D
11:17:40,MYOR,RG,1820,2,D,PD,AK,F
11:17:39,MYOR,RG,1820,2,D,CC,YU,D
11:17:39,MYOR,RG,1820,1,D,CC,YU,D
11:17:39,MYOR,RG,1820,2,D,CC,AK,F
11:17:39,MYOR,RG,1820,10,D,EP,AK,F
11:17:39,MYOR,RG,1820,9,D,PD,AK,F
11:17:25,MYOR,RG,1820,1,D,PD,AK,F
11:17:24,MYOR,RG,1820,6,D,PD,YU,D
11:17:24,MYOR,RG,1825,30,D,XC,CC,F
11:17:05,MYOR,RG,1820,1,D,PD,AK,F
11:17:04,MYOR,RG,1820,1,D,PD,AK,F
11:17:03,MYOR,RG,1820,2,D,PD,YU,D
11:17:03,MYOR,RG,1820,1,D,XC,YU,D
11:17:03,MYOR,RG,1820,18,D,KK,AK,F
11:17:01,MYOR,RG,1820,1,D,KK,YU,D
11:17:01,MYOR,RG,1820,1,D,KK,AK,F
11:17:00,MYOR,RG,1820,4,D,KK,YU,D
11:17:00,MYOR,RG,1820,1,D,KK,YU,D
11:17:00,MYOR,RG,1820,24,D,YP,YU,D
11:16:49,MYOR,RG,1820,1,D,YP,YU,D
11:16:48,MYOR,RG,1825,4,D,XL,CC,F
11:16:41,MYOR,RG,1820,1,D,YP,AK,F
11:16:40,MYOR,RG,1820,1,D,YP,AK,F
11:16:39,MYOR,RG,1820,2,D,YP,YU,D
11:16:39,MYOR,RG,1820,2,D,YP,YU,D
11:16:39,MYOR,RG,1820,9,D,YP,AK,F
11:16:39,MYOR,RG,1820,5,D,PD,AK,F
11:16:39,MYOR,RG,1820,11,D,KK,AK,F
11:15:56,MYOR,RG,1820,1,D,KK,YU,D
11:15:56,MYOR,RG,1820,1,D,KK,AK,F
11:15:55,MYOR,RG,1820,3,D,KK,YU,D
11:15:55,MYOR,RG,1820,2,D,KK,AK,F
11:15:55,MYOR,RG,1820,18,D,KK,AK,F
11:15:54,MYOR,RG,1820,2,D,KK,YU,D
11:15:54,MYOR,RG,1820,2,D,KK,YU,D
11:15:54,MYOR,RG,1820,10,D,KK,AK,F
11:15:54,MYOR,RG,1820,1,D,PD,AK,F
11:15:54,MYOR,RG,1820,10,D,PD,AK,F
11:15:54,MYOR,RG,1820,1,D,YP,AK,F
11:15:54,MYOR,RG,1820,2,D,PD,AK,F
11:15:35,MYOR,RG,1820,2,D,PD,YU,D
11:15:35,MYOR,RG,1820,1,D,PD,YU,D
11:15:34,MYOR,RG,1825,11,D,EP,CC,F
11:15:34,MYOR,RG,1825,2,D,XC,CC,F
11:15:32,MYOR,RG,1820,1,D,PD,AK,F
11:15:30,MYOR,RG,1820,2,D,PD,YU,D
11:15:29,MYOR,RG,1820,10,D,PD,CC,D
11:15:28,MYOR,RG,1825,5,D,YP,CC,F
11:14:49,MYOR,RG,1820,1,D,PD,YU,D
11:14:48,MYOR,RG,1820,1,D,PD,AK,F
11:14:47,MYOR,RG,1825,3,D,XC,CC,F
11:14:42,MYOR,RG,1820,2,D,DR,YU,D
11:14:42,MYOR,RG,1825,10,D,YP,CC,F
11:14:42,MYOR,RG,1820,1,D,DR,AK,F
11:14:41,MYOR,RG,1820,2,D,DR,YU,D
11:14:40,MYOR,RG,1825,12,D,PD,CC,F
11:14:33,MYOR,RG,1825,1,D,PD,CC,F
11:13:57,MYOR,RG,1815,1,D,YP,YU,D
11:13:56,MYOR,RG,1815,1,D,YP,AK,F
11:13:56,MYOR,RG,1815,1,D,YP,YU,D
11:13:56,MYOR,RG,1815,3,D,YP,YU,D
11:13:56,MYOR,RG,1820,5,D,PD,AK,F
11:13:55,MYOR,RG,1820,1,D,NI,AK,F
11:13:55,MYOR,RG,1820,4,D,NI,PD,D
11:13:55,MYOR,RG,1815,14,D,YP,AK,F
11:13:54,MYOR,RG,1815,1,D,YP,AK,F
11:13:53,MYOR,RG,1815,1,D,YP,YU,D
11:13:52,MYOR,RG,1815,1,D,YP,AK,F
11:13:52,MYOR,RG,1815,2,D,YP,YU,D
11:13:52,MYOR,RG,1815,6,D,YP,YU,D
11:13:51,MYOR,RG,1820,16,D,XC,PD,D
11:13:51,MYOR,RG,1820,35,D,XC,YU,D
11:13:51,MYOR,RG,1820,1,D,DR,YU,D
11:13:45,MYOR,RG,1815,1,D,YP,YU,D
11:13:45,MYOR,RG,1815,1,D,YP,YU,D
11:13:44,MYOR,RG,1820,2,D,XC,YU,D
11:13:44,MYOR,RG,1820,2,D,XC,AK,F
11:13:44,MYOR,RG,1820,3,D,XC,AK,F
11:13:44,MYOR,RG,1820,1,D,XC,AK,F
11:13:39,MYOR,RG,1815,3,D,YP,YU,D
11:13:38,MYOR,RG,1815,3,D,YP,YU,D
11:13:38,MYOR,RG,1815,16,D,YP,AK,F
11:13:38,MYOR,RG,1820,20,D,PD,AK,F
11:13:33,MYOR,RG,1820,1,D,YP,AK,F
11:13:16,MYOR,RG,1815,2,D,YP,YU,D
11:13:15,MYOR,RG,1820,10,D,LS,AK,F
11:13:12,MYOR,RG,1820,1,D,YU,AK,F
11:13:09,MYOR,RG,1815,8,D,YP,YU,D
11:13:09,MYOR,RG,1815,1,D,YP,YU,D
11:13:09,MYOR,RG,1820,4,D,PD,AK,F
11:13:09,MYOR,RG,1820,36,D,PD,AK,F
11:13:09,MYOR,RG,1820,6,D,PD,AK,F
11:13:09,MYOR,RG,1820,4,D,PD,YU,D
11:12:55,MYOR,RG,1815,2,D,YP,AK,F
11:12:55,MYOR,RG,1815,5,D,YP,YU,D
11:12:54,MYOR,RG,1815,27,D,YP,AK,F
11:12:47,MYOR,RG,1815,1,D,YP,YU,D
11:12:46,MYOR,RG,1820,5,D,CC,YU,D
11:12:45,MYOR,RG,1815,1,D,YP,YU,D
11:12:44,MYOR,RG,1820,4,D,XC,YU,D
11:12:44,MYOR,RG,1820,1,D,XC,AK,F
11:12:43,MYOR,RG,1815,1,D,YP,AK,F
11:12:43,MYOR,RG,1815,1,D,YP,YU,D
11:12:43,MYOR,RG,1820,5,D,CC,AK,F
11:12:42,MYOR,RG,1815,1,D,YP,YU,D
11:12:41,MYOR,RG,1820,4,D,XC,AK,F
11:12:34,MYOR,RG,1815,1,D,YP,YU,D
11:12:33,MYOR,RG,1820,5,D,PD,AK,F
11:12:27,MYOR,RG,1820,5,D,XC,AK,F
11:11:59,MYOR,RG,1815,1,D,YP,YU,D
11:11:58,MYOR,RG,1820,1,D,XL,AK,F
11:11:38,MYOR,RG,1815,1,D,YP,AK,F
11:11:37,MYOR,RG,1815,2,D,YP,YU,D
11:11:36,MYOR,RG,1820,2,D,NI,AK,F
11:11:36,MYOR,RG,1820,8,D,NI,BK,F
11:11:31,MYOR,RG,1815,1,D,YP,AK,F
11:11:31,MYOR,RG,1815,1,D,YP,YU,D
11:11:30,MYOR,RG,1820,10,D,XL,BK,F
11:11:19,MYOR,RG,1815,2,D,YP,YU,D
11:11:18,MYOR,RG,1815,10,D,YP,AK,F
11:11:17,MYOR,RG,1815,1,D,YP,AK,F
11:11:17,MYOR,RG,1815,1,D,YP,YU,D
11:11:16,MYOR,RG,1815,1,D,YP,AK,F
11:11:16,MYOR,RG,1815,4,D,YP,YU,D
11:11:15,MYOR,RG,1820,25,D,PD,BK,F
11:11:10,MYOR,RG,1815,1,D,YP,AK,F
11:11:10,MYOR,RG,1815,2,D,YP,YU,D
11:11:10,MYOR,RG,1815,1,D,YP,YU,D
11:11:09,MYOR,RG,1815,11,D,YP,AK,F
11:11:09,MYOR,RG,1820,5,D,NI,BK,F
11:11:09,MYOR,RG,1815,2,D,YP,YU,D
11:11:08,MYOR,RG,1820,10,D,PD,BK,F
11:11:04,MYOR,RG,1815,1,D,YP,AK,F
11:11:03,MYOR,RG,1815,1,D,YP,YU,D
11:11:02,MYOR,RG,1815,3,D,YP,AK,F
11:11:02,MYOR,RG,1815,6,D,YP,YU,D
11:11:02,MYOR,RG,1815,3,D,YP,YU,D
11:11:01,MYOR,RG,1815,6,D,YP,AK,F
11:11:01,MYOR,RG,1815,30,D,YP,AK,F
11:11:01,MYOR,RG,1815,1,D,YP,YU,D
11:11:01,MYOR,RG,1815,18,D,YP,YU,D
11:11:00,MYOR,RG,1815,2,D,YP,YU,D
11:11:00,MYOR,RG,1815,4,D,XC,YU,D
11:11:00,MYOR,RG,1815,3,D,XC,YU,D
11:11:00,MYOR,RG,1815,1,D,PD,YU,D
11:11:00,MYOR,RG,1815,2,D,LG,YU,D
11:11:00,MYOR,RG,1815,1,D,PD,YU,D
11:11:00,MYOR,RG,1815,12,D,PD,YU,D
11:11:00,MYOR,RG,1820,100,D,YP,BK,F
11:09:59,MYOR,RG,1815,3,D,PD,YP,D
11:07:18,MYOR,RG,1815,1,D,PD,YU,D
11:07:17,MYOR,RG,1815,1,D,PD,AK,F
11:07:17,MYOR,RG,1815,1,D,PD,YU,D
11:07:17,MYOR,RG,1815,7,D,PD,AK,F
11:07:16,MYOR,RG,1815,1,D,PD,AK,F
11:07:15,MYOR,RG,1815,2,D,PD,YU,D
11:07:15,MYOR,RG,1815,9,D,PD,SQ,D
11:07:15,MYOR,RG,1820,5,D,OD,SQ,D
11:06:42,MYOR,RG,1815,1,D,PD,YU,D
11:06:42,MYOR,RG,1825,1,D,PD,CC,F
11:06:26,MYOR,RG,1815,1,D,PD,AK,F
11:06:25,MYOR,RG,1815,3,D,PD,YU,D
11:06:25,MYOR,RG,1815,2,D,PD,AK,F
11:06:25,MYOR,RG,1815,14,D,PD,AK,F
11:06:24,MYOR,RG,1815,2,D,PD,YU,D
11:06:24,MYOR,RG,1815,3,D,YP,YU,D
11:06:24,MYOR,RG,1815,1,D,PD,YU,D
11:06:24,MYOR,RG,1815,1,D,PD,YU,D
11:06:24,MYOR,RG,1815,2,D,PD,AK,F
11:06:24,MYOR,RG,1815,5,D,CC,AK,F
11:06:24,MYOR,RG,1815,1,D,PD,AK,F
11:06:24,MYOR,RG,1815,2,D,DH,AK,F
11:06:24,MYOR,RG,1815,10,D,YP,AK,F
11:06:24,MYOR,RG,1815,1,D,XC,AK,F
11:06:24,MYOR,RG,1815,1,D,XC,AK,F
11:06:24,MYOR,RG,1815,5,D,YP,AK,F
11:06:24,MYOR,RG,1815,11,D,CC,AK,F
11:06:24,MYOR,RG,1815,2,D,OD,AK,F
11:04:45,MYOR,RG,1815,1,D,OD,AK,F
11:04:44,MYOR,RG,1815,1,D,YP,YU,D
11:04:44,MYOR,RG,1815,2,D,YP,YU,D
11:04:44,MYOR,RG,1815,5,D,YP,AK,F
11:04:44,MYOR,RG,1815,10,D,YP,AK,F
11:04:43,MYOR,RG,1815,9,D,YP,YU,D
11:04:43,MYOR,RG,1815,1,D,YP,YU,D
11:04:43,MYOR,RG,1815,3,D,YP,AK,F
11:04:43,MYOR,RG,1815,7,D,PD,AK,F
11:04:43,MYOR,RG,1815,3,D,PD,AK,F
11:04:43,MYOR,RG,1815,1,D,YP,AK,F
11:04:43,MYOR,RG,1815,1,D,XC,AK,F
11:04:43,MYOR,RG,1815,5,D,YP,AK,F
11:04:43,MYOR,RG,1815,3,D,PD,AK,F
11:04:43,MYOR,RG,1815,2,D,PD,AK,F
11:04:43,MYOR,RG,1815,2,D,XC,AK,F
11:04:43,MYOR,RG,1815,1,D,LS,AK,F
11:04:43,MYOR,RG,1815,1,D,AZ,AK,F
11:04:43,MYOR,RG,1815,1,D,PD,AK,F
11:04:43,MYOR,RG,1815,2,D,XC,AK,F
11:04:43,MYOR,RG,1815,20,D,CC,AK,F
11:04:43,MYOR,RG,1815,2,D,NI,AK,F
11:04:43,MYOR,RG,1815,1,D,XC,AK,F
11:04:43,MYOR,RG,1815,1,D,YP,AK,F
11:04:42,MYOR,RG,1815,4,D,YP,YU,D
11:04:42,MYOR,RG,1815,2,D,XC,YU,D
11:04:42,MYOR,RG,1815,24,D,CC,YU,D
11:04:42,MYOR,RG,1815,5,D,CC,YU,D
11:04:41,MYOR,RG,1815,21,D,CC,NI,D
11:04:41,MYOR,RG,1815,1,D,XC,NI,D
11:04:41,MYOR,RG,1815,1,D,DH,NI,D
11:04:41,MYOR,RG,1815,2,D,XL,NI,D
11:04:41,MYOR,RG,1815,6,D,XC,NI,D
11:04:41,MYOR,RG,1815,1,D,KK,NI,D
11:04:41,MYOR,RG,1815,1,D,NI,NI,D
11:04:41,MYOR,RG,1815,1,D,XC,NI,D
11:04:41,MYOR,RG,1815,100,D,DH,NI,D
11:04:41,MYOR,RG,1815,1,D,XC,NI,D
11:04:41,MYOR,RG,1815,2,D,XC,NI,D
11:04:41,MYOR,RG,1815,37,D,YP,NI,D
11:04:41,MYOR,RG,1820,26,D,PD,NI,D
11:04:37,MYOR,RG,1820,1,D,PD,AK,F
11:04:36,MYOR,RG,1820,1,D,PD,YU,D
11:04:35,MYOR,RG,1820,1,D,PD,AK,F
11:04:35,MYOR,RG,1820,3,D,PD,AK,F
11:04:35,MYOR,RG,1820,1,D,PD,YU,D
11:04:35,MYOR,RG,1820,3,D,PD,AK,F
11:04:34,MYOR,RG,1820,6,D,PD,YU,D
11:04:34,MYOR,RG,1820,3,D,PD,YU,D
11:04:33,MYOR,RG,1820,3,D,PD,AK,F
11:04:33,MYOR,RG,1820,12,D,PD,YU,D
11:04:33,MYOR,RG,1820,14,D,PD,YU,D
11:04:33,MYOR,RG,1820,5,D,PD,YP,D
11:04:33,MYOR,RG,1820,3,D,PD,AK,F
11:04:33,MYOR,RG,1820,4,D,PD,AK,F
11:04:33,MYOR,RG,1820,14,D,PD,AZ,D
11:04:23,MYOR,RG,1815,1,D,YP,AK,F
11:04:23,MYOR,RG,1815,1,D,YP,YU,D
11:04:22,MYOR,RG,1820,4,D,NI,AZ,D
11:03:43,MYOR,RG,1815,1,D,YP,AK,F
11:03:42,MYOR,RG,1820,2,D,PC,AZ,D
11:03:00,MYOR,RG,1815,1,D,YP,YU,D
11:02:59,MYOR,RG,1820,2,D,YP,AZ,D
11:02:30,MYOR,RG,1820,1,D,SQ,AZ,D
10:59:02,MYOR,RG,1815,1,D,YP,AK,F
10:59:01,MYOR,RG,1820,1,D,XC,AZ,D
10:58:40,MYOR,RG,1820,1,D,PD,AZ,D
10:58:27,MYOR,RG,1820,1,D,XC,AZ,D
10:58:23,MYOR,RG,1815,1,D,YP,YU,D
10:58:22,MYOR,RG,1815,3,D,YP,XC,D
10:58:18,MYOR,RG,1815,1,D,YP,XC,D
10:57:52,MYOR,RG,1815,1,D,YP,AK,F
10:57:51,MYOR,RG,1815,2,D,YP,YU,D
10:57:51,MYOR,RG,1815,9,D,YP,AK,F
10:57:50,MYOR,RG,1815,1,D,YP,YU,D
10:57:50,MYOR,RG,1815,1,D,YP,AK,F
10:57:49,MYOR,RG,1815,3,D,YP,YU,D
10:57:48,MYOR,RG,1820,3,D,CC,AZ,D
10:57:48,MYOR,RG,1820,21,D,YU,AZ,D
10:56:33,MYOR,RG,1820,1,D,YU,YU,D
10:56:32,MYOR,RG,1820,5,D,YU,AK,F
10:54:59,MYOR,RG,1820,2,D,YU,YU,D
10:54:59,MYOR,RG,1820,12,D,YU,AK,F
10:54:58,MYOR,RG,1820,1,D,YU,YU,D
10:54:57,MYOR,RG,1820,36,D,YU,YU,D
10:54:57,MYOR,RG,1820,2,D,YU,YU,D
10:54:56,MYOR,RG,1820,8,D,YU,AK,F
10:54:56,MYOR,RG,1820,38,D,YU,AK,F
10:54:56,MYOR,RG,1820,1,D,YU,AK,F
10:54:56,MYOR,RG,1820,20,D,YU,DH,D
10:54:56,MYOR,RG,1820,17,D,YU,YU,D
10:54:56,MYOR,RG,1820,20,D,YU,CC,D
10:54:56,MYOR,RG,1820,100,D,YU,YP,D
10:54:56,MYOR,RG,1820,2,D,YU,AK,F
10:54:56,MYOR,RG,1820,3,D,YU,AK,F
10:54:56,MYOR,RG,1820,11,D,YU,YU,D
10:54:48,MYOR,RG,1815,1,D,YP,YU,D
10:54:47,MYOR,RG,1815,2,D,YP,AK,F
10:54:42,MYOR,RG,1820,1,D,EP,YU,D
10:54:37,MYOR,RG,1820,4,D,XC,YU,D
10:51:34,MYOR,RG,1815,1,D,YP,YU,D
10:51:33,MYOR,RG,1815,4,D,YP,AK,F
10:51:33,MYOR,RG,1815,2,D,YP,YU,D
10:51:32,MYOR,RG,1815,10,D,YP,AK,F
10:51:31,MYOR,RG,1820,2,D,PD,YU,D
10:51:30,MYOR,RG,1815,1,D,YP,YU,D
10:51:29,MYOR,RG,1815,2,D,YP,YU,D
10:51:29,MYOR,RG,1815,2,D,YP,YU,D
10:51:28,MYOR,RG,1815,11,D,YP,AK,F
10:51:28,MYOR,RG,1815,2,D,XC,AK,F
10:51:28,MYOR,RG,1815,1,D,XC,AK,F
10:51:28,MYOR,RG,1815,15,D,CC,AK,F
10:51:28,MYOR,RG,1815,1,D,CC,YU,D
10:51:27,MYOR,RG,1815,12,D,CC,YU,D
10:51:27,MYOR,RG,1820,4,D,CC,YU,D
10:51:27,MYOR,RG,1820,1,D,CC,YU,D
10:51:26,MYOR,RG,1820,15,D,CC,YP,D
10:51:26,MYOR,RG,1820,2,D,AT,YP,D
10:51:26,MYOR,RG,1820,25,D,SQ,YP,D
10:51:26,MYOR,RG,1820,28,D,XC,YP,D
10:51:26,MYOR,RG,1820,1,D,XL,YP,D
10:51:26,MYOR,RG,1820,25,D,PD,YP,D
10:51:26,MYOR,RG,1820,4,D,DH,YP,D
10:51:02,MYOR,RG,1820,1,D,DH,AK,F
10:51:02,MYOR,RG,1820,1,D,DH,YU,D
10:51:01,MYOR,RG,1820,4,D,DH,AK,F
10:51:01,MYOR,RG,1820,2,D,XC,AK,F
10:51:01,MYOR,RG,1820,2,D,NI,YU,D
10:51:01,MYOR,RG,1820,2,D,PD,YU,D
10:51:00,MYOR,RG,1820,24,D,CC,YU,D
10:48:18,MYOR,RG,1820,1,D,CC,YU,D
10:48:17,MYOR,RG,1820,1,D,CC,AK,F
10:47:03,MYOR,RG,1820,1,D,CC,AK,F
10:47:02,MYOR,RG,1820,1,D,CC,YU,D
10:47:02,MYOR,RG,1820,6,D,CC,AK,F
10:47:01,MYOR,RG,1820,4,D,CC,YU,D
10:47:01,MYOR,RG,1820,25,D,CC,PD,D
10:46:49,MYOR,RG,1820,1,D,CC,AK,F
10:46:48,MYOR,RG,1820,1,D,CC,YU,D
10:46:47,MYOR,RG,1820,1,D,CC,AK,F
10:46:47,MYOR,RG,1820,1,D,CC,AK,F
10:46:46,MYOR,RG,1820,1,D,CC,YU,D
10:46:46,MYOR,RG,1820,4,D,CC,AK,F
10:46:45,MYOR,RG,1820,3,D,CC,YU,D
10:46:44,MYOR,RG,1820,20,D,CC,YP,D
10:45:55,MYOR,RG,1820,1,D,CC,YU,D
10:45:55,MYOR,RG,1820,4,D,CC,YP,D
10:44:35,MYOR,RG,1815,1,D,CC,YU,D
10:44:35,MYOR,RG,1815,1,D,CC,XC,D
10:44:35,MYOR,RG,1820,1,D,XC,XC,D
10:44:35,MYOR,RG,1820,5,D,YP,XC,D
10:42:52,MYOR,RG,1820,1,D,YP,YU,D
10:42:51,MYOR,RG,1820,4,D,YP,PD,D
10:42:51,MYOR,RG,1820,1,D,YP,PD,D
10:42:33,MYOR,RG,1815,2,D,CC,YU,D
10:42:33,MYOR,RG,1815,1,D,CC,YU,D
10:42:32,MYOR,RG,1815,12,D,CC,AK,F
10:42:32,MYOR,RG,1815,7,D,CC,YU,D
10:42:32,MYOR,RG,1815,8,D,CC,YU,D
10:42:32,MYOR,RG,1815,1,D,CC,NI,D
10:42:31,MYOR,RG,1815,41,D,CC,XC,D
10:42:31,MYOR,RG,1820,2,D,KK,AK,F
10:42:31,MYOR,RG,1820,1,D,KK,AK,F
10:42:31,MYOR,RG,1820,47,D,KK,PD,D
10:42:17,MYOR,RG,1815,1,D,CC,YU,D
10:42:16,MYOR,RG,1820,3,D,YP,PD,D
10:42:04,MYOR,RG,1820,1,D,PD,PD,D
10:41:20,MYOR,RG,1820,1,D,PD,PD,D
10:41:04,MYOR,RG,1815,2,D,CC,PD,D
10:41:03,MYOR,RG,1815,1,D,CC,YU,D
10:41:02,MYOR,RG,1815,1,D,CC,YU,D
10:41:02,MYOR,RG,1820,4,D,YP,YU,D
10:41:02,MYOR,RG,1820,3,D,YP,YU,D
10:41:01,MYOR,RG,1820,1,D,YP,AK,F
10:41:01,MYOR,RG,1820,7,D,YP,AK,F
10:41:01,MYOR,RG,1820,1,D,YP,AK,F
10:41:01,MYOR,RG,1820,13,D,YP,YU,D
10:41:01,MYOR,RG,1820,11,D,YP,YU,D
10:41:01,MYOR,RG,1820,17,D,YP,MG,D
10:40:32,MYOR,RG,1815,3,D,CC,YU,D
10:40:32,MYOR,RG,1815,1,D,CC,YU,D
10:40:31,MYOR,RG,1815,4,D,CC,YU,D
10:40:31,MYOR,RG,1815,5,D,CC,AK,F
10:40:31,MYOR,RG,1815,7,D,CC,AK,F
10:40:31,MYOR,RG,1815,9,D,CC,YU,D
10:40:30,MYOR,RG,1820,1,D,DR,MG,D
10:40:30,MYOR,RG,1820,3,D,XC,MG,D
10:40:30,MYOR,RG,1820,25,D,NI,MG,D
10:40:30,MYOR,RG,1820,54,D,XC,MG,D
10:40:16,MYOR,RG,1820,1,D,XC,YU,D
10:40:15,MYOR,RG,1820,6,D,XC,AK,F
10:40:15,MYOR,RG,1820,2,D,XC,YU,D
10:40:15,MYOR,RG,1820,2,D,PD,YU,D
10:40:15,MYOR,RG,1820,1,D,PD,YU,D
10:40:14,MYOR,RG,1820,7,D,EP,YP,D
10:40:14,MYOR,RG,1820,15,D,YP,YP,D
10:40:14,MYOR,RG,1820,3,D,YP,YP,D
10:38:48,MYOR,RG,1820,1,D,YP,YU,D
10:38:48,MYOR,RG,1820,6,D,YP,PD,D
10:38:48,MYOR,RG,1820,2,D,GR,PD,D
10:38:48,MYOR,RG,1820,2,D,PD,PD,D
10:38:29,MYOR,RG,1820,1,D,PD,YU,D
10:38:29,MYOR,RG,1820,3,D,XC,AK,F
10:38:29,MYOR,RG,1820,2,D,XC,AK,F
10:38:29,MYOR,RG,1820,3,D,XC,YU,D
10:38:29,MYOR,RG,1820,2,D,EP,YU,D
10:38:28,MYOR,RG,1820,1,D,EP,YU,D
10:38:28,MYOR,RG,1820,29,D,EP,AK,F
10:38:28,MYOR,RG,1820,29,D,EP,YU,D
10:38:27,MYOR,RG,1820,6,D,EP,YU,D
10:38:27,MYOR,RG,1820,33,D,EP,YP,D
10:38:27,MYOR,RG,1820,110,F,AK,YP,D
10:38:27,MYOR,RG,1820,10,D,YP,YP,D
10:38:27,MYOR,RG,1820,14,D,NI,YP,D
10:38:27,MYOR,RG,1820,33,D,XL,YP,D
10:38:08,MYOR,RG,1820,5,D,XL,NI,D
10:38:01,MYOR,RG,1820,2,D,XL,YU,D
10:38:01,MYOR,RG,1820,6,D,XL,AK,F
10:38:00,MYOR,RG,1820,7,D,XL,YU,D
10:38:00,MYOR,RG,1820,43,D,XL,YU,D
10:37:46,MYOR,RG,1820,2,D,XL,AK,F
10:37:42,MYOR,RG,1820,1,D,XL,YU,D
10:37:42,MYOR,RG,1820,4,D,XL,XC,D
10:32:40,MYOR,RG,1820,1,D,XL,YU,D
10:32:39,MYOR,RG,1825,5,D,PD,CC,F
10:30:56,MYOR,RG,1820,1,D,XL,YU,D
10:30:55,MYOR,RG,1820,3,D,XL,AK,F
10:30:55,MYOR,RG,1820,1,D,XL,YU,D
10:30:54,MYOR,RG,1820,1,D,XL,CC,D
10:30:54,MYOR,RG,1820,5,D,NI,CC,D
10:30:54,MYOR,RG,1820,2,D,XC,CC,D
10:30:54,MYOR,RG,1820,2,D,NI,CC,D
10:30:09,MYOR,RG,1820,1,D,NI,YU,D
10:30:08,MYOR,RG,1820,1,D,NI,YU,D
10:30:07,MYOR,RG,1820,1,D,NI,EP,D
10:30:07,MYOR,RG,1820,3,D,XL,EP,D
10:30:07,MYOR,RG,1820,3,D,NI,EP,D
10:29:54,MYOR,RG,1820,3,D,NI,AK,F
10:29:54,MYOR,RG,1820,3,D,NI,YU,D
10:29:54,MYOR,RG,1820,1,D,NI,YU,D
10:29:53,MYOR,RG,1820,5,D,NI,AK,F
10:29:53,MYOR,RG,1820,5,D,CC,AK,F
10:29:53,MYOR,RG,1820,1,D,YP,AK,F
10:29:53,MYOR,RG,1820,3,D,XC,AK,F
10:29:53,MYOR,RG,1820,1,D,XC,YU,D
10:29:53,MYOR,RG,1820,6,D,YP,YU,D
10:29:53,MYOR,RG,1820,5,D,YP,YU,D
10:29:53,MYOR,RG,1820,4,D,AT,YU,D
10:29:52,MYOR,RG,1820,1,D,AT,CC,D
10:29:52,MYOR,RG,1820,5,D,YP,CC,D
10:29:52,MYOR,RG,1820,2,D,PD,CC,D
10:29:52,MYOR,RG,1820,1,D,PD,CC,D
10:29:52,MYOR,RG,1820,1,D,PD,CC,D
10:29:52,MYOR,RG,1820,1,D,XC,CC,D
10:29:52,MYOR,RG,1820,2,D,XC,CC,D
10:29:52,MYOR,RG,1820,5,D,AZ,CC,D
10:29:52,MYOR,RG,1820,30,D,KK,CC,D
10:29:52,MYOR,RG,1820,1,D,PD,CC,D
10:29:52,MYOR,RG,1820,51,D,CC,CC,D
10:29:02,MYOR,RG,1820,1,D,CC,AK,F
10:29:02,MYOR,RG,1820,1,D,CC,YU,D
10:29:01,MYOR,RG,1820,2,D,CC,AK,F
10:29:01,MYOR,RG,1820,2,D,NI,AK,F
10:29:01,MYOR,RG,1820,4,D,NI,YU,D
10:29:01,MYOR,RG,1820,2,D,NI,YU,D
10:29:00,MYOR,RG,1820,2,D,NI,YU,D
10:29:00,MYOR,RG,1820,5,D,XC,YU,D
10:29:00,MYOR,RG,1820,1,D,XC,YU,D
10:29:00,MYOR,RG,1820,1,D,XC,YU,D
10:29:00,MYOR,RG,1820,10,D,PD,YU,D
10:29:00,MYOR,RG,1820,1,D,PD,YU,D
10:29:00,MYOR,RG,1820,1,D,XC,YU,D
10:29:00,MYOR,RG,1820,10,D,PD,YU,D
10:29:00,MYOR,RG,1820,4,D,CC,YU,D
10:28:44,MYOR,RG,1820,1,D,CC,AK,F
10:28:42,MYOR,RG,1820,1,D,AT,YU,D
10:28:42,MYOR,RG,1825,2,D,PD,CC,F
10:28:24,MYOR,RG,1825,2,D,DH,CC,F
10:27:34,MYOR,RG,1820,1,D,XL,YU,D
10:27:34,MYOR,RG,1820,2,D,XL,AK,F
10:27:33,MYOR,RG,1820,1,D,XL,YU,D
10:27:33,MYOR,RG,1820,8,D,XL,PD,D
10:25:38,MYOR,RG,1825,1,D,PD,CC,F
10:25:17,MYOR,RG,1825,1,D,KK,CC,F
10:24:09,MYOR,RG,1820,1,D,XL,AK,F
10:24:08,MYOR,RG,1820,2,D,XL,YU,D
10:24:08,MYOR,RG,1825,10,D,PD,CC,F
10:22:29,MYOR,RG,1820,2,D,XL,XC,D
10:20:26,MYOR,RG,1820,1,D,XL,YU,D
10:20:25,MYOR,RG,1820,3,D,XL,AK,F
10:20:25,MYOR,RG,1820,6,D,XL,YU,D
10:20:24,MYOR,RG,1820,35,D,XL,EP,D
10:20:07,MYOR,RG,1820,2,D,XL,YU,D
10:20:06,MYOR,RG,1820,7,D,XL,NI,D
10:20:01,MYOR,RG,1820,2,D,XL,AK,F
10:20:01,MYOR,RG,1820,4,D,XL,YU,D
10:20:00,MYOR,RG,1820,23,D,XL,YU,D
10:18:40,MYOR,RG,1820,3,D,PD,XC,D
10:18:03,MYOR,RG,1820,1,D,PD,YU,D
10:18:03,MYOR,RG,1820,2,D,PD,AK,F
10:18:03,MYOR,RG,1820,1,D,PD,YU,D
10:18:02,MYOR,RG,1820,2,D,PD,YU,D
10:18:02,MYOR,RG,1820,1,D,PD,EP,D
10:18:02,MYOR,RG,1820,5,D,YP,EP,D
10:18:02,MYOR,RG,1820,10,D,GR,EP,D
10:18:02,MYOR,RG,1820,2,D,CC,EP,D
10:17:37,MYOR,RG,1820,2,D,CC,XC,D
10:16:31,MYOR,RG,1820,1,D,CC,YU,D
10:16:31,MYOR,RG,1825,1,D,PD,CC,F
10:16:03,MYOR,RG,1825,3,D,PD,CC,F
10:15:57,MYOR,RG,1815,2,D,CC,PD,D
10:15:23,MYOR,RG,1815,1,D,CC,YU,D
10:15:22,MYOR,RG,1825,2,D,PD,CC,F
10:14:50,MYOR,RG,1825,1,D,EP,CC,F
10:14:41,MYOR,RG,1820,1,D,PD,YP,D
10:14:36,MYOR,RG,1825,1,D,EP,CC,F
10:14:32,MYOR,RG,1820,1,D,EP,AK,F
10:14:30,MYOR,RG,1820,1,D,PD,YU,D
10:14:30,MYOR,RG,1820,1,D,EP,YU,D
10:14:30,MYOR,RG,1825,6,D,XC,CC,F
10:13:29,MYOR,RG,1825,1,D,EP,CC,F
10:13:24,MYOR,RG,1825,1,D,EP,CC,F
10:13:20,MYOR,RG,1825,1,D,EP,CC,F
10:13:16,MYOR,RG,1815,1,D,CC,AK,F
10:13:15,MYOR,RG,1820,8,D,EP,YU,D
10:13:15,MYOR,RG,1820,1,D,EP,YU,D
10:13:14,MYOR,RG,1820,18,D,EP,YU,D
10:13:14,MYOR,RG,1820,1,D,EP,AK,F
10:13:14,MYOR,RG,1820,27,D,EP,BK,F
10:13:14,MYOR,RG,1820,2,D,EP,AK,F
10:13:14,MYOR,RG,1820,3,D,EP,YU,D
10:12:49,MYOR,RG,1815,1,D,CC,YU,D
10:12:48,MYOR,RG,1815,1,D,CC,AK,F
10:12:48,MYOR,RG,1815,1,D,CC,YU,D
10:12:48,MYOR,RG,1815,1,D,CC,YU,D
10:12:47,MYOR,RG,1820,9,D,CC,YU,D
10:12:47,MYOR,RG,1820,8,D,CC,YU,D
10:12:29,MYOR,RG,1815,1,D,CC,YU,D
10:12:28,MYOR,RG,1815,1,D,CC,AK,F
10:12:28,MYOR,RG,1820,3,D,XC,YU,D
10:12:12,MYOR,RG,1820,1,D,PD,YU,D
10:11:55,MYOR,RG,1820,1,D,PD,YU,D
10:11:03,MYOR,RG,1815,1,D,CC,YU,D
10:11:02,MYOR,RG,1820,1,D,XC,YU,D
10:10:13,MYOR,RG,1815,1,D,CC,YU,D
10:10:12,MYOR,RG,1815,10,D,CC,AK,F
10:10:12,MYOR,RG,1815,2,D,CC,YU,D
10:10:11,MYOR,RG,1815,12,D,CC,YU,D
10:10:11,MYOR,RG,1815,6,D,CC,YU,D
10:10:11,MYOR,RG,1820,2,D,AT,YU,D
10:10:10,MYOR,RG,1820,10,D,CC,CC,D
10:10:10,MYOR,RG,1820,1,D,PD,CC,D
10:10:10,MYOR,RG,1820,20,D,PD,CC,D
10:10:10,MYOR,RG,1820,5,D,YP,CC,D
10:10:10,MYOR,RG,1820,2,D,XC,CC,D
10:10:10,MYOR,RG,1820,30,D,PD,CC,D
10:10:10,MYOR,RG,1820,2,D,XL,CC,D
10:10:10,MYOR,RG,1820,3,D,PD,CC,D
10:10:10,MYOR,RG,1820,1,D,XC,CC,D
10:10:10,MYOR,RG,1820,3,D,YP,CC,D
10:10:10,MYOR,RG,1820,48,D,YP,CC,D
10:10:02,MYOR,RG,1820,1,D,YP,YU,D
10:10:01,MYOR,RG,1820,1,D,YP,AK,F
10:10:01,MYOR,RG,1820,1,D,PD,YU,D
10:10:01,MYOR,RG,1820,1,D,PD,YU,D
10:10:00,MYOR,RG,1820,3,D,XC,NI,D
10:10:00,MYOR,RG,1820,10,D,SQ,NI,D
10:10:00,MYOR,RG,1820,1,D,PD,NI,D
10:10:00,MYOR,RG,1820,2,D,PD,NI,D
10:09:41,MYOR,RG,1820,1,D,PD,YU,D
10:09:40,MYOR,RG,1820,2,D,PD,AK,F
10:09:39,MYOR,RG,1820,1,D,PD,YU,D
10:09:38,MYOR,RG,1820,4,D,PD,YB,D
10:09:15,MYOR,RG,1820,1,D,PD,YB,D
10:09:10,MYOR,RG,1820,1,D,PD,XC,D
10:09:03,MYOR,RG,1820,2,D,PD,YU,D
10:09:03,MYOR,RG,1820,1,D,PD,YU,D
10:09:02,MYOR,RG,1820,11,D,PD,AK,F
10:09:02,MYOR,RG,1820,9,D,PD,YU,D
10:09:01,MYOR,RG,1820,5,D,PD,YU,D
10:09:01,MYOR,RG,1820,3,D,YP,YU,D
10:09:01,MYOR,RG,1820,47,D,YP,BK,F
10:09:01,MYOR,RG,1820,10,D,SQ,BK,F
10:09:01,MYOR,RG,1820,2,D,PD,BK,F
10:09:01,MYOR,RG,1820,45,D,EP,BK,F
10:07:37,MYOR,RG,1825,1,D,EP,CC,F
10:07:28,MYOR,RG,1820,1,D,EP,YU,D
10:07:28,MYOR,RG,1820,4,D,EP,AK,F
10:07:27,MYOR,RG,1820,4,D,EP,YU,D
10:07:27,MYOR,RG,1820,2,D,EP,YU,D
10:07:26,MYOR,RG,1820,16,D,EP,BK,F
10:07:26,MYOR,RG,1820,3,D,YP,BK,F
10:07:26,MYOR,RG,1820,6,D,DH,BK,F
10:07:26,MYOR,RG,1820,10,D,YP,BK,F
10:07:26,MYOR,RG,1820,1,D,CC,YU,D
10:07:26,MYOR,RG,1820,3,D,CC,AK,F
10:07:26,MYOR,RG,1820,5,D,CC,YU,D
10:07:25,MYOR,RG,1820,1,D,CC,YU,D
10:07:25,MYOR,RG,1820,1,D,CC,AK,F
10:07:24,MYOR,RG,1820,14,D,CC,BK,F
10:07:24,MYOR,RG,1820,6,D,XC,BK,F
10:07:24,MYOR,RG,1820,9,D,PD,BK,F
10:07:24,MYOR,RG,1820,1,D,PD,BK,F
10:07:24,MYOR,RG,1820,5,D,YP,BK,F
10:07:23,MYOR,RG,1820,1,D,EP,YU,D
10:07:23,MYOR,RG,1820,1,D,EP,YU,D
10:07:23,MYOR,RG,1820,4,D,EP,AK,F
10:07:22,MYOR,RG,1820,6,D,EP,YU,D
10:07:22,MYOR,RG,1820,3,D,EP,AK,F
10:07:21,MYOR,RG,1820,1,D,PD,BK,F
10:07:21,MYOR,RG,1820,5,D,YP,BK,F
10:07:21,MYOR,RG,1820,29,D,CP,BK,F
10:07:21,MYOR,RG,1820,6,D,CP,YU,D
10:07:21,MYOR,RG,1820,1,D,CP,YU,D
10:07:21,MYOR,RG,1820,2,D,CP,AK,F
10:07:21,MYOR,RG,1820,12,D,CP,BK,F
10:07:21,MYOR,RG,1820,1,D,AT,BK,F
10:07:21,MYOR,RG,1820,22,D,GR,BK,F
10:07:20,MYOR,RG,1820,1,D,GR,YU,D
10:07:20,MYOR,RG,1825,1,D,EP,CC,F
10:07:20,MYOR,RG,1820,2,D,GR,YU,D
10:07:20,MYOR,RG,1820,10,D,GR,AK,F
10:07:20,MYOR,RG,1820,2,D,GR,YU,D
10:07:19,MYOR,RG,1820,14,D,GR,YU,D
10:07:18,MYOR,RG,1820,19,D,GR,BK,F
10:07:18,MYOR,RG,1820,2,D,PD,BK,F
10:07:18,MYOR,RG,1820,1,D,XC,BK,F
10:07:18,MYOR,RG,1820,2,D,XC,BK,F
10:07:18,MYOR,RG,1820,80,D,GR,BK,F
10:07:10,MYOR,RG,1820,1,D,GR,YU,D
10:07:10,MYOR,RG,1825,1,D,EP,CC,F
10:07:01,MYOR,RG,1820,1,D,GR,YU,D
10:07:01,MYOR,RG,1820,3,D,GR,AK,F
10:07:01,MYOR,RG,1820,1,D,GR,YU,D
10:07:00,MYOR,RG,1820,3,D,GR,YU,D
10:07:00,MYOR,RG,1820,11,D,GR,YU,D
10:07:00,MYOR,RG,1820,16,D,OD,YU,D
10:05:57,MYOR,RG,1825,1,D,EP,CC,F
10:05:42,MYOR,RG,1820,1,D,OD,AK,F
10:05:41,MYOR,RG,1820,3,D,OD,YU,D
10:05:40,MYOR,RG,1825,14,D,YP,CC,F
10:05:30,MYOR,RG,1825,1,D,EP,CC,F
10:05:23,MYOR,RG,1820,2,D,OD,AK,F
10:05:21,MYOR,RG,1825,1,D,EP,CC,F
10:05:14,MYOR,RG,1820,1,D,OD,YU,D
10:05:13,MYOR,RG,1825,1,D,EP,CC,F
10:04:38,MYOR,RG,1820,1,D,OD,YU,D
10:04:38,MYOR,RG,1825,11,D,PD,CC,F
10:04:21,MYOR,RG,1820,1,D,OD,YU,D
10:04:21,MYOR,RG,1820,2,D,OD,AK,F
10:04:19,MYOR,RG,1820,1,D,OD,YU,D
10:04:19,MYOR,RG,1820,4,D,OD,PD,D
10:04:10,MYOR,RG,1820,3,D,OD,NI,D
10:03:49,MYOR,RG,1820,1,D,OD,YU,D
10:03:48,MYOR,RG,1820,4,D,OD,AK,F
10:03:48,MYOR,RG,1820,4,D,OD,YU,D
10:03:48,MYOR,RG,1820,1,D,OD,YU,D
10:03:48,MYOR,RG,1820,26,D,OD,AK,F
10:03:47,MYOR,RG,1820,34,D,OD,YU,D
10:03:47,MYOR,RG,1820,1,D,OD,YU,D
10:03:47,MYOR,RG,1820,194,D,OD,PD,D
10:03:47,MYOR,RG,1820,1,D,XC,PD,D
10:03:47,MYOR,RG,1820,5,D,YP,PD,D
10:03:44,MYOR,RG,1820,1,D,YP,AK,F
10:03:43,MYOR,RG,1825,1,D,GR,CC,F
10:03:30,MYOR,RG,1820,2,D,YP,XC,D
10:03:24,MYOR,RG,1820,1,D,YP,YU,D
10:03:23,MYOR,RG,1825,1,D,XC,CC,F
10:02:22,MYOR,RG,1820,1,D,YP,AK,F
10:02:22,MYOR,RG,1820,1,D,DR,YU,D
10:02:21,MYOR,RG,1825,10,D,YP,CC,F
10:01:12,MYOR,RG,1815,1,D,CC,YU,D
10:01:11,MYOR,RG,1815,7,D,CC,YU,D
10:01:11,MYOR,RG,1815,2,D,CC,YU,D
10:01:10,MYOR,RG,1815,12,D,CC,AK,F
10:01:10,MYOR,RG,1815,28,D,EP,AK,F
10:01:10,MYOR,RG,1815,1,D,XL,AK,F
10:01:10,MYOR,RG,1815,11,D,SQ,AK,F
10:01:09,MYOR,RG,1815,15,D,SQ,YU,D
10:01:09,MYOR,RG,1820,62,D,CP,YU,D
10:01:09,MYOR,RG,1820,4,D,CP,YU,D
10:01:08,MYOR,RG,1820,434,D,CP,PD,D
10:01:08,MYOR,RG,1820,1,D,XC,PD,D
10:01:08,MYOR,RG,1820,2,D,PD,PD,D
10:01:08,MYOR,RG,1820,2,D,PD,PD,D
10:01:08,MYOR,RG,1820,21,D,PD,PD,D
10:00:45,MYOR,RG,1820,2,D,PD,AK,F
10:00:45,MYOR,RG,1820,3,D,PD,YU,D
10:00:44,MYOR,RG,1820,15,D,PD,CC,D
10:00:35,MYOR,RG,1820,1,D,PD,YU,D
10:00:34,MYOR,RG,1820,5,D,PD,YU,D
10:00:34,MYOR,RG,1820,4,D,PD,YU,D
10:00:33,MYOR,RG,1820,2,D,PD,AK,F
10:00:33,MYOR,RG,1820,12,D,PD,YU,D
10:00:33,MYOR,RG,1820,16,D,PD,YU,D
10:00:33,MYOR,RG,1820,1,D,PD,AK,F
10:00:33,MYOR,RG,1820,2,D,PD,AK,F
10:00:33,MYOR,RG,1820,25,D,PD,DH,D
10:00:31,MYOR,RG,1815,1,D,SQ,AK,F
10:00:30,MYOR,RG,1820,1,D,DR,DH,D
10:00:22,MYOR,RG,1815,1,D,SQ,YU,D
10:00:21,MYOR,RG,1820,1,D,DR,DH,D
10:00:12,MYOR,RG,1820,1,D,DR,DH,D
10:00:04,MYOR,RG,1820,1,D,DR,DH,D
9:59:50,MYOR,RG,1820,1,D,DR,DH,D
9:59:48,MYOR,RG,1815,1,D,SQ,AK,F
9:59:48,MYOR,RG,1815,2,D,SQ,YU,D
9:59:47,MYOR,RG,1815,9,D,SQ,AK,F
9:59:47,MYOR,RG,1815,16,D,SQ,YU,D
9:59:46,MYOR,RG,1815,90,D,SQ,NI,D
9:59:42,MYOR,RG,1820,4,D,PD,AZ,D
9:58:58,MYOR,RG,1815,1,D,SQ,YU,D
9:58:58,MYOR,RG,1815,1,D,SQ,AK,F
9:58:57,MYOR,RG,1815,2,D,SQ,YU,D
9:58:57,MYOR,RG,1815,11,D,SQ,KK,D
9:58:53,MYOR,RG,1815,1,D,SQ,AK,F
9:58:52,MYOR,RG,1815,2,D,SQ,YU,D
9:58:52,MYOR,RG,1815,12,D,SQ,AK,F
9:58:51,MYOR,RG,1815,2,D,SQ,YU,D
9:58:51,MYOR,RG,1815,11,D,SQ,YU,D
9:58:51,MYOR,RG,1820,4,D,CC,KK,D
9:58:50,MYOR,RG,1820,6,D,CC,YU,D
9:58:50,MYOR,RG,1820,15,D,PD,CC,D
9:58:50,MYOR,RG,1820,31,D,YB,CC,D
9:58:50,MYOR,RG,1820,10,D,XC,CC,D
9:58:50,MYOR,RG,1820,1,D,PD,CC,D
9:58:50,MYOR,RG,1820,6,D,NI,CC,D
9:58:50,MYOR,RG,1820,2,D,XC,CC,D
9:58:50,MYOR,RG,1820,1,D,XC,CC,D
9:58:50,MYOR,RG,1820,2,D,XC,CC,D
9:58:50,MYOR,RG,1820,1,D,NI,CC,D
9:58:50,MYOR,RG,1820,38,D,PD,CC,D
9:58:27,MYOR,RG,1820,2,D,PD,YU,D
9:58:27,MYOR,RG,1820,7,D,PD,SQ,D
9:56:27,MYOR,RG,1820,1,D,PD,XC,D
9:56:26,MYOR,RG,1820,2,D,PD,AK,F
9:56:17,MYOR,RG,1815,2,D,SQ,YU,D
9:56:17,MYOR,RG,1815,1,D,SQ,YU,D
9:56:17,MYOR,RG,1815,12,D,SQ,AK,F
9:56:16,MYOR,RG,1815,6,D,SQ,YU,D
9:56:16,MYOR,RG,1815,1,D,SQ,YU,D
9:56:16,MYOR,RG,1820,1,D,DR,BK,F
9:56:15,MYOR,RG,1820,37,D,PD,BK,F
9:56:15,MYOR,RG,1820,3,D,PD,AK,F
9:55:55,MYOR,RG,1820,1,D,DR,AK,F
9:55:41,MYOR,RG,1815,3,D,SQ,YU,D
9:55:40,MYOR,RG,1815,20,D,SQ,NI,D
9:55:32,MYOR,RG,1820,1,D,NI,AK,F
9:55:17,MYOR,RG,1815,1,D,SQ,YU,D
9:55:16,MYOR,RG,1820,1,D,PD,AK,F
9:55:12,MYOR,RG,1820,1,D,YP,AK,F
9:55:12,MYOR,RG,1820,2,D,XC,AK,F
9:55:11,MYOR,RG,1820,2,D,XC,YU,D
9:55:10,MYOR,RG,1820,10,D,XC,GR,D
9:55:08,MYOR,RG,1820,1,D,XC,XC,D
9:53:42,MYOR,RG,1815,3,D,SQ,YU,D
9:53:41,MYOR,RG,1815,15,D,SQ,AK,F
9:53:41,MYOR,RG,1815,29,D,SQ,YU,D
9:53:41,MYOR,RG,1815,2,D,SQ,YU,D
9:53:40,MYOR,RG,1815,16,D,SQ,AK,F
9:53:40,MYOR,RG,1815,14,D,YP,AK,F
9:53:40,MYOR,RG,1815,1,D,XC,AK,F
9:53:40,MYOR,RG,1815,70,D,AT,AK,F
9:53:40,MYOR,RG,1815,1,D,AT,YU,D
9:53:40,MYOR,RG,1815,14,D,AT,YU,D
9:53:40,MYOR,RG,1815,10,D,CC,YU,D
9:53:40,MYOR,RG,1815,5,D,XC,YU,D
9:53:40,MYOR,RG,1815,5,D,XC,YU,D
9:53:40,MYOR,RG,1815,1,D,YP,YU,D
9:53:40,MYOR,RG,1815,2,D,XC,YU,D
9:53:40,MYOR,RG,1815,4,D,XC,YU,D
9:53:40,MYOR,RG,1815,20,D,NI,YU,D
9:53:40,MYOR,RG,1815,2,D,YP,YU,D
9:53:40,MYOR,RG,1815,13,D,PD,YU,D
9:53:39,MYOR,RG,1825,79,D,KK,BK,F
9:53:39,MYOR,RG,1825,431,D,KK,CC,F
9:53:34,MYOR,RG,1825,1,D,PD,CC,F
9:53:26,MYOR,RG,1815,4,D,PD,YU,D
9:53:26,MYOR,RG,1820,5,D,PD,YU,D
9:53:26,MYOR,RG,1820,1,D,KK,YU,D
9:53:25,MYOR,RG,1820,59,D,KK,BK,F
9:53:25,MYOR,RG,1820,1,D,KK,BK,F
9:53:23,MYOR,RG,1820,1,D,PD,YU,D
9:53:22,MYOR,RG,1820,8,D,YP,YU,D
9:53:22,MYOR,RG,1820,1,D,YP,YU,D
9:53:21,MYOR,RG,1820,16,D,YP,AK,F
9:53:21,MYOR,RG,1820,5,D,OD,AK,F
9:53:21,MYOR,RG,1820,28,D,YP,AK,F
9:53:21,MYOR,RG,1820,18,D,YP,YU,D
9:53:21,MYOR,RG,1820,3,D,YP,YU,D
9:53:20,MYOR,RG,1820,2,D,YP,YU,D
9:53:20,MYOR,RG,1820,104,D,YP,BK,F
9:53:20,MYOR,RG,1820,19,D,YP,YU,D
9:53:19,MYOR,RG,1820,34,D,YP,AK,F
9:53:19,MYOR,RG,1820,104,D,YP,BK,F
9:53:19,MYOR,RG,1820,19,D,YP,YU,D
9:53:18,MYOR,RG,1820,110,D,YP,BK,F
9:53:11,MYOR,RG,1820,1,D,YP,YU,D
9:53:10,MYOR,RG,1820,5,D,YP,YU,D
9:53:10,MYOR,RG,1820,3,D,YP,YU,D
9:53:09,MYOR,RG,1820,34,D,YP,YU,D
9:53:09,MYOR,RG,1820,16,D,YP,AK,F
9:53:09,MYOR,RG,1820,12,D,XL,AK,F
9:53:09,MYOR,RG,1820,3,D,XL,AK,F
9:53:09,MYOR,RG,1820,1,D,PD,AK,F
9:53:09,MYOR,RG,1820,1,D,XC,AK,F
9:53:09,MYOR,RG,1820,1,D,XC,AK,F
9:53:09,MYOR,RG,1820,8,D,NI,AK,F
9:53:09,MYOR,RG,1820,2,D,NI,YU,D
9:53:09,MYOR,RG,1820,4,D,NI,YU,D
9:53:08,MYOR,RG,1820,1,D,NI,AK,F
9:53:08,MYOR,RG,1820,25,D,XC,AK,F
9:53:08,MYOR,RG,1820,36,D,XC,BK,F
9:53:08,MYOR,RG,1820,2,D,CC,BK,F
9:53:08,MYOR,RG,1820,1,D,PD,BK,F
9:53:08,MYOR,RG,1820,1,D,AT,BK,F
9:53:08,MYOR,RG,1820,1,D,PD,BK,F
9:53:08,MYOR,RG,1820,63,D,XL,BK,F
9:53:08,MYOR,RG,1820,22,D,XL,YU,D
9:53:08,MYOR,RG,1820,45,D,XL,BK,F
9:53:08,MYOR,RG,1820,5,D,LG,BK,F
9:53:08,MYOR,RG,1820,50,D,NI,BK,F
9:53:08,MYOR,RG,1820,2,D,DH,BK,F
9:53:08,MYOR,RG,1820,2,D,SQ,BK,F
9:53:08,MYOR,RG,1820,1,D,SQ,YU,D
9:53:07,MYOR,RG,1820,6,D,SQ,AK,F
9:53:07,MYOR,RG,1820,18,D,YP,AK,F
9:53:07,MYOR,RG,1820,32,D,YP,BK,F
9:53:07,MYOR,RG,1820,15,D,XC,BK,F
9:53:07,MYOR,RG,1820,1,D,NI,BK,F
9:53:07,MYOR,RG,1820,1,D,XC,BK,F
9:53:07,MYOR,RG,1820,18,D,XC,BK,F
9:53:07,MYOR,RG,1820,37,D,YP,BK,F
9:53:07,MYOR,RG,1820,22,D,YP,YU,D
9:53:07,MYOR,RG,1820,3,D,YP,YU,D
9:53:06,MYOR,RG,1820,24,D,YP,AK,F
9:53:06,MYOR,RG,1820,104,D,YP,BK,F
9:53:06,MYOR,RG,1820,1,D,YP,YU,D
9:53:06,MYOR,RG,1820,19,D,YP,YU,D
9:53:05,MYOR,RG,1820,24,D,YP,AK,F
9:53:05,MYOR,RG,1820,104,D,YP,BK,F
9:53:05,MYOR,RG,1820,18,D,YP,YU,D
9:53:04,MYOR,RG,1820,104,D,YP,BK,F
9:53:04,MYOR,RG,1820,3,D,YP,YU,D
9:53:03,MYOR,RG,1820,18,D,YP,AK,F
9:53:03,MYOR,RG,1820,10,D,YP,YU,D
9:53:03,MYOR,RG,1820,2,D,YP,YU,D
9:53:03,MYOR,RG,1825,2,D,NI,CC,F
9:53:03,MYOR,RG,1825,1,D,PD,CC,F
9:53:03,MYOR,RG,1825,10,D,PD,CC,F
9:53:03,MYOR,RG,1825,40,D,YP,CC,F
9:53:03,MYOR,RG,1825,3,D,NI,CC,F
9:53:03,MYOR,RG,1825,1,D,NI,CC,F
9:53:03,MYOR,RG,1825,11,D,SQ,CC,F
9:52:10,MYOR,RG,1825,3,D,SQ,YU,D
9:52:10,MYOR,RG,1825,1,D,SQ,YU,D
9:52:09,MYOR,RG,1825,15,D,SQ,AK,F
9:52:09,MYOR,RG,1825,6,D,CC,AK,F
9:52:09,MYOR,RG,1825,18,D,CC,YU,D
9:52:08,MYOR,RG,1825,104,D,CC,BK,F
9:51:26,MYOR,RG,1825,1,D,CC,YU,D
9:51:26,MYOR,RG,1825,1,D,CC,YU,D
9:51:25,MYOR,RG,1825,1,D,CC,EP,D
9:51:25,MYOR,RG,1825,4,D,CC,AK,F
9:51:25,MYOR,RG,1825,5,D,CC,XC,D
9:51:14,MYOR,RG,1820,2,D,YP,YU,D
9:51:13,MYOR,RG,1825,10,D,PD,XC,D
9:50:56,MYOR,RG,1825,1,D,YP,XC,D
9:50:46,MYOR,RG,1820,1,D,YP,YU,D
9:50:45,MYOR,RG,1825,2,D,NI,XC,D
9:50:45,MYOR,RG,1825,3,D,NI,AK,F
9:50:39,MYOR,RG,1825,1,D,PD,AK,F
9:50:34,MYOR,RG,1820,3,D,YP,YU,D
9:50:34,MYOR,RG,1820,1,D,YP,YU,D
9:50:33,MYOR,RG,1820,20,D,YP,AK,F
9:50:33,MYOR,RG,1820,13,D,YP,YU,D
9:50:33,MYOR,RG,1820,2,D,YP,YU,D
9:50:32,MYOR,RG,1820,74,D,YP,AK,F
9:50:32,MYOR,RG,1820,89,D,YP,YU,D
9:50:32,MYOR,RG,1820,15,D,YP,YU,D
9:50:31,MYOR,RG,1825,25,D,YP,YP,D
9:50:31,MYOR,RG,1825,5,D,YP,PD,D
9:50:31,MYOR,RG,1825,15,D,YP,YU,D
9:50:31,MYOR,RG,1825,2,D,YP,OD,D
9:50:31,MYOR,RG,1825,13,D,YP,YU,D
9:50:31,MYOR,RG,1825,18,D,YP,YU,D
9:50:31,MYOR,RG,1825,1,D,YP,PD,D
9:50:31,MYOR,RG,1825,93,D,YP,BK,F
9:50:31,MYOR,RG,1825,1,D,YP,AK,F
9:50:31,MYOR,RG,1825,39,D,YP,AK,F
9:50:31,MYOR,RG,1825,300,D,YP,CC,F
9:50:31,MYOR,RG,1825,5,D,YP,PD,D
9:50:31,MYOR,RG,1825,1,D,YP,XC,D
9:50:31,MYOR,RG,1825,84,D,YP,CC,F
9:50:22,MYOR,RG,1820,1,D,YP,YU,D
9:50:21,MYOR,RG,1820,7,D,YP,AK,F
9:50:21,MYOR,RG,1820,8,D,YP,YU,D
9:50:20,MYOR,RG,1820,1,D,YP,YU,D
9:50:20,MYOR,RG,1820,20,D,YP,AK,F
9:50:20,MYOR,RG,1820,1,D,PD,AK,F
9:50:20,MYOR,RG,1820,18,D,YP,AK,F
9:50:20,MYOR,RG,1820,7,D,YP,YU,D
9:50:20,MYOR,RG,1820,3,D,XC,YU,D
9:50:20,MYOR,RG,1820,3,D,XC,YU,D
9:50:20,MYOR,RG,1820,2,D,XL,YU,D
9:50:20,MYOR,RG,1820,3,D,XC,YU,D
9:50:20,MYOR,RG,1820,4,D,XC,YU,D
9:50:19,MYOR,RG,1820,11,D,XC,YU,D
9:50:19,MYOR,RG,1825,116,D,YP,CC,F
9:50:19,MYOR,RG,1825,2,D,YP,XC,D
9:50:19,MYOR,RG,1825,11,D,YP,KK,D
9:50:19,MYOR,RG,1825,6,D,YP,NI,D
9:50:19,MYOR,RG,1825,65,D,YP,CC,F
9:49:39,MYOR,RG,1825,1,D,AT,CC,F
9:49:34,MYOR,RG,1820,1,D,XC,YU,D
9:49:34,MYOR,RG,1825,3,D,XC,CC,F
9:49:28,MYOR,RG,1825,1,D,NI,CC,F
9:49:27,MYOR,RG,1820,1,D,XC,YU,D
9:49:27,MYOR,RG,1825,5,D,YP,CC,F
9:49:21,MYOR,RG,1825,1,D,AT,CC,F
9:49:12,MYOR,RG,1820,1,D,XC,YU,D
9:49:12,MYOR,RG,1820,5,D,XC,AK,F
9:49:11,MYOR,RG,1820,1,D,XC,YU,D
9:49:11,MYOR,RG,1820,5,D,XC,YP,D
9:48:35,MYOR,RG,1820,1,D,XC,YU,D
9:48:34,MYOR,RG,1820,1,D,PD,PD,D
9:48:34,MYOR,RG,1820,1,D,XC,PD,D
9:48:34,MYOR,RG,1820,3,D,XC,PD,D
9:48:05,MYOR,RG,1825,1,D,XC,CC,F
9:47:44,MYOR,RG,1820,1,D,YP,XC,D
9:47:44,MYOR,RG,1820,1,D,NI,XC,D
9:47:43,MYOR,RG,1820,1,D,NI,XC,D
9:47:13,MYOR,RG,1820,1,D,NI,YU,D
9:47:12,MYOR,RG,1825,2,D,XC,CC,F
9:46:58,MYOR,RG,1820,2,D,NI,YU,D
9:46:57,MYOR,RG,1820,10,D,NI,YP,D
9:46:35,MYOR,RG,1820,1,D,NI,YU,D
9:46:35,MYOR,RG,1820,8,D,NI,AK,F
9:46:34,MYOR,RG,1820,5,D,NI,YU,D
9:46:34,MYOR,RG,1820,1,D,NI,YU,D
9:46:33,MYOR,RG,1820,20,D,NI,BK,F
9:46:33,MYOR,RG,1820,1,D,PD,BK,F
9:46:33,MYOR,RG,1820,2,D,DH,BK,F
9:46:33,MYOR,RG,1820,5,D,PD,BK,F
9:46:33,MYOR,RG,1820,1,D,XC,BK,F
9:46:33,MYOR,RG,1820,1,D,PD,BK,F
9:46:33,MYOR,RG,1820,1,D,XC,BK,F
9:46:33,MYOR,RG,1820,4,D,HP,BK,F
9:46:33,MYOR,RG,1820,1,D,HP,YU,D
9:46:33,MYOR,RG,1820,4,D,HP,PD,D
9:45:44,MYOR,RG,1820,1,D,HP,YU,D
9:45:44,MYOR,RG,1820,5,D,HP,YP,D
9:44:08,MYOR,RG,1820,1,D,HP,YU,D
9:44:07,MYOR,RG,1820,5,D,HP,AK,F
9:44:07,MYOR,RG,1820,3,D,HP,YU,D
9:44:06,MYOR,RG,1820,20,D,HP,YP,D
9:43:39,MYOR,RG,1820,1,D,HP,YU,D
9:43:38,MYOR,RG,1820,5,D,HP,AK,F
9:43:38,MYOR,RG,1820,1,D,NI,AK,F
9:43:38,MYOR,RG,1820,6,D,NI,YU,D
9:43:38,MYOR,RG,1820,1,D,NI,YU,D
9:43:37,MYOR,RG,1820,3,D,NI,AK,F
9:43:37,MYOR,RG,1820,3,D,NI,YU,D
9:43:37,MYOR,RG,1820,11,D,NI,BK,F
9:43:37,MYOR,RG,1820,3,D,YP,BK,F
9:43:37,MYOR,RG,1820,10,D,NI,BK,F
9:43:37,MYOR,RG,1820,1,D,CC,BK,F
9:43:37,MYOR,RG,1820,10,D,SQ,BK,F
9:43:37,MYOR,RG,1820,1,D,SQ,YU,D
9:43:36,MYOR,RG,1820,17,D,SQ,AK,F
9:43:36,MYOR,RG,1820,2,D,SQ,YU,D
9:43:36,MYOR,RG,1820,11,D,XL,YU,D
9:43:36,MYOR,RG,1820,5,D,XL,YU,D
9:43:35,MYOR,RG,1820,2,D,XL,AK,F
9:43:35,MYOR,RG,1820,3,D,XL,YU,D
9:43:35,MYOR,RG,1820,9,D,XL,BK,F
9:43:35,MYOR,RG,1820,5,D,XC,BK,F
9:43:35,MYOR,RG,1820,50,D,YP,BK,F
9:43:35,MYOR,RG,1820,1,D,XC,BK,F
9:43:35,MYOR,RG,1820,6,D,XC,BK,F
9:43:35,MYOR,RG,1820,1,D,XC,BK,F
9:43:35,MYOR,RG,1820,32,D,YP,BK,F
9:43:35,MYOR,RG,1820,1,D,YP,YU,D
9:43:34,MYOR,RG,1820,7,D,YP,AK,F
9:43:34,MYOR,RG,1820,10,D,DH,AK,F
9:43:34,MYOR,RG,1820,10,D,DH,YU,D
9:43:34,MYOR,RG,1820,4,D,DH,YU,D
9:43:34,MYOR,RG,1820,3,D,PD,YU,D
9:43:33,MYOR,RG,1820,3,D,PD,BK,F
9:43:33,MYOR,RG,1820,14,D,CC,BK,F
9:43:33,MYOR,RG,1820,50,D,HP,BK,F
9:43:33,MYOR,RG,1820,37,D,PD,BK,F
9:40:35,MYOR,RG,1820,1,D,PD,NI,D
9:39:33,MYOR,RG,1820,1,D,PD,AK,F
9:39:32,MYOR,RG,1820,2,D,PD,YU,D
9:39:32,MYOR,RG,1820,9,D,PD,AK,F
9:39:31,MYOR,RG,1820,7,D,PD,YU,D
9:39:31,MYOR,RG,1820,2,D,PD,YU,D
9:39:30,MYOR,RG,1820,41,D,PD,GR,D
9:39:30,MYOR,RG,1820,13,D,CC,GR,D
9:39:24,MYOR,RG,1820,1,D,CC,YU,D
9:39:24,MYOR,RG,1820,2,D,CC,AK,F
9:39:23,MYOR,RG,1820,1,D,CC,YU,D
9:39:23,MYOR,RG,1820,7,D,CC,AK,F
9:39:22,MYOR,RG,1820,9,D,CC,YU,D
9:39:21,MYOR,RG,1825,50,D,YJ,CC,F
9:39:09,MYOR,RG,1820,1,D,CC,AK,F
9:39:07,MYOR,RG,1820,1,D,CC,YU,D
9:39:07,MYOR,RG,1820,2,D,CC,YU,D
9:39:06,MYOR,RG,1820,6,D,CC,YU,D
9:39:06,MYOR,RG,1820,16,D,CC,YU,D
9:39:05,MYOR,RG,1820,1,D,CC,AK,F
9:39:05,MYOR,RG,1820,5,D,CC,YP,D
9:39:05,MYOR,RG,1820,17,D,CC,YU,D
9:39:05,MYOR,RG,1820,4,D,CC,YP,D
9:39:05,MYOR,RG,1820,1,D,CC,YP,D
9:39:05,MYOR,RG,1820,16,D,CC,YU,D
9:39:05,MYOR,RG,1820,7,D,CC,AK,F
9:39:05,MYOR,RG,1820,90,D,CC,PD,D
9:39:02,MYOR,RG,1815,1,D,PD,AK,F
9:39:00,MYOR,RG,1815,1,D,PD,YU,D
9:39:00,MYOR,RG,1815,6,D,PD,AK,F
9:38:59,MYOR,RG,1815,13,D,PD,YU,D
9:38:59,MYOR,RG,1815,5,D,YP,YU,D
9:38:59,MYOR,RG,1820,100,D,CC,PD,D
9:38:54,MYOR,RG,1815,1,D,YP,AK,F
9:38:53,MYOR,RG,1815,1,D,YP,YU,D
9:38:53,MYOR,RG,1815,6,D,YP,AK,F
9:38:52,MYOR,RG,1815,18,D,YP,YU,D
9:38:51,MYOR,RG,1820,100,D,PD,PD,D
9:38:44,MYOR,RG,1815,1,D,YP,AK,F
9:38:43,MYOR,RG,1815,3,D,YP,AK,F
9:38:42,MYOR,RG,1815,9,D,YP,YU,D
9:38:42,MYOR,RG,1820,50,D,PD,PD,D
9:38:40,MYOR,RG,1815,1,D,YP,YU,D
9:38:40,MYOR,RG,1820,2,D,XC,PD,D
9:38:35,MYOR,RG,1815,1,D,YP,AK,F
9:38:34,MYOR,RG,1815,1,D,YP,YU,D
9:38:33,MYOR,RG,1820,5,D,XC,PD,D
9:38:19,MYOR,RG,1815,1,D,YP,YU,D
9:38:18,MYOR,RG,1815,2,D,YP,XC,D
9:38:18,MYOR,RG,1815,1,D,XL,XC,D
9:38:18,MYOR,RG,1815,7,D,CC,XC,D
9:38:12,MYOR,RG,1815,1,D,CC,YU,D
9:38:12,MYOR,RG,1815,1,D,CC,AK,F
9:38:10,MYOR,RG,1815,5,D,CC,PD,D
9:38:09,MYOR,RG,1815,1,D,CC,YU,D
9:38:09,MYOR,RG,1820,1,D,XC,PD,D
9:38:01,MYOR,RG,1815,2,D,CC,AK,F
9:38:00,MYOR,RG,1815,5,D,CC,YU,D
9:38:00,MYOR,RG,1815,2,D,CC,YU,D
9:38:00,MYOR,RG,1815,26,D,CC,YU,D
9:38:00,MYOR,RG,1815,1,D,PD,YU,D
9:38:00,MYOR,RG,1815,10,D,YP,YU,D
9:37:47,MYOR,RG,1815,1,D,BQ,AK,F
9:37:46,MYOR,RG,1815,1,D,BQ,YU,D
9:37:45,MYOR,RG,1815,3,D,BQ,PD,D
9:37:45,MYOR,RG,1815,1,D,XC,PD,D
9:37:45,MYOR,RG,1815,1,D,DH,PD,D
9:37:45,MYOR,RG,1815,1,D,PD,PD,D
9:37:45,MYOR,RG,1815,4,D,SQ,PD,D
9:37:24,MYOR,RG,1815,1,D,SQ,YU,D
9:37:23,MYOR,RG,1820,5,D,PD,PD,D
9:37:18,MYOR,RG,1815,1,D,SQ,YU,D
9:37:17,MYOR,RG,1815,1,D,SQ,AK,F
9:37:16,MYOR,RG,1815,1,D,SQ,AK,F
9:37:16,MYOR,RG,1815,2,D,SQ,YU,D
9:37:16,MYOR,RG,1815,1,D,XC,YU,D
9:37:15,MYOR,RG,1820,20,D,KK,PD,D
9:37:02,MYOR,RG,1815,1,D,XC,YU,D
9:37:02,MYOR,RG,1820,2,D,XC,PD,D
9:36:34,MYOR,RG,1820,1,D,XC,PD,D
9:36:06,MYOR,RG,1815,1,D,XC,YU,D
9:36:05,MYOR,RG,1820,5,D,KK,PD,D
9:35:58,MYOR,RG,1820,1,D,PD,PD,D
9:35:19,MYOR,RG,1820,3,D,PD,PD,D
9:34:36,MYOR,RG,1815,1,D,XC,YU,D
9:34:35,MYOR,RG,1815,1,D,XC,AK,F
9:34:34,MYOR,RG,1820,2,D,XC,PD,D
9:34:16,MYOR,RG,1820,3,D,XL,PD,D
9:34:16,MYOR,RG,1815,1,D,EP,YU,D
9:34:15,MYOR,RG,1820,1,D,OD,PD,D
9:34:06,MYOR,RG,1815,2,D,PD,AK,F
9:34:06,MYOR,RG,1815,1,D,PD,YU,D
9:34:06,MYOR,RG,1815,1,D,DH,YU,D
9:34:05,MYOR,RG,1815,5,D,DH,PD,D
9:34:05,MYOR,RG,1815,1,D,YP,PD,D
9:34:05,MYOR,RG,1815,4,D,PD,PD,D
9:33:54,MYOR,RG,1820,4,D,PD,PD,D
9:33:53,MYOR,RG,1815,1,D,XC,YU,D
9:33:52,MYOR,RG,1815,2,D,XC,AK,F
9:33:52,MYOR,RG,1815,2,D,XC,YU,D
9:33:51,MYOR,RG,1820,10,D,PD,PD,D
9:33:32,MYOR,RG,1815,1,D,XC,AK,F
9:33:32,MYOR,RG,1815,2,D,XC,YU,D
9:33:31,MYOR,RG,1815,1,D,XC,NI,D
9:33:31,MYOR,RG,1815,1,D,XC,PD,D
9:33:31,MYOR,RG,1815,9,D,NI,PD,D
9:33:22,MYOR,RG,1815,1,D,NI,AK,F
9:33:21,MYOR,RG,1815,1,D,NI,AK,F
9:33:21,MYOR,RG,1815,2,D,NI,YU,D
9:33:20,MYOR,RG,1820,10,D,PD,PD,D
9:33:01,MYOR,RG,1815,3,D,NI,YU,D
9:33:01,MYOR,RG,1815,16,D,NI,AK,F
9:33:00,MYOR,RG,1815,18,D,NI,YU,D
9:33:00,MYOR,RG,1815,2,D,XC,YU,D
9:33:00,MYOR,RG,1815,2,D,PD,YU,D
9:33:00,MYOR,RG,1815,1,D,PD,YU,D
9:33:00,MYOR,RG,1815,10,D,CC,YU,D
9:33:00,MYOR,RG,1815,28,D,PD,YU,D
9:33:00,MYOR,RG,1815,1,D,XC,YU,D
9:33:00,MYOR,RG,1815,1,D,NI,YU,D
9:33:00,MYOR,RG,1815,5,D,SQ,YU,D
9:33:00,MYOR,RG,1815,3,D,YP,YU,D
9:33:00,MYOR,RG,1815,2,D,SQ,YU,D
9:33:00,MYOR,RG,1815,55,D,PD,YU,D
9:32:57,MYOR,RG,1815,2,D,PD,AK,F
9:32:56,MYOR,RG,1815,10,D,PD,PD,D
9:32:55,MYOR,RG,1820,6,D,XL,PD,D
9:32:28,MYOR,RG,1815,17,D,PD,AK,F
9:32:26,MYOR,RG,1815,16,D,PD,YU,D
9:32:26,MYOR,RG,1815,1,D,PD,YU,D
9:32:26,MYOR,RG,1815,1,D,XC,YU,D
9:32:26,MYOR,RG,1815,30,D,NI,YU,D
9:32:26,MYOR,RG,1815,2,D,PD,YU,D
9:32:26,MYOR,RG,1815,10,D,XC,YU,D
9:32:26,MYOR,RG,1815,1,D,DR,YU,D
9:32:26,MYOR,RG,1815,1,D,XC,YU,D
9:32:26,MYOR,RG,1815,1,D,DR,YU,D
9:32:26,MYOR,RG,1815,3,D,CC,YU,D
9:32:26,MYOR,RG,1815,10,D,YP,YU,D
9:32:26,MYOR,RG,1820,10,D,PD,PD,D
9:32:25,MYOR,RG,1820,2,D,XC,PD,D
9:32:09,MYOR,RG,1820,1,D,XC,PD,D
9:31:55,MYOR,RG,1815,6,D,YP,XC,D
9:31:09,MYOR,RG,1820,2,D,XL,PD,D
9:31:09,MYOR,RG,1815,10,D,YP,PD,D
9:31:01,MYOR,RG,1815,10,D,YP,AK,F
9:31:00,MYOR,RG,1815,51,D,YP,YU,D
9:30:58,MYOR,RG,1820,10,D,PD,PD,D
9:30:46,MYOR,RG,1815,2,D,YP,XC,D
9:30:41,MYOR,RG,1815,11,D,YP,AK,F
9:30:40,MYOR,RG,1820,24,D,KK,PD,D
9:30:11,MYOR,RG,1815,5,D,YP,PD,D
9:30:01,MYOR,RG,1820,1,D,PD,PD,D
9:30:00,MYOR,RG,1815,30,D,YP,YU,D
9:29:46,MYOR,RG,1820,5,D,PD,PD,D
9:29:42,MYOR,RG,1815,2,D,YP,XC,D
9:29:26,MYOR,RG,1815,5,D,YP,PD,D
9:29:11,MYOR,RG,1815,10,D,YP,AK,F
9:29:11,MYOR,RG,1815,48,D,YP,AK,F
9:29:11,MYOR,RG,1815,1,D,DR,AK,F
9:29:11,MYOR,RG,1815,30,D,CP,AK,F
9:29:10,MYOR,RG,1815,67,D,CP,YU,D
9:29:10,MYOR,RG,1815,3,D,CP,PD,D
9:29:10,MYOR,RG,1815,5,D,PD,PD,D
9:29:10,MYOR,RG,1815,1,D,XC,PD,D
9:29:10,MYOR,RG,1815,1,D,CC,PD,D
9:29:10,MYOR,RG,1815,1,D,PD,PD,D
9:29:10,MYOR,RG,1815,15,D,PD,PD,D
9:29:10,MYOR,RG,1815,2,D,OD,PD,D
9:29:10,MYOR,RG,1815,1,D,DR,PD,D
9:29:10,MYOR,RG,1815,1,D,XC,PD,D
9:29:10,MYOR,RG,1815,1,D,CC,PD,D
9:29:10,MYOR,RG,1815,1,D,DR,PD,D
9:29:10,MYOR,RG,1815,1,D,DR,PD,D
9:29:10,MYOR,RG,1815,1,D,XC,PD,D
9:29:10,MYOR,RG,1815,1,D,DR,PD,D
9:29:10,MYOR,RG,1815,2,D,OD,PD,D
9:29:10,MYOR,RG,1815,1,D,DR,PD,D
9:29:10,MYOR,RG,1815,2,D,DR,PD,D
9:29:10,MYOR,RG,1815,51,D,XA,PD,D
9:29:10,MYOR,RG,1815,200,D,XC,PD,D
9:29:10,MYOR,RG,1815,124,D,YP,PD,D
9:29:10,MYOR,RG,1815,2,D,YP,PD,D
9:29:10,MYOR,RG,1815,1,D,YP,PD,D
9:29:10,MYOR,RG,1815,2,D,XL,PD,D
9:29:10,MYOR,RG,1815,1,D,PD,PD,D
9:29:10,MYOR,RG,1815,11,D,XA,PD,D
9:29:10,MYOR,RG,1815,10,D,PD,PD,D
9:29:10,MYOR,RG,1815,20,D,PD,PD,D
9:29:10,MYOR,RG,1815,38,D,KK,PD,D
9:29:05,MYOR,RG,1820,9,D,PD,PD,D
9:27:46,MYOR,RG,1820,5,D,NI,PD,D
9:27:39,MYOR,RG,1815,1,D,KK,XL,D
9:27:20,MYOR,RG,1815,5,D,KK,AK,F
9:27:19,MYOR,RG,1815,20,D,KK,PD,D
9:26:48,MYOR,RG,1820,1,D,XC,PD,D
9:26:48,MYOR,RG,1820,4,D,NI,PD,D
9:26:48,MYOR,RG,1820,5,D,CC,PD,D
9:26:32,MYOR,RG,1820,2,D,XC,AK,F
9:26:32,MYOR,RG,1820,3,D,XC,AK,F
9:26:32,MYOR,RG,1820,3,D,NI,AK,F
9:26:31,MYOR,RG,1820,3,D,DR,YP,D
9:26:31,MYOR,RG,1820,1,D,XC,YP,D
9:26:31,MYOR,RG,1820,2,D,XC,YP,D
9:26:31,MYOR,RG,1820,10,D,CC,YP,D
9:26:31,MYOR,RG,1820,20,D,XC,YP,D
9:26:31,MYOR,RG,1820,3,D,PD,YP,D
9:26:31,MYOR,RG,1820,11,D,YP,YP,D
9:26:08,MYOR,RG,1820,4,D,YP,AK,F
9:26:07,MYOR,RG,1820,30,D,YP,MG,D
9:25:34,MYOR,RG,1820,3,D,YP,AK,F
9:25:33,MYOR,RG,1820,2,D,YP,DR,D
9:25:33,MYOR,RG,1820,18,F,BK,DR,D
9:25:10,MYOR,RG,1820,13,F,BK,AK,F
9:25:09,MYOR,RG,1825,71,D,XA,CC,F
9:25:09,MYOR,RG,1825,20,D,XA,YU,D
9:25:09,MYOR,RG,1825,3,D,XA,AK,F
9:25:09,MYOR,RG,1825,2,D,XA,XC,D
9:25:09,MYOR,RG,1825,4,D,XA,YU,D
9:25:08,MYOR,RG,1820,3,F,BK,AK,F
9:25:07,MYOR,RG,1820,15,F,BK,PD,D
9:24:45,MYOR,RG,1825,1,D,XC,YU,D
9:24:43,MYOR,RG,1825,6,D,XC,YU,D
9:24:38,MYOR,RG,1825,1,D,NI,YU,D
9:24:34,MYOR,RG,1825,2,D,XC,YU,D
9:24:29,MYOR,RG,1820,2,F,BK,AK,F
9:24:28,MYOR,RG,1820,6,F,BK,EP,D
9:24:26,MYOR,RG,1825,1,D,DH,YU,D
9:24:22,MYOR,RG,1820,1,F,BK,PD,D
9:24:10,MYOR,RG,1820,23,F,BK,AK,F
9:24:08,MYOR,RG,1820,4,F,BK,MG,D
9:24:08,MYOR,RG,1820,1,D,DR,MG,D
9:24:08,MYOR,RG,1820,1,D,NI,MG,D
9:24:08,MYOR,RG,1820,1,D,DR,MG,D
9:24:08,MYOR,RG,1820,1,D,DR,MG,D
9:24:08,MYOR,RG,1820,10,D,CC,MG,D
9:24:08,MYOR,RG,1820,100,D,YP,MG,D
9:24:08,MYOR,RG,1820,6,D,CC,MG,D
9:24:08,MYOR,RG,1820,1,D,XC,MG,D
9:24:08,MYOR,RG,1820,10,D,AZ,MG,D
9:24:08,MYOR,RG,1820,15,D,YB,MG,D
9:24:01,MYOR,RG,1820,10,D,YB,AK,F
9:24:01,MYOR,RG,1820,2,D,YP,AK,F
9:24:00,MYOR,RG,1820,79,D,YP,YU,D
9:23:47,MYOR,RG,1820,2,D,YP,XC,D
9:23:10,MYOR,RG,1820,1,D,YP,AK,F
9:23:09,MYOR,RG,1825,4,D,CC,YU,D
9:22:59,MYOR,RG,1820,10,D,YP,AO,D
9:22:49,MYOR,RG,1825,1,D,XC,YU,D
9:22:39,MYOR,RG,1820,10,D,YP,PD,D
9:22:38,MYOR,RG,1820,1,D,YP,XL,D
9:22:35,MYOR,RG,1820,1,D,YP,EP,D
9:22:15,MYOR,RG,1820,1,D,YP,XC,D
9:22:08,MYOR,RG,1820,1,D,YP,AK,F
9:22:06,MYOR,RG,1825,5,D,CC,YU,D
9:22:02,MYOR,RG,1820,1,D,YP,AK,F
9:22:00,MYOR,RG,1820,16,D,YP,YU,D
9:22:00,MYOR,RG,1820,1,D,NI,YU,D
9:22:00,MYOR,RG,1820,2,D,DR,YU,D
9:22:00,MYOR,RG,1820,6,D,PD,YU,D
9:22:00,MYOR,RG,1820,1,D,PD,YU,D
9:22:00,MYOR,RG,1820,1,D,DR,YU,D
9:22:00,MYOR,RG,1820,1,D,CC,YU,D
9:22:00,MYOR,RG,1820,1,D,YP,YU,D
9:22:00,MYOR,RG,1820,3,D,PD,YU,D
9:22:00,MYOR,RG,1820,4,D,XC,YU,D
9:22:00,MYOR,RG,1820,4,D,DR,YU,D
9:22:00,MYOR,RG,1820,1,D,DR,YU,D
9:22:00,MYOR,RG,1820,5,D,XC,YU,D
9:21:57,MYOR,RG,1825,5,D,YP,YU,D
9:21:41,MYOR,RG,1820,1,D,DR,AK,F
9:21:40,MYOR,RG,1825,5,D,YP,YU,D
9:21:28,MYOR,RG,1820,1,D,DR,AK,F
9:21:27,MYOR,RG,1820,1,D,DR,KK,D
9:21:27,MYOR,RG,1820,3,D,PD,KK,D
9:21:27,MYOR,RG,1820,31,D,AZ,KK,D
9:21:02,MYOR,RG,1825,1,D,PD,YU,D
9:20:56,MYOR,RG,1825,1,D,XL,YU,D
9:20:55,MYOR,RG,1820,1,D,AZ,XC,D
9:20:48,MYOR,RG,1820,2,D,AZ,AK,F
9:20:48,MYOR,RG,1825,1,D,XC,NI,D
9:20:48,MYOR,RG,1825,14,D,XC,YU,D
9:20:48,MYOR,RG,1825,35,D,XC,YU,D
9:20:36,MYOR,RG,1820,14,D,AZ,NI,D
9:20:35,MYOR,RG,1825,4,D,DR,YU,D
9:20:10,MYOR,RG,1820,2,D,AZ,XC,D
9:20:03,MYOR,RG,1825,1,D,PD,YU,D
9:19:44,MYOR,RG,1825,3,D,IF,YU,D
9:19:29,MYOR,RG,1815,36,D,KK,ZP,D
9:19:29,MYOR,RG,1815,7,D,AZ,ZP,D
9:19:29,MYOR,RG,1820,1,D,PD,ZP,D
9:19:29,MYOR,RG,1820,2,D,YP,ZP,D
9:19:29,MYOR,RG,1820,1,D,XC,ZP,D
9:19:29,MYOR,RG,1820,1,D,PD,ZP,D
9:19:29,MYOR,RG,1820,50,D,YP,ZP,D
9:19:29,MYOR,RG,1820,2,D,PD,ZP,D
9:19:27,MYOR,RG,1825,2,D,PD,YU,D
9:19:06,MYOR,RG,1820,3,D,YP,AK,F
9:19:06,MYOR,RG,1820,7,D,YP,AK,F
9:19:05,MYOR,RG,1820,3,D,EP,AK,F
9:19:05,MYOR,RG,1820,7,D,EP,AK,F
9:19:05,MYOR,RG,1820,10,D,DH,AK,F
9:19:02,MYOR,RG,1820,4,D,NI,AK,F
9:19:02,MYOR,RG,1820,13,D,NI,YU,D
9:19:02,MYOR,RG,1820,3,D,NI,NI,D
9:19:01,MYOR,RG,1815,3,D,AZ,PD,D
9:18:47,MYOR,RG,1820,20,D,PD,PD,D
9:18:47,MYOR,RG,1820,1,D,YP,PD,D
9:18:47,MYOR,RG,1820,2,D,XC,PD,D
9:18:47,MYOR,RG,1820,15,D,KK,PD,D
9:18:47,MYOR,RG,1820,6,D,XC,PD,D
9:18:47,MYOR,RG,1820,1,D,YP,PD,D
9:18:47,MYOR,RG,1820,2,D,CC,PD,D
9:18:35,MYOR,RG,1825,1,D,SQ,XC,D
9:18:35,MYOR,RG,1825,1,D,SQ,AK,F
9:18:26,MYOR,RG,1825,1,D,OD,AK,F
9:18:26,MYOR,RG,1825,1,D,OD,AK,F
9:18:26,MYOR,RG,1820,3,D,CC,KK,D
9:18:26,MYOR,RG,1820,2,D,YP,KK,D
9:18:23,MYOR,RG,1820,1,D,YP,XL,D
9:18:13,MYOR,RG,1825,1,D,EP,XC,D
9:18:04,MYOR,RG,1820,2,D,YP,XC,D
9:18:04,MYOR,RG,1820,1,D,XC,XC,D
9:18:00,MYOR,RG,1820,5,D,CC,BK,F
9:18:00,MYOR,RG,1820,20,D,YP,BK,F
9:18:00,MYOR,RG,1820,5,D,YP,BK,F
9:18:00,MYOR,RG,1820,1,D,YP,BK,F
9:18:00,MYOR,RG,1820,20,D,PD,BK,F
9:18:00,MYOR,RG,1820,2,D,YP,BK,F
9:18:00,MYOR,RG,1820,11,D,CC,BK,F
9:18:00,MYOR,RG,1820,4,D,XC,BK,F
9:18:00,MYOR,RG,1820,38,D,KK,BK,F
9:17:59,MYOR,RG,1820,12,D,KK,AK,F
9:17:59,MYOR,RG,1820,29,D,SQ,AK,F
9:17:59,MYOR,RG,1820,1,D,YP,AK,F
9:17:59,MYOR,RG,1820,1,D,YP,AK,F
9:17:59,MYOR,RG,1820,1,D,YP,AK,F
9:17:59,MYOR,RG,1820,10,D,YP,AK,F
9:17:59,MYOR,RG,1820,2,D,YP,AK,F
9:17:59,MYOR,RG,1820,50,D,LG,AK,F
9:17:59,MYOR,RG,1820,11,D,CC,AK,F
9:17:59,MYOR,RG,1820,2,D,PD,AK,F
9:17:59,MYOR,RG,1820,10,D,CC,AK,F
9:17:59,MYOR,RG,1820,1,D,YP,AK,F
9:17:59,MYOR,RG,1820,15,D,PD,AK,F
9:17:59,MYOR,RG,1820,28,D,PD,AK,F
9:17:59,MYOR,RG,1820,1,D,PD,AK,F
9:17:59,MYOR,RG,1820,50,D,KK,AK,F
9:17:59,MYOR,RG,1820,11,D,XA,AK,F
9:17:58,MYOR,RG,1825,50,D,SQ,AK,F
9:17:58,MYOR,RG,1825,97,D,XL,AK,F
9:17:58,MYOR,RG,1825,15,D,XL,YU,D
9:17:58,MYOR,RG,1825,40,D,DH,YU,D
9:17:58,MYOR,RG,1825,1,D,PD,YU,D
9:17:58,MYOR,RG,1825,2,D,MG,YU,D
9:17:58,MYOR,RG,1825,2,D,YP,YU,D
9:17:58,MYOR,RG,1825,100,D,YP,YU,D
9:17:58,MYOR,RG,1825,5,D,XC,YU,D
9:17:58,MYOR,RG,1825,50,D,PD,YU,D
9:17:58,MYOR,RG,1825,28,D,XA,YU,D
9:17:58,MYOR,RG,1825,1,D,PD,YU,D
9:17:58,MYOR,RG,1825,1,D,PD,YU,D
9:17:58,MYOR,RG,1825,1,D,PD,BK,F
9:17:58,MYOR,RG,1825,1,D,PD,BK,F
9:17:58,MYOR,RG,1825,5,D,PD,BK,F
9:17:58,MYOR,RG,1825,20,D,PD,BK,F
9:17:58,MYOR,RG,1825,1,D,PD,BK,F
9:17:58,MYOR,RG,1825,5,D,PD,BK,F
9:17:58,MYOR,RG,1825,50,D,DR,BK,F
9:17:58,MYOR,RG,1825,2,D,DH,BK,F
9:17:58,MYOR,RG,1825,21,D,KK,BK,F
9:17:57,MYOR,RG,1825,79,D,KK,YU,D
9:17:57,MYOR,RG,1825,5,D,YB,YU,D
9:17:57,MYOR,RG,1830,1,D,XC,CC,F
9:17:57,MYOR,RG,1830,1,D,XC,CC,F
9:17:57,MYOR,RG,1830,15,D,PD,CC,F
9:17:57,MYOR,RG,1830,1000,D,OD,CC,F
9:17:57,MYOR,RG,1830,1,D,NI,CC,F
9:17:57,MYOR,RG,1830,2,D,DR,CC,F
9:17:57,MYOR,RG,1830,1,D,YP,CC,F
9:17:57,MYOR,RG,1830,5,D,XC,CC,F
9:17:57,MYOR,RG,1830,1,D,YP,CC,F
9:17:57,MYOR,RG,1830,5,D,NI,CC,F
9:17:57,MYOR,RG,1830,1,D,SQ,CC,F
9:17:57,MYOR,RG,1830,1,D,YP,CC,F
9:17:57,MYOR,RG,1830,2,D,OD,CC,F
9:17:57,MYOR,RG,1830,4,D,XC,CC,F
9:17:57,MYOR,RG,1830,5,D,YP,CC,F
9:17:57,MYOR,RG,1830,1,D,PD,CC,F
9:17:57,MYOR,RG,1830,125,D,HP,CC,F
9:17:57,MYOR,RG,1830,10,D,NI,CC,F
9:17:57,MYOR,RG,1830,1,D,XC,CC,F
9:17:57,MYOR,RG,1830,1,D,CC,CC,F
9:17:57,MYOR,RG,1830,5,D,YP,CC,F
9:17:57,MYOR,RG,1830,1,D,YP,CC,F
9:17:57,MYOR,RG,1830,3,D,PD,CC,F
9:17:57,MYOR,RG,1830,5,D,NI,CC,F
9:17:57,MYOR,RG,1830,6,D,YB,CC,F
9:17:57,MYOR,RG,1830,1,D,XL,CC,F
9:17:57,MYOR,RG,1830,103,D,YP,CC,F
9:17:53,MYOR,RG,1830,73,D,YP,AK,F
9:17:53,MYOR,RG,1830,24,D,YP,BK,F
9:17:53,MYOR,RG,1830,1,D,YP,BK,F
9:17:53,MYOR,RG,1830,1,D,PD,BK,F
9:17:53,MYOR,RG,1830,10,D,YP,BK,F
9:17:53,MYOR,RG,1830,1,D,NI,BK,F
9:17:53,MYOR,RG,1830,5,D,CC,BK,F
9:17:53,MYOR,RG,1830,27,D,XC,BK,F
9:17:53,MYOR,RG,1830,1,D,PD,BK,F
9:17:53,MYOR,RG,1830,1,D,SQ,BK,F
9:17:53,MYOR,RG,1830,1,D,YP,BK,F
9:17:53,MYOR,RG,1830,34,D,CC,BK,F
9:17:52,MYOR,RG,1830,106,D,CC,BK,F
9:17:51,MYOR,RG,1830,30,D,CC,YB,D
9:17:51,MYOR,RG,1830,106,D,CC,BK,F
9:17:50,MYOR,RG,1830,106,D,CC,BK,F
9:17:49,MYOR,RG,1830,93,D,CC,AK,F
9:17:48,MYOR,RG,1830,25,D,CC,AZ,D
9:17:48,MYOR,RG,1830,5,D,NI,AZ,D
9:17:48,MYOR,RG,1830,2,D,XC,AZ,D
9:17:48,MYOR,RG,1830,5,D,XC,AZ,D
9:17:48,MYOR,RG,1830,25,D,PD,AZ,D
9:17:48,MYOR,RG,1830,1,D,YP,AZ,D
9:17:48,MYOR,RG,1830,5,D,PD,AZ,D
9:17:48,MYOR,RG,1830,1,D,PD,AZ,D
9:17:48,MYOR,RG,1830,10,D,YP,AZ,D
9:17:48,MYOR,RG,1830,1,D,PD,AZ,D
9:17:48,MYOR,RG,1830,2,D,PD,AZ,D
9:17:48,MYOR,RG,1830,10,D,PD,AZ,D
9:17:48,MYOR,RG,1830,20,D,SQ,AZ,D
9:17:48,MYOR,RG,1830,5,D,PD,AZ,D
9:17:48,MYOR,RG,1830,1,D,PD,AZ,D
9:17:48,MYOR,RG,1830,184,D,PD,AZ,D
9:17:13,MYOR,RG,1830,106,D,PD,BK,F
9:17:13,MYOR,RG,1835,40,D,ZP,CC,F
9:17:13,MYOR,RG,1830,10,D,PD,AK,F
9:17:13,MYOR,RG,1830,5,D,YB,AK,F
9:17:13,MYOR,RG,1830,3,D,XC,AK,F
9:17:13,MYOR,RG,1830,10,D,AZ,AK,F
9:17:13,MYOR,RG,1830,3,D,EP,AK,F
9:17:13,MYOR,RG,1830,1,D,KK,AK,F
9:17:13,MYOR,RG,1830,50,D,DR,AK,F
9:17:11,MYOR,RG,1835,10,D,YP,CC,F
9:17:11,MYOR,RG,1835,2,D,PD,CC,F
9:17:11,MYOR,RG,1835,20,D,PD,CC,F
9:17:11,MYOR,RG,1835,254,D,YP,CC,F
9:17:11,MYOR,RG,1835,1,D,YP,CC,F
9:17:11,MYOR,RG,1835,2,D,YP,CC,F
9:17:11,MYOR,RG,1835,1,D,NI,CC,F
9:17:11,MYOR,RG,1835,1,D,CC,CC,F
9:17:11,MYOR,RG,1835,10,D,YP,CC,F
9:17:11,MYOR,RG,1835,1,D,EP,CC,F
9:17:11,MYOR,RG,1835,1,D,OD,CC,F
9:17:11,MYOR,RG,1835,5,D,PD,CC,F
9:17:11,MYOR,RG,1835,1,D,XC,CC,F
9:17:11,MYOR,RG,1835,80,D,HP,CC,F
9:16:08,MYOR,RG,1835,1,D,HP,YU,D
9:16:08,MYOR,RG,1835,1,D,HP,PD,D
9:16:08,MYOR,RG,1840,1,D,YP,BK,F
9:16:07,MYOR,RG,1835,3,D,HP,XC,D
9:16:07,MYOR,RG,1835,2,D,HP,YU,D
9:16:06,MYOR,RG,1835,2,D,HP,YU,D
9:16:06,MYOR,RG,1840,12,D,DR,BK,F
9:16:06,MYOR,RG,1840,8,D,DR,AK,F
9:15:55,MYOR,RG,1835,1,D,HP,KK,D
9:15:49,MYOR,RG,1835,6,D,HP,YU,D
9:15:49,MYOR,RG,1835,1,D,HP,YU,D
9:15:49,MYOR,RG,1835,28,D,HP,AK,F
9:15:49,MYOR,RG,1835,5,D,YP,AK,F
9:15:49,MYOR,RG,1835,6,D,SQ,AK,F
9:15:48,MYOR,RG,1835,4,D,SQ,YU,D
9:15:48,MYOR,RG,1835,3,D,YP,YU,D
9:15:48,MYOR,RG,1835,7,D,YP,CC,D
9:15:48,MYOR,RG,1835,10,D,PD,CC,D
9:15:48,MYOR,RG,1835,10,D,PD,CC,D
9:15:48,MYOR,RG,1835,13,D,NI,CC,D
9:15:24,MYOR,RG,1835,2,D,NI,YU,D
9:15:24,MYOR,RG,1835,10,D,NI,XL,D
9:15:24,MYOR,RG,1835,1,D,YP,XL,D
9:15:07,MYOR,RG,1835,1,D,NI,YU,D
9:15:06,MYOR,RG,1835,1,D,NI,YU,D
9:15:06,MYOR,RG,1835,10,D,XC,YU,D
9:15:06,MYOR,RG,1835,1,D,YP,YU,D
9:15:06,MYOR,RG,1835,3,D,PD,YU,D
9:15:06,MYOR,RG,1835,1,D,XC,YU,D
9:15:06,MYOR,RG,1835,2,D,NI,YU,D
9:15:06,MYOR,RG,1835,1,D,NI,YU,D
9:15:06,MYOR,RG,1840,2,D,AG,BK,F
9:15:06,MYOR,RG,1840,1,D,AG,XC,D
9:15:06,MYOR,RG,1840,2,D,AG,AK,F
9:15:05,MYOR,RG,1835,6,D,NI,BK,F
9:15:05,MYOR,RG,1835,25,D,NI,BK,F
9:15:05,MYOR,RG,1835,1,D,YP,BK,F
9:15:05,MYOR,RG,1835,39,D,CC,BK,F
9:15:05,MYOR,RG,1835,2,D,MG,BK,F
9:15:05,MYOR,RG,1835,1,D,XL,BK,F
9:15:05,MYOR,RG,1835,5,D,NI,BK,F
9:15:05,MYOR,RG,1835,2,D,XC,BK,F
9:15:05,MYOR,RG,1835,2,D,XC,BK,F
9:15:05,MYOR,RG,1835,1,D,XC,BK,F
9:15:05,MYOR,RG,1835,1,D,YP,BK,F
9:15:05,MYOR,RG,1835,4,D,PD,BK,F
9:15:05,MYOR,RG,1835,3,D,PD,BK,F
9:15:05,MYOR,RG,1835,5,D,KK,BK,F
9:15:05,MYOR,RG,1835,9,D,XC,BK,F
9:15:05,MYOR,RG,1835,1,D,XC,YU,D
9:15:05,MYOR,RG,1835,1,D,XC,YU,D
9:15:05,MYOR,RG,1835,2,D,PD,YU,D
9:15:05,MYOR,RG,1835,1,D,PD,YU,D
9:15:05,MYOR,RG,1835,10,D,YP,AK,F
9:15:05,MYOR,RG,1835,20,D,KK,AK,F
9:15:04,MYOR,RG,1835,6,D,KK,YU,D
9:15:04,MYOR,RG,1835,2,D,KK,YU,D
9:15:03,MYOR,RG,1840,34,D,XC,BK,F
9:15:03,MYOR,RG,1840,16,D,XC,YU,D
9:15:00,MYOR,RG,1835,2,D,KK,YU,D
9:15:00,MYOR,RG,1835,10,D,CC,YU,D
9:15:00,MYOR,RG,1835,24,D,KK,YU,D
9:14:57,MYOR,RG,1840,5,D,EP,YU,D
9:14:33,MYOR,RG,1835,50,D,KK,PD,D
9:14:32,MYOR,RG,1835,26,D,KK,AK,F
9:14:32,MYOR,RG,1835,1,D,YB,AK,F
9:14:32,MYOR,RG,1835,4,D,CC,AK,F
9:14:32,MYOR,RG,1835,8,D,XC,AK,F
9:14:31,MYOR,RG,1840,33,D,CC,AK,F
9:14:31,MYOR,RG,1840,18,D,CC,YU,D
9:14:31,MYOR,RG,1840,106,D,CC,BK,F
9:14:31,MYOR,RG,1840,1,D,CC,YU,D
9:14:30,MYOR,RG,1840,5,D,CC,EP,D
9:14:30,MYOR,RG,1840,37,D,CC,BK,F
9:14:30,MYOR,RG,1840,5,D,YP,BK,F
9:14:30,MYOR,RG,1840,4,D,YP,BK,F
9:14:30,MYOR,RG,1840,4,D,XC,BK,F
9:14:30,MYOR,RG,1840,17,D,YP,BK,F
9:14:30,MYOR,RG,1840,5,D,YP,BK,F
9:14:30,MYOR,RG,1840,20,D,NI,BK,F
9:14:30,MYOR,RG,1840,3,D,PD,BK,F
9:14:30,MYOR,RG,1840,2,D,XC,BK,F
9:14:30,MYOR,RG,1840,9,D,PD,BK,F
9:14:14,MYOR,RG,1840,1,D,PD,YU,D
9:14:14,MYOR,RG,1845,1,D,XC,NI,D
9:14:14,MYOR,RG,1845,5,D,XC,YU,D
9:14:03,MYOR,RG,1840,1,D,PD,YU,D
9:14:02,MYOR,RG,1840,1,D,PD,YU,D
9:14:02,MYOR,RG,1840,1,D,PD,YU,D
