Time,Stock,Brd,Price,Qty,BT,BC,SC,ST
15:09:06,MYOR,RG,2050,1,F,AK,AT,D
15:07:01,MYOR,RG,2050,4,F,AK,OK,D
15:07:01,MYOR,RG,2050,17,F,AK,OK,D
15:07:01,MYOR,RG,2050,21,F,AK,OK,D
15:06:52,MYOR,RG,2050,153,F,AK,LG,F
15:06:52,MYOR,RG,2050,9,F,AK,LG,F
15:06:52,MYOR,RG,2050,30,D,CC,LG,F
15:06:52,MYOR,RG,2050,25,F,AK,LG,F
15:06:52,MYOR,RG,2050,192,F,AK,LG,F
15:06:52,MYOR,RG,2050,6,D,PD,LG,F
15:06:52,MYOR,RG,2050,1,D,XC,LG,F
15:06:52,MYOR,RG,2050,1,D,XC,LG,F
15:06:52,MYOR,RG,2050,18,F,KZ,LG,F
15:06:52,MYOR,RG,2050,1,F,AK,LG,F
15:06:52,MYOR,RG,2050,5,D,PD,LG,F
15:06:52,MYOR,RG,2050,17,F,AK,LG,F
15:06:52,MYOR,RG,2050,59,D,PD,LG,F
15:06:52,MYOR,RG,2050,136,F,AK,LG,F
15:06:52,MYOR,RG,2050,2,D,DR,LG,F
15:06:52,MYOR,RG,2050,4,D,XC,LG,F
15:06:52,MYOR,RG,2050,1,D,KK,LG,F
15:06:52,MYOR,RG,2050,10,D,KK,LG,F
15:06:52,MYOR,RG,2050,50,D,SH,LG,F
15:06:52,MYOR,RG,2050,2,D,XL,LG,F
15:06:52,MYOR,RG,2050,278,F,AK,LG,F
15:06:08,MYOR,RG,2050,1,F,AK,DR,D
15:04:28,MYOR,RG,2050,10,F,AK,PD,D
15:02:20,MYOR,RG,2050,120,F,AK,YP,D
15:01:00,MYOR,RG,2050,10,F,AK,YB,D
15:00:00,MYOR,RG,2050,20,F,AK,KK,D
15:00:00,MYOR,RG,2050,5,F,AK,CC,D
15:00:00,MYOR,RG,2050,3,F,AK,XC,D
15:00:00,MYOR,RG,2050,227,F,AK,KI,D
15:00:00,MYOR,RG,2050,4,F,AK,KI,D
15:00:00,MYOR,RG,2050,4,D,PD,KI,D
15:00:00,MYOR,RG,2050,3,D,XL,KI,D
15:00:00,MYOR,RG,2050,10,D,PD,KI,D
15:00:00,MYOR,RG,2050,1,D,XC,KI,D
15:00:00,MYOR,RG,2050,10,D,PD,KI,D
15:00:00,MYOR,RG,2050,373,F,AK,KI,D
15:00:00,MYOR,RG,2050,15,D,SH,KI,D
15:00:00,MYOR,RG,2050,18,D,XC,KI,D
15:00:00,MYOR,RG,2050,335,F,AK,KI,D
15:00:00,MYOR,RG,2050,38,F,AK,CC,D
15:00:00,MYOR,RG,2050,1,D,XC,CC,D
15:00:00,MYOR,RG,2050,179,F,AK,CC,D
15:00:00,MYOR,RG,2050,5,D,NI,CC,D
15:00:00,MYOR,RG,2050,1,D,YP,CC,D
15:00:00,MYOR,RG,2050,25,D,PD,CC,D
15:00:00,MYOR,RG,2050,4,F,KZ,CC,D
15:00:00,MYOR,RG,2050,1,F,KZ,CC,D
15:00:00,MYOR,RG,2050,289,F,KZ,CC,D
15:00:00,MYOR,RG,2050,1,F,KZ,CC,D
15:00:00,MYOR,RG,2050,6,F,AK,CC,D
15:00:00,MYOR,RG,2050,13,F,AK,CC,D
14:49:46,MYOR,RG,2060,6,F,KZ,KK,D
14:49:46,MYOR,RG,2060,10,F,KZ,KK,D
14:49:46,MYOR,RG,2060,7,F,KZ,XC,D
14:49:44,MYOR,RG,2060,2,F,KZ,XC,D
14:49:44,MYOR,RG,2060,1,F,KZ,XC,D
14:49:44,MYOR,RG,2060,22,F,KZ,PD,D
14:49:44,MYOR,RG,2060,1,F,KZ,DH,D
14:49:44,MYOR,RG,2060,3,F,KZ,CC,D
14:49:44,MYOR,RG,2060,10,F,KZ,CC,D
14:49:44,MYOR,RG,2060,50,F,KZ,PD,D
14:49:44,MYOR,RG,2060,5,F,KZ,CC,D
14:49:44,MYOR,RG,2050,5,F,AK,PD,D
14:49:44,MYOR,RG,2050,25,F,AK,PD,D
14:49:44,MYOR,RG,2050,9,F,AK,XC,D
14:49:44,MYOR,RG,2050,1,F,AK,XC,D
14:49:44,MYOR,RG,2050,2,F,AK,XC,D
14:49:44,MYOR,RG,2050,1,F,AK,XC,D
14:49:44,MYOR,RG,2050,1,F,AK,YP,D
14:49:44,MYOR,RG,2050,2,F,AK,DH,D
14:49:44,MYOR,RG,2050,5,F,AK,CC,D
14:49:44,MYOR,RG,2050,50,F,AK,XL,D
14:49:44,MYOR,RG,2050,1,F,AK,XC,D
14:49:44,MYOR,RG,2050,5,F,AK,PD,D
14:49:44,MYOR,RG,2050,1,F,AK,YB,D
14:49:44,MYOR,RG,2050,1,F,AK,PD,D
14:49:44,MYOR,RG,2050,425,F,AK,KI,D
14:49:43,MYOR,RG,2050,1,F,AK,KI,D
14:49:42,MYOR,RG,2050,1,F,KZ,KI,D
14:49:42,MYOR,RG,2050,3,D,XC,KI,D
14:49:26,MYOR,RG,2050,11,F,KZ,KI,D
14:49:26,MYOR,RG,2050,50,D,SQ,KI,D
14:49:18,MYOR,RG,2050,2,D,CC,KI,D
14:49:12,MYOR,RG,2050,1,F,KZ,KI,D
14:49:10,MYOR,RG,2050,2,D,XC,KI,D
14:49:00,MYOR,RG,2050,2,F,KZ,KI,D
14:48:58,MYOR,RG,2050,2,F,KZ,KI,D
14:48:58,MYOR,RG,2050,7,F,KZ,YP,D
14:48:58,MYOR,RG,2050,4,D,PD,YP,D
14:48:55,MYOR,RG,2040,50,F,AK,AI,D
14:48:51,MYOR,RG,2050,1,F,KZ,YP,D
14:48:49,MYOR,RG,2050,2,F,KZ,YP,D
14:48:48,MYOR,RG,2050,1,D,CC,YP,D
14:48:48,MYOR,RG,2050,1,D,CC,YP,D
14:48:48,MYOR,RG,2050,8,D,CC,PD,D
14:48:30,MYOR,RG,2050,3,F,AK,PD,D
14:48:19,MYOR,RG,2050,2,F,KZ,PD,D
14:48:17,MYOR,RG,2050,1,F,KZ,PD,D
14:48:16,MYOR,RG,2050,1,D,NI,PD,D
14:48:16,MYOR,RG,2050,6,D,NI,YP,D
14:48:16,MYOR,RG,2050,1,D,NI,XC,D
14:48:16,MYOR,RG,2050,3,D,NI,XL,D
14:48:15,MYOR,RG,2050,1,F,AK,XL,D
14:48:06,MYOR,RG,2050,1,F,KZ,XL,D
14:48:05,MYOR,RG,2050,3,D,DH,PD,D
14:48:05,MYOR,RG,2050,2,F,KZ,PD,D
14:48:05,MYOR,RG,2050,2,F,KZ,PD,D
14:48:05,MYOR,RG,2050,4,F,KZ,NI,D
14:47:45,MYOR,RG,2050,1,F,AK,NI,D
14:47:34,MYOR,RG,2050,2,D,XC,NI,D
14:47:18,MYOR,RG,2050,1,F,AK,NI,D
14:47:00,MYOR,RG,2050,1,F,AK,NI,D
14:46:55,MYOR,RG,2040,25,F,AK,PD,D
14:46:40,MYOR,RG,2050,10,D,PD,NI,D
14:46:24,MYOR,RG,2050,41,F,KZ,NI,D
14:46:24,MYOR,RG,2050,1,F,KZ,PD,D
14:46:24,MYOR,RG,2050,2,F,KZ,DH,D
14:46:24,MYOR,RG,2050,2,F,KZ,DH,D
14:46:20,MYOR,RG,2040,200,F,AK,KI,D
14:46:15,MYOR,RG,2050,1,F,AK,DH,D
14:45:59,MYOR,RG,2050,22,F,KZ,DH,D
14:45:59,MYOR,RG,2050,1,F,KZ,XC,D
14:45:59,MYOR,RG,2050,9,F,KZ,OD,D
14:45:57,MYOR,RG,2040,249,F,AK,KI,D
14:45:57,MYOR,RG,2040,7,F,KZ,KI,D
14:45:57,MYOR,RG,2040,30,D,SQ,KI,D
14:45:57,MYOR,RG,2040,14,F,KZ,KI,D
14:45:17,MYOR,RG,2040,7,F,KZ,XC,D
14:44:42,MYOR,RG,2050,30,D,AZ,OD,D
14:41:50,MYOR,RG,2050,2,D,DR,OD,D
14:41:10,MYOR,RG,2040,1,F,KZ,XC,D
14:40:40,MYOR,RG,2040,17,F,KZ,NI,D
14:40:40,MYOR,RG,2040,1,D,PD,NI,D
14:40:40,MYOR,RG,2040,2,F,KZ,NI,D
14:40:40,MYOR,RG,2040,50,F,AK,NI,D
14:39:42,MYOR,RG,2050,28,F,KZ,OD,D
14:39:40,MYOR,RG,2040,79,F,AK,KI,D
14:39:39,MYOR,RG,2040,36,F,AK,KI,D
14:39:39,MYOR,RG,2040,13,F,AK,KI,D
14:39:39,MYOR,RG,2040,12,F,AK,KI,D
14:39:39,MYOR,RG,2040,14,F,AK,KI,D
14:39:39,MYOR,RG,2040,1,F,AK,KI,D
14:39:39,MYOR,RG,2040,1,F,KZ,KI,D
14:39:39,MYOR,RG,2040,6,F,KZ,KI,D
14:39:39,MYOR,RG,2040,16,F,AK,KI,D
14:39:39,MYOR,RG,2040,1,D,CC,KI,D
14:39:39,MYOR,RG,2040,1,D,DH,KI,D
14:39:39,MYOR,RG,2040,1,F,AK,KI,D
14:39:39,MYOR,RG,2040,11,F,KZ,KI,D
14:39:39,MYOR,RG,2040,50,D,DH,KI,D
14:39:39,MYOR,RG,2040,1,F,KZ,KI,D
14:39:39,MYOR,RG,2040,3,D,XC,KI,D
14:39:39,MYOR,RG,2040,51,F,KZ,KI,D
14:39:39,MYOR,RG,2040,1,F,KZ,KI,D
14:39:39,MYOR,RG,2040,202,F,BK,KI,D
14:39:14,MYOR,RG,2050,2,D,XA,OD,D
14:39:14,MYOR,RG,2050,3,D,XA,PD,D
14:38:50,MYOR,RG,2050,1,D,PD,PD,D
14:38:34,MYOR,RG,2050,2,F,KZ,PD,D
14:38:34,MYOR,RG,2050,2,F,KZ,PD,D
14:38:29,MYOR,RG,2040,9,F,BK,CC,D
14:38:29,MYOR,RG,2040,17,F,AK,CC,D
14:38:07,MYOR,RG,2050,10,D,XC,PD,D
14:37:00,MYOR,RG,2050,9,F,AK,PD,D
14:36:48,MYOR,RG,2050,1,D,XC,PD,D
14:36:15,MYOR,RG,2050,1,F,AK,PD,D
14:35:55,MYOR,RG,2040,1,F,AK,XC,D
14:35:46,MYOR,RG,2040,20,F,KZ,PD,D
14:35:46,MYOR,RG,2040,23,F,KZ,KI,D
14:35:46,MYOR,RG,2040,200,D,CC,KI,D
14:35:41,MYOR,RG,2040,5,F,KZ,KI,D
14:35:40,MYOR,RG,2040,19,F,AK,KI,D
14:35:30,MYOR,RG,2040,1,F,AK,KI,D
14:35:24,MYOR,RG,2040,3,F,KZ,KI,D
14:35:23,MYOR,RG,2040,15,F,AK,KI,D
14:35:22,MYOR,RG,2040,1,D,XC,KI,D
14:35:22,MYOR,RG,2040,3,F,KZ,KI,D
14:35:21,MYOR,RG,2040,10,D,AT,KI,D
14:34:56,MYOR,RG,2040,3,F,KZ,KI,D
14:34:55,MYOR,RG,2040,14,F,AK,KI,D
14:34:52,MYOR,RG,2040,22,F,KZ,KI,D
14:34:52,MYOR,RG,2040,100,D,YP,KI,D
14:34:41,MYOR,RG,2040,5,F,KZ,KI,D
14:34:40,MYOR,RG,2040,24,F,AK,KI,D
14:34:34,MYOR,RG,2040,21,F,KZ,KI,D
14:34:32,MYOR,RG,2040,16,F,KZ,KI,D
14:34:31,MYOR,RG,2040,15,D,PD,KI,D
14:34:31,MYOR,RG,2040,80,D,PD,NI,D
14:34:31,MYOR,RG,2040,73,D,PD,NI,D
14:34:30,MYOR,RG,2040,1,D,PD,NI,D
14:34:25,MYOR,RG,2040,1,F,AK,NI,D
14:34:11,MYOR,RG,2040,1,F,KZ,NI,D
14:34:10,MYOR,RG,2040,4,F,AK,NI,D
14:34:05,MYOR,RG,2040,1,F,KZ,NI,D
14:34:04,MYOR,RG,2040,4,D,CC,NI,D
14:34:00,MYOR,RG,2040,2,F,AK,NI,D
14:33:56,MYOR,RG,2040,1,F,KZ,NI,D
14:33:55,MYOR,RG,2040,2,F,AK,NI,D
14:33:50,MYOR,RG,2040,1,F,KZ,NI,D
14:33:49,MYOR,RG,2040,5,D,PD,NI,D
14:33:03,MYOR,RG,2040,1,F,AK,NI,D
14:32:37,MYOR,RG,2040,42,F,KZ,NI,D
14:32:35,MYOR,RG,2040,11,F,KZ,NI,D
14:32:35,MYOR,RG,2040,1,F,KZ,PD,D
14:32:34,MYOR,RG,2040,99,F,AK,PD,D
14:32:34,MYOR,RG,2040,90,F,AK,NI,D
14:32:34,MYOR,RG,2040,50,F,AK,NI,D
14:32:34,MYOR,RG,2040,982,F,AK,KI,D
14:32:26,MYOR,RG,2030,5,D,PD,XA,D
14:32:18,MYOR,RG,2040,1,D,YP,KI,D
14:32:16,MYOR,RG,2040,1,F,KZ,KI,D
14:32:15,MYOR,RG,2040,1,F,AK,KI,D
14:32:08,MYOR,RG,2040,2,F,KZ,KI,D
14:32:07,MYOR,RG,2040,3,D,PD,KI,D
14:31:50,MYOR,RG,2030,2,D,PD,DR,D
14:30:28,MYOR,RG,2030,4,D,PD,CC,D
14:30:23,MYOR,RG,2040,1,F,KZ,KI,D
14:30:23,MYOR,RG,2040,2,D,DH,KI,D
14:30:00,MYOR,RG,2040,6,F,KZ,KI,D
14:30:00,MYOR,RG,2040,2,D,KK,KI,D
14:29:59,MYOR,RG,2040,25,D,CC,KI,D
14:29:45,MYOR,RG,2040,2,F,AK,KI,D
14:28:19,MYOR,RG,2040,1,D,XC,KI,D
14:28:14,MYOR,RG,2040,1,F,KZ,KI,D
14:28:14,MYOR,RG,2040,1,D,YP,KI,D
14:26:44,MYOR,RG,2040,1,F,KZ,KI,D
14:26:43,MYOR,RG,2040,5,D,NI,KI,D
14:26:35,MYOR,RG,2040,2,F,KZ,KI,D
14:26:35,MYOR,RG,2040,10,D,XL,KI,D
14:26:33,MYOR,RG,2040,2,D,PD,KI,D
14:25:25,MYOR,RG,2040,1,F,KZ,KI,D
14:25:24,MYOR,RG,2040,1,D,XC,KI,D
14:25:13,MYOR,RG,2040,1,D,PD,KI,D
14:25:10,MYOR,RG,2040,1,F,KZ,KI,D
14:25:09,MYOR,RG,2040,5,D,NI,KI,D
14:24:55,MYOR,RG,2040,1,D,XC,KI,D
14:24:39,MYOR,RG,2040,1,F,KZ,KI,D
14:24:38,MYOR,RG,2040,5,D,XC,KI,D
14:24:22,MYOR,RG,2040,1,F,KZ,KI,D
14:24:21,MYOR,RG,2040,4,D,PD,KI,D
14:24:12,MYOR,RG,2040,30,F,KZ,KI,D
14:24:10,MYOR,RG,2040,22,F,KZ,KI,D
14:24:09,MYOR,RG,2040,100,D,LG,KI,D
14:24:09,MYOR,RG,2040,1,D,XC,KI,D
14:24:09,MYOR,RG,2040,2,D,CC,KI,D
14:24:09,MYOR,RG,2040,30,D,XC,KI,D
14:24:09,MYOR,RG,2040,5,D,YP,KI,D
14:24:09,MYOR,RG,2040,100,D,YP,KI,D
14:24:09,MYOR,RG,2040,5,D,YP,KI,D
14:24:09,MYOR,RG,2040,2,D,XC,KI,D
14:24:09,MYOR,RG,2040,1,D,PD,KI,D
14:24:09,MYOR,RG,2040,1,D,NI,KI,D
14:24:09,MYOR,RG,2040,1,D,YP,KI,D
14:24:09,MYOR,RG,2040,6,F,KZ,KI,D
14:24:09,MYOR,RG,2040,50,D,XC,KI,D
14:24:09,MYOR,RG,2040,1,D,PD,KI,D
14:24:09,MYOR,RG,2040,1,D,NI,KI,D
14:24:09,MYOR,RG,2040,2,F,KZ,KI,D
14:24:09,MYOR,RG,2040,6,D,XC,KI,D
14:24:09,MYOR,RG,2040,2,D,DH,KI,D
14:24:09,MYOR,RG,2040,17,F,KZ,KI,D
14:24:09,MYOR,RG,2040,2,D,YP,KI,D
14:24:09,MYOR,RG,2040,1,D,PD,KI,D
14:24:09,MYOR,RG,2040,1,D,YP,KI,D
14:24:09,MYOR,RG,2040,1,F,BK,KI,D
14:24:09,MYOR,RG,2040,19,D,CC,KI,D
14:24:09,MYOR,RG,2040,1,D,PD,KI,D
14:24:09,MYOR,RG,2040,5,D,NI,KI,D
14:24:09,MYOR,RG,2040,10,D,YP,KI,D
14:24:09,MYOR,RG,2040,3,D,YP,KI,D
14:23:36,MYOR,RG,2050,1,D,XC,PD,D
14:22:21,MYOR,RG,2050,1,D,XC,PD,D
14:18:49,MYOR,RG,2040,6,D,YP,XC,D
14:16:46,MYOR,RG,2040,1,D,YP,PD,D
14:16:29,MYOR,RG,2050,2,F,KZ,PD,D
14:16:24,MYOR,RG,2050,1,F,KZ,PD,D
14:16:15,MYOR,RG,2050,5,F,AK,PD,D
14:16:14,MYOR,RG,2040,1,D,DR,PD,D
14:15:45,MYOR,RG,2040,1,D,DR,XC,D
14:15:45,MYOR,RG,2040,1,D,EP,XC,D
14:15:44,MYOR,RG,2050,4,D,PD,PD,D
14:14:13,MYOR,RG,2050,1,D,PD,PD,D
14:12:24,MYOR,RG,2040,14,D,EP,NI,D
14:12:24,MYOR,RG,2040,22,F,KZ,NI,D
14:12:24,MYOR,RG,2040,64,D,YP,NI,D
14:11:45,MYOR,RG,2050,1,F,AK,PD,D
14:11:25,MYOR,RG,2050,1,D,OD,PD,D
14:11:24,MYOR,RG,2050,9,F,KZ,PD,D
14:11:24,MYOR,RG,2050,1,F,KZ,NI,D
14:11:20,MYOR,RG,2040,36,D,YP,KI,D
14:11:20,MYOR,RG,2040,1,D,YP,KI,D
14:11:20,MYOR,RG,2040,1,D,DH,KI,D
14:11:20,MYOR,RG,2040,1,D,DR,KI,D
14:11:20,MYOR,RG,2040,2,D,CC,KI,D
14:11:19,MYOR,RG,2050,5,D,ZP,KI,D
14:09:50,MYOR,RG,2050,10,D,XL,KI,D
14:09:15,MYOR,RG,2050,1,F,AK,KI,D
14:08:35,MYOR,RG,2050,24,D,NI,KI,D
14:08:29,MYOR,RG,2050,3,F,KZ,KI,D
14:06:45,MYOR,RG,2050,1,F,AK,KI,D
14:05:47,MYOR,RG,2040,1,F,KZ,SQ,D
14:05:47,MYOR,RG,2040,5,F,KZ,SQ,D
14:04:59,MYOR,RG,2050,2,F,KZ,KI,D
14:04:59,MYOR,RG,2050,1,F,KZ,KI,D
14:04:57,MYOR,RG,2050,21,F,KZ,KI,D
14:04:57,MYOR,RG,2050,100,D,DR,KI,D
14:03:24,MYOR,RG,2050,1,F,AK,KI,D
14:03:23,MYOR,RG,2050,1,D,KK,KI,D
14:03:07,MYOR,RG,2050,1,D,PD,KI,D
14:02:58,MYOR,RG,2040,1,F,KZ,PD,D
14:02:58,MYOR,RG,2040,26,F,BK,PD,D
14:00:49,MYOR,RG,2050,1,F,KZ,KI,D
14:00:44,MYOR,RG,2050,1,F,KZ,KI,D
14:00:34,MYOR,RG,2050,3,F,KZ,KI,D
14:00:12,MYOR,RG,2050,1,D,XC,KI,D
13:58:47,MYOR,RG,2050,6,F,KZ,KI,D
13:58:47,MYOR,RG,2050,25,D,EP,KI,D
13:58:32,MYOR,RG,2040,1,F,AK,PD,D
13:58:10,MYOR,RG,2050,22,F,KZ,KI,D
13:58:10,MYOR,RG,2050,100,D,YP,KI,D
13:57:53,MYOR,RG,2050,22,F,KZ,KI,D
13:57:53,MYOR,RG,2050,100,D,YP,KI,D
13:57:45,MYOR,RG,2050,1,D,XC,KI,D
13:56:35,MYOR,RG,2050,1,D,PD,KI,D
13:55:39,MYOR,RG,2050,5,D,PD,KI,D
13:55:39,MYOR,RG,2050,15,D,PD,IF,D
13:55:30,MYOR,RG,2050,1,F,AK,IF,D
13:54:33,MYOR,RG,2050,3,D,PD,IF,D
13:53:01,MYOR,RG,2050,1,F,KZ,IF,D
13:53:00,MYOR,RG,2050,40,D,PD,IF,D
13:53:00,MYOR,RG,2040,5,D,PD,NI,D
13:52:54,MYOR,RG,2040,2,D,NI,NI,D
13:52:39,MYOR,RG,2040,2,D,PD,NI,D
13:52:39,MYOR,RG,2040,8,F,BK,NI,D
13:52:39,MYOR,RG,2040,1,F,KZ,NI,D
13:52:39,MYOR,RG,2040,12,F,KZ,NI,D
13:52:25,MYOR,RG,2050,11,F,KZ,IF,D
13:52:22,MYOR,RG,2040,50,F,BK,NI,D
13:52:22,MYOR,RG,2040,2,F,BK,CC,D
13:52:22,MYOR,RG,2040,4,D,YB,CC,D
13:52:08,MYOR,RG,2050,29,F,KZ,IF,D
13:52:06,MYOR,RG,2050,1,F,AK,IF,D
13:52:06,MYOR,RG,2050,10,F,KZ,IF,D
13:52:06,MYOR,RG,2040,20,D,YB,AK,F
13:52:06,MYOR,RG,2040,8,D,YB,AK,F
13:52:05,MYOR,RG,2040,1,D,YB,EP,D
13:52:05,MYOR,RG,2040,500,D,YB,KI,D
13:52:05,MYOR,RG,2040,1,D,YB,XC,D
13:52:05,MYOR,RG,2040,15,D,YB,XL,D
13:52:05,MYOR,RG,2040,70,D,YB,NI,D
13:52:05,MYOR,RG,2040,2,D,YB,PD,D
13:52:05,MYOR,RG,2040,1,D,YB,XC,D
13:52:05,MYOR,RG,2040,2,D,YB,NI,D
13:52:05,MYOR,RG,2040,1,D,YB,PD,D
13:52:05,MYOR,RG,2040,10,D,YB,NI,D
13:52:05,MYOR,RG,2040,45,D,YB,NI,D
13:51:52,MYOR,RG,2040,1,F,KZ,NI,D
13:51:51,MYOR,RG,2040,4,D,PD,NI,D
13:51:51,MYOR,RG,2040,1,D,PD,NI,D
13:48:45,MYOR,RG,2040,1,F,KZ,NI,D
13:48:45,MYOR,RG,2040,5,D,XC,NI,D
13:48:12,MYOR,RG,2040,2,F,KZ,NI,D
13:48:11,MYOR,RG,2040,2,F,KZ,NI,D
13:48:09,MYOR,RG,2030,11,D,PD,AZ,D
13:46:24,MYOR,RG,2040,1,D,XC,NI,D
13:46:17,MYOR,RG,2040,1,F,KZ,NI,D
13:46:17,MYOR,RG,2040,3,D,XC,NI,D
13:45:40,MYOR,RG,2040,1,F,KZ,NI,D
13:45:40,MYOR,RG,2040,5,D,YP,NI,D
13:45:33,MYOR,RG,2040,1,F,KZ,NI,D
13:45:33,MYOR,RG,2040,3,D,PD,NI,D
13:45:27,MYOR,RG,2040,1,D,DH,NI,D
13:45:27,MYOR,RG,2040,1,F,KZ,NI,D
13:45:27,MYOR,RG,2040,8,D,KK,NI,D
13:45:07,MYOR,RG,2040,1,F,KZ,NI,D
13:45:06,MYOR,RG,2040,2,D,DH,NI,D
13:44:47,MYOR,RG,2040,1,D,PD,NI,D
13:43:48,MYOR,RG,2040,1,D,HP,NI,D
13:43:44,MYOR,RG,2040,1,F,KZ,NI,D
13:43:43,MYOR,RG,2040,1,D,XC,NI,D
13:43:42,MYOR,RG,2040,1,D,SQ,NI,D
13:43:24,MYOR,RG,2040,1,D,PD,NI,D
13:42:00,MYOR,RG,2040,1,F,KZ,NI,D
13:41:59,MYOR,RG,2040,6,D,XC,NI,D
13:41:36,MYOR,RG,2040,6,F,KZ,NI,D
13:41:35,MYOR,RG,2040,25,D,XC,NI,D
13:41:14,MYOR,RG,2040,2,D,XC,NI,D
13:40:59,MYOR,RG,2040,1,F,KZ,NI,D
13:40:58,MYOR,RG,2040,4,F,KZ,NI,D
13:40:55,MYOR,RG,2030,20,D,PD,NI,D
13:40:24,MYOR,RG,2040,1,F,KZ,NI,D
13:40:23,MYOR,RG,2040,4,D,SQ,NI,D
13:39:34,MYOR,RG,2040,1,D,XC,NI,D
13:39:30,MYOR,RG,2040,2,F,KZ,NI,D
13:39:28,MYOR,RG,2030,10,D,PD,PD,D
13:38:26,MYOR,RG,2040,1,F,KZ,NI,D
13:38:25,MYOR,RG,2040,1,D,XC,NI,D
13:37:59,MYOR,RG,2040,2,D,XC,KI,D
13:36:54,MYOR,RG,2040,1,F,KZ,KI,D
13:36:54,MYOR,RG,2040,5,D,PD,KI,D
13:36:50,MYOR,RG,2040,1,F,KZ,KI,D
13:36:48,MYOR,RG,2030,20,D,PD,XL,D
13:36:27,MYOR,RG,2040,5,D,PD,KI,D
13:36:08,MYOR,RG,2030,3,D,PD,PD,D
13:36:08,MYOR,RG,2030,1,D,PD,PD,D
13:35:01,MYOR,RG,2040,10,D,NI,KI,D
13:34:51,MYOR,RG,2040,7,D,DR,KI,D
13:34:31,MYOR,RG,2040,1,D,NI,KI,D
13:34:07,MYOR,RG,2040,1,F,AK,KI,D
13:34:07,MYOR,RG,2040,10,F,KZ,KI,D
13:34:07,MYOR,RG,2040,45,D,CC,KI,D
13:34:07,MYOR,RG,2040,1,F,AK,KI,D
13:34:07,MYOR,RG,2040,2,F,KZ,KI,D
13:34:07,MYOR,RG,2040,7,D,NI,KI,D
13:34:07,MYOR,RG,2040,1,D,NI,KI,D
13:34:07,MYOR,RG,2040,74,F,KZ,KI,D
13:34:07,MYOR,RG,2040,1,D,YP,KI,D
13:34:07,MYOR,RG,2040,1,D,YP,KI,D
13:34:07,MYOR,RG,2040,15,F,YP,KI,D
13:34:07,MYOR,RG,2040,2,D,YP,KI,D
13:34:07,MYOR,RG,2040,5,D,YP,KI,D
13:34:07,MYOR,RG,2040,1,D,PD,KI,D
13:34:07,MYOR,RG,2040,1,D,YP,KI,D
13:34:07,MYOR,RG,2040,30,D,PD,KI,D
13:34:07,MYOR,RG,2040,2,D,PD,KI,D
13:34:07,MYOR,RG,2040,100,D,PD,KI,D
13:34:07,MYOR,RG,2040,1,D,PD,KI,D
13:34:07,MYOR,RG,2040,1,D,PD,KI,D
13:34:07,MYOR,RG,2040,1,D,PD,KI,D
13:34:07,MYOR,RG,2040,1,F,AK,KI,D
13:34:07,MYOR,RG,2040,3,D,XL,KI,D
13:34:07,MYOR,RG,2040,10,D,XC,KI,D
13:34:07,MYOR,RG,2040,1,D,LG,KI,D
13:34:07,MYOR,RG,2040,10,D,PD,KI,D
13:34:07,MYOR,RG,2040,35,F,PD,KI,D
13:34:07,MYOR,RG,2040,1,D,KK,KI,D
13:34:07,MYOR,RG,2040,1,D,SQ,KI,D
13:34:07,MYOR,RG,2040,5,D,XC,KI,D
13:34:07,MYOR,RG,2040,50,D,PD,KI,D
13:34:07,MYOR,RG,2040,10,D,OD,KI,D
13:34:07,MYOR,RG,2040,5,D,PD,KI,D
13:34:07,MYOR,RG,2040,34,D,XL,KI,D
13:30:18,MYOR,RG,2050,5,F,KZ,IF,D
13:30:15,MYOR,RG,2050,22,F,KZ,IF,D
13:30:12,MYOR,RG,2050,80,D,YP,IF,D
13:30:12,MYOR,RG,2050,11,F,KZ,IF,D
13:30:11,MYOR,RG,2050,41,D,YP,IF,D
13:30:10,MYOR,RG,2040,16,D,XL,CC,D
13:30:10,MYOR,RG,2040,1,D,XC,CC,D
13:30:10,MYOR,RG,2040,1,D,PD,CC,D
13:30:10,MYOR,RG,2040,22,D,KK,CC,D
13:30:09,MYOR,RG,2050,1,D,YP,IF,D
13:30:09,MYOR,RG,2050,50,D,YP,IF,D
13:30:08,MYOR,RG,2050,1,D,XC,IF,D
13:30:06,MYOR,RG,2050,10,D,PD,IF,D
13:30:06,MYOR,RG,2040,2,D,KK,PD,D
13:30:06,MYOR,RG,2050,2,D,PD,IF,D
13:30:05,MYOR,RG,2050,1,D,XC,IF,D
13:30:05,MYOR,RG,2050,73,F,KZ,IF,D
13:30:04,MYOR,RG,2050,1,D,PD,IF,D
13:30:04,MYOR,RG,2050,1,D,XL,IF,D
13:30:04,MYOR,RG,2050,1,D,XC,IF,D
13:30:04,MYOR,RG,2050,8,D,PD,IF,D
13:30:03,MYOR,RG,2050,20,D,SQ,IF,D
13:30:03,MYOR,RG,2050,1,D,PD,IF,D
13:30:03,MYOR,RG,2050,2,D,DH,IF,D
13:30:03,MYOR,RG,2050,1,D,DH,IF,D
13:30:03,MYOR,RG,2050,1,D,PD,IF,D
13:30:03,MYOR,RG,2050,3,F,AK,IF,D
13:30:02,MYOR,RG,2050,3,D,KK,IF,D
13:30:02,MYOR,RG,2050,200,D,SQ,IF,D
13:30:02,MYOR,RG,2050,14,D,PD,IF,D
13:30:02,MYOR,RG,2050,1,D,YP,IF,D
13:30:02,MYOR,RG,2050,5,D,LG,IF,D
13:30:02,MYOR,RG,2050,2,D,PD,IF,D
13:30:02,MYOR,RG,2050,2,D,PD,IF,D
13:30:02,MYOR,RG,2050,2,D,HP,IF,D
13:30:02,MYOR,RG,2050,5,D,PD,IF,D
13:30:02,MYOR,RG,2050,2,D,DH,IF,D
13:30:02,MYOR,RG,2050,1,D,PD,IF,D
13:30:02,MYOR,RG,2040,26,D,KK,PD,D
13:30:02,MYOR,RG,2040,2,D,YP,PD,D
13:30:02,MYOR,RG,2040,3,D,PD,PD,D
13:30:02,MYOR,RG,2040,5,D,PD,PD,D
13:30:02,MYOR,RG,2040,1,D,PD,PD,D
13:30:02,MYOR,RG,2040,1,D,XC,PD,D
13:30:02,MYOR,RG,2040,20,D,EP,PD,D
13:30:02,MYOR,RG,2040,1,D,YP,PD,D
13:30:02,MYOR,RG,2040,2,F,KZ,PD,D
13:30:02,MYOR,RG,2040,2,D,GR,PD,D
13:30:02,MYOR,RG,2040,1,D,XC,PD,D
13:30:02,MYOR,RG,2040,1,D,SQ,PD,D
13:30:02,MYOR,RG,2040,3,F,KZ,PD,D
13:30:02,MYOR,RG,2040,18,F,KZ,PD,D
13:30:02,MYOR,RG,2040,5,D,YP,PD,D
13:30:02,MYOR,RG,2050,1,D,PD,IF,D
13:30:01,MYOR,RG,2050,2,D,XC,IF,D
13:30:01,MYOR,RG,2050,1,D,XC,IF,D
13:30:01,MYOR,RG,2050,1,D,XC,IF,D
13:30:01,MYOR,RG,2050,1,D,XC,IF,D
13:30:01,MYOR,RG,2050,1,D,XC,IF,D
11:29:03,MYOR,RG,2050,9,F,KZ,IF,D
11:29:02,MYOR,RG,2050,40,D,CC,IF,D
11:28:30,MYOR,RG,2050,11,F,KZ,IF,D
11:28:29,MYOR,RG,2050,1,F,KZ,IF,D
11:28:24,MYOR,RG,2040,50,D,YP,NI,D
11:28:01,MYOR,RG,2050,1,D,PD,IF,D
11:27:34,MYOR,RG,2050,1,F,AK,IF,D
11:27:05,MYOR,RG,2050,1,D,CC,IF,D
11:26:55,MYOR,RG,2050,2,F,KZ,IF,D
11:26:55,MYOR,RG,2050,10,D,XC,IF,D
11:26:34,MYOR,RG,2050,1,F,AK,IF,D
11:26:23,MYOR,RG,2050,5,F,KZ,IF,D
11:26:23,MYOR,RG,2050,20,D,PD,IF,D
11:25:34,MYOR,RG,2050,1,F,AK,IF,D
11:24:01,MYOR,RG,2050,1,D,XC,IF,D
11:21:17,MYOR,RG,2050,4,F,KZ,IF,D
11:21:17,MYOR,RG,2050,20,D,XL,IF,D
11:19:37,MYOR,RG,2050,2,F,KZ,IF,D
11:19:34,MYOR,RG,2040,7,D,YP,PD,D
11:18:59,MYOR,RG,2040,2,D,YP,PD,D
11:16:55,MYOR,RG,2050,3,F,KZ,IF,D
11:16:54,MYOR,RG,2050,10,D,OD,IF,D
11:15:08,MYOR,RG,2050,1,D,XC,IF,D
11:14:53,MYOR,RG,2050,1,D,DH,IF,D
11:14:16,MYOR,RG,2050,4,F,KZ,IF,D
11:14:13,MYOR,RG,2040,36,D,YP,NI,D
11:14:13,MYOR,RG,2040,1,D,PD,NI,D
11:14:13,MYOR,RG,2040,2,D,PD,NI,D
11:14:13,MYOR,RG,2040,8,D,NI,NI,D
11:14:13,MYOR,RG,2040,3,F,KZ,NI,D
11:14:08,MYOR,RG,2040,1,F,KZ,XC,D
11:12:29,MYOR,RG,2040,3,F,KZ,PD,D
11:12:29,MYOR,RG,2040,1,D,AT,PD,D
11:11:25,MYOR,RG,2050,1,D,PD,IF,D
11:11:07,MYOR,RG,2050,22,F,KZ,IF,D
11:11:04,MYOR,RG,2040,9,D,XC,BK,F
11:11:04,MYOR,RG,2040,1,F,AK,BK,F
11:11:04,MYOR,RG,2040,1,F,AK,BK,F
11:11:04,MYOR,RG,2040,1,D,SQ,BK,F
11:11:04,MYOR,RG,2040,1,F,ZP,BK,F
11:11:04,MYOR,RG,2040,10,D,OD,BK,F
11:11:04,MYOR,RG,2040,1,D,YP,BK,F
11:11:04,MYOR,RG,2040,1,D,XC,BK,F
11:11:04,MYOR,RG,2040,4,D,DH,BK,F
11:11:04,MYOR,RG,2040,1,D,YP,BK,F
11:11:04,MYOR,RG,2040,1,D,XC,BK,F
11:11:04,MYOR,RG,2040,100,D,YP,BK,F
11:11:04,MYOR,RG,2040,3,F,ZP,BK,F
11:11:04,MYOR,RG,2040,50,D,CC,BK,F
11:11:04,MYOR,RG,2040,4,F,KZ,BK,F
11:11:04,MYOR,RG,2040,20,D,NI,BK,F
11:11:04,MYOR,RG,2040,1,F,KZ,BK,F
11:11:04,MYOR,RG,2040,22,F,KZ,BK,F
11:11:04,MYOR,RG,2040,19,D,KK,BK,F
11:09:02,MYOR,RG,2050,17,F,KZ,IF,D
11:08:59,MYOR,RG,2040,78,D,KK,PD,D
11:08:59,MYOR,RG,2040,1,F,AK,PD,D
11:08:59,MYOR,RG,2040,1,F,AK,PD,D
11:07:45,MYOR,RG,2040,1,F,AK,XL,D
11:05:35,MYOR,RG,2050,1,F,KZ,IF,D
11:05:34,MYOR,RG,2050,1,F,AK,IF,D
11:01:25,MYOR,RG,2040,1,F,AK,XL,D
11:00:19,MYOR,RG,2050,1,F,AK,IF,D
10:58:57,MYOR,RG,2040,741,F,KZ,KI,D
10:58:53,MYOR,RG,2040,1,D,NI,KI,D
10:58:35,MYOR,RG,2040,4,F,KZ,KI,D
10:58:34,MYOR,RG,2040,18,D,XC,KI,D
10:58:22,MYOR,RG,2040,1,D,YP,KI,D
10:58:22,MYOR,RG,2040,1,F,AK,KI,D
10:58:22,MYOR,RG,2040,26,F,KZ,KI,D
10:58:22,MYOR,RG,2040,85,F,ZP,KI,D
10:58:22,MYOR,RG,2040,17,F,KZ,KI,D
10:58:22,MYOR,RG,2040,106,D,CC,KI,D
10:57:53,MYOR,RG,2050,500,D,IF,IF,D
10:57:53,MYOR,RG,2050,42,F,KZ,IF,D
10:57:53,MYOR,RG,2040,1,D,CC,NI,D
10:57:53,MYOR,RG,2040,1,D,CC,PD,D
10:57:53,MYOR,RG,2040,192,D,CC,KI,D
10:57:38,MYOR,RG,2040,1,D,XC,KI,D
10:57:22,MYOR,RG,2040,1,F,KZ,KI,D
10:57:21,MYOR,RG,2040,1,D,DR,KI,D
10:56:53,MYOR,RG,2040,1,D,XC,KI,D
10:56:26,MYOR,RG,2040,2,F,KZ,KI,D
10:56:25,MYOR,RG,2040,10,D,PD,KI,D
10:55:40,MYOR,RG,2040,1,D,XC,KI,D
10:55:36,MYOR,RG,2040,1,F,KZ,KI,D
10:55:33,MYOR,RG,2030,1,F,AK,XC,D
10:55:18,MYOR,RG,2040,2,D,XC,KI,D
10:54:11,MYOR,RG,2040,1,D,XC,KI,D
10:53:55,MYOR,RG,2040,5,F,KZ,KI,D
10:53:55,MYOR,RG,2040,1,D,YP,KI,D
10:53:55,MYOR,RG,2040,781,F,KZ,KI,D
10:53:55,MYOR,RG,2040,19,F,KZ,KK,D
10:53:20,MYOR,RG,2040,2,D,CC,KK,D
10:53:16,MYOR,RG,2040,1,D,XC,KK,D
10:52:34,MYOR,RG,2040,1,F,AK,KK,D
10:52:13,MYOR,RG,2040,7,F,KZ,KK,D
10:52:13,MYOR,RG,2040,165,F,KZ,BK,F
10:52:13,MYOR,RG,2040,7,F,KZ,XC,D
10:52:13,MYOR,RG,2040,1,F,KZ,XL,D
10:52:13,MYOR,RG,2040,8,F,KZ,EP,D
10:52:13,MYOR,RG,2040,1,F,KZ,XC,D
10:52:13,MYOR,RG,2040,10,F,KZ,XC,D
10:52:13,MYOR,RG,2040,3,F,KZ,XC,D
10:52:13,MYOR,RG,2040,698,F,KZ,KI,D
10:50:43,MYOR,RG,2030,15,D,DH,NI,D
10:50:26,MYOR,RG,2030,4,D,DH,PD,D
10:50:15,MYOR,RG,2030,25,D,DH,NI,D
10:50:12,MYOR,RG,2040,4,D,XC,KI,D
10:49:55,MYOR,RG,2030,5,D,DH,PD,D
10:49:36,MYOR,RG,2040,1,D,PD,KI,D
10:49:33,MYOR,RG,2040,1,D,YP,KI,D
10:49:10,MYOR,RG,2040,14,D,XL,KI,D
10:49:04,MYOR,RG,2040,1,F,AK,KI,D
10:48:14,MYOR,RG,2040,10,D,PD,KI,D
10:47:43,MYOR,RG,2040,4,D,KK,KI,D
10:47:23,MYOR,RG,2040,2,D,RG,KI,D
10:47:16,MYOR,RG,2040,1,D,XC,KI,D
10:46:16,MYOR,RG,2040,1,F,AK,KI,D
10:46:15,MYOR,RG,2040,2,D,XA,KI,D
10:45:19,MYOR,RG,2040,25,D,CC,KI,D
10:45:07,MYOR,RG,2040,1,D,XC,KI,D
10:44:45,MYOR,RG,2040,5,D,YP,KI,D
10:44:19,MYOR,RG,2040,1,F,AK,KI,D
10:42:38,MYOR,RG,2030,1,D,DH,XC,D
10:42:19,MYOR,RG,2040,2,D,CC,KI,D
10:41:49,MYOR,RG,2040,1,F,AK,KI,D
10:41:02,MYOR,RG,2040,2,D,NI,KI,D
10:39:21,MYOR,RG,2040,2,D,XC,KI,D
10:37:41,MYOR,RG,2040,1,D,XC,KI,D
10:36:18,MYOR,RG,2040,1,D,XC,KI,D
10:35:57,MYOR,RG,2040,1,D,PD,KI,D
10:35:51,MYOR,RG,2030,1,D,DH,EP,D
10:35:35,MYOR,RG,2040,2,D,XC,KI,D
10:34:34,MYOR,RG,2040,25,D,CC,KI,D
10:34:32,MYOR,RG,2040,5,D,PD,KI,D
10:34:13,MYOR,RG,2030,2,D,DH,GR,D
10:34:09,MYOR,RG,2040,5,D,EP,KI,D
10:34:02,MYOR,RG,2040,2,D,DH,KI,D
10:33:57,MYOR,RG,2040,4,D,PD,KI,D
10:33:24,MYOR,RG,2040,10,D,XC,KI,D
10:32:49,MYOR,RG,2040,4,D,XC,KI,D
10:32:29,MYOR,RG,2040,10,D,DH,KI,D
10:32:27,MYOR,RG,2040,1,D,XC,KI,D
10:30:27,MYOR,RG,2040,1,D,XC,KI,D
10:29:46,MYOR,RG,2040,100,D,YP,KI,D
10:29:11,MYOR,RG,2040,10,D,YP,KI,D
10:29:08,MYOR,RG,2040,5,D,XL,KI,D
10:28:38,MYOR,RG,2040,5,D,NI,KI,D
10:27:48,MYOR,RG,2040,10,D,CC,KI,D
10:26:58,MYOR,RG,2040,2,D,XC,KI,D
10:25:22,MYOR,RG,2030,10,D,DH,XC,D
10:25:22,MYOR,RG,2030,5,D,DH,YP,D
10:25:22,MYOR,RG,2030,8,D,DH,AZ,D
10:25:22,MYOR,RG,2030,4,D,DH,PD,D
10:25:22,MYOR,RG,2030,20,D,DH,GR,D
10:25:13,MYOR,RG,2030,2,D,PD,GR,D
10:25:10,MYOR,RG,2030,5,D,CC,GR,D
10:25:06,MYOR,RG,2030,100,D,PD,GR,D
10:24:52,MYOR,RG,2030,25,D,XC,GR,D
10:24:52,MYOR,RG,2020,4,D,YP,XC,D
10:24:52,MYOR,RG,2020,1,D,YP,XC,D
10:24:52,MYOR,RG,2020,2,D,XC,XC,D
10:24:23,MYOR,RG,2020,1,D,XC,XC,D
10:23:42,MYOR,RG,2020,7,D,XC,XL,D
10:23:42,MYOR,RG,2020,1,D,YP,XL,D
10:23:42,MYOR,RG,2020,2,D,PD,XL,D
10:23:42,MYOR,RG,2020,2,D,PD,XL,D
10:23:42,MYOR,RG,2020,5,D,PD,XL,D
10:23:42,MYOR,RG,2020,1,D,PD,XL,D
10:23:05,MYOR,RG,2020,2,D,PD,YP,D
10:23:05,MYOR,RG,2020,1,D,PD,YP,D
10:22:58,MYOR,RG,2020,1,D,XL,PD,D
10:22:51,MYOR,RG,2020,2,D,PD,SQ,D
10:22:51,MYOR,RG,2020,1,D,PD,SQ,D
10:22:51,MYOR,RG,2020,2,D,LG,SQ,D
10:22:51,MYOR,RG,2020,52,D,PD,SQ,D
10:22:49,MYOR,RG,2020,10,D,PD,XC,D
10:22:34,MYOR,RG,2020,38,D,PD,CC,D
10:22:34,MYOR,RG,2020,10,D,XL,CC,D
10:22:23,MYOR,RG,2020,10,D,YP,YP,D
10:22:21,MYOR,RG,2020,1,D,PD,XC,D
10:22:21,MYOR,RG,2020,1,D,PD,XC,D
10:22:21,MYOR,RG,2020,1,D,DH,XC,D
10:22:18,MYOR,RG,2020,2,D,PD,NI,D
10:22:18,MYOR,RG,2020,2,D,KK,NI,D
10:22:18,MYOR,RG,2020,20,D,PD,NI,D
10:22:18,MYOR,RG,2020,5,D,DH,NI,D
10:22:18,MYOR,RG,2020,2,D,PD,NI,D
10:22:18,MYOR,RG,2020,9,D,DR,NI,D
10:21:50,MYOR,RG,2020,3,D,DR,SQ,D
10:21:27,MYOR,RG,2030,13,D,XC,GR,D
10:21:18,MYOR,RG,2030,10,D,XC,GR,D
10:21:18,MYOR,RG,2020,13,D,DR,XC,D
10:21:06,MYOR,RG,2030,1,D,YP,GR,D
10:21:06,MYOR,RG,2030,4,D,PD,GR,D
10:21:06,MYOR,RG,2030,68,F,ZP,GR,D
10:21:06,MYOR,RG,2030,1,D,PD,GR,D
10:21:06,MYOR,RG,2030,1,D,NI,GR,D
10:21:06,MYOR,RG,2030,5,D,NI,GR,D
10:21:06,MYOR,RG,2030,1,D,XL,GR,D
10:21:06,MYOR,RG,2030,1,F,AK,GR,D
10:21:06,MYOR,RG,2030,1,D,PD,GR,D
10:21:06,MYOR,RG,2030,1,D,XC,GR,D
10:21:06,MYOR,RG,2030,2,D,PD,GR,D
10:21:06,MYOR,RG,2030,54,F,ZP,GR,D
10:21:06,MYOR,RG,2030,100,D,CC,GR,D
10:21:06,MYOR,RG,2030,1,D,XC,GR,D
10:21:06,MYOR,RG,2030,6,D,NI,GR,D
10:21:06,MYOR,RG,2030,2,D,YP,GR,D
10:21:06,MYOR,RG,2030,69,D,PD,GR,D
10:20:02,MYOR,RG,2030,6,D,PD,YP,D
10:20:02,MYOR,RG,2030,3,D,NI,YP,D
10:20:02,MYOR,RG,2030,1,D,XC,YP,D
10:19:40,MYOR,RG,2030,1,D,XC,XC,D
10:19:40,MYOR,RG,2030,4,D,PD,XC,D
10:19:40,MYOR,RG,2030,1,D,DR,XC,D
10:19:40,MYOR,RG,2030,1,D,PD,XC,D
10:19:40,MYOR,RG,2030,1,D,DR,XC,D
10:19:40,MYOR,RG,2030,1,D,DR,XC,D
10:19:40,MYOR,RG,2030,1,D,DR,XC,D
10:19:40,MYOR,RG,2030,9,D,PD,XC,D
10:19:37,MYOR,RG,2030,1,D,PD,NI,D
10:19:09,MYOR,RG,2040,5,D,PD,KI,D
10:19:06,MYOR,RG,2040,9,D,PD,KI,D
10:18:31,MYOR,RG,2040,4,D,EP,KI,D
10:18:22,MYOR,RG,2040,1,D,EP,XC,D
10:18:19,MYOR,RG,2040,1,D,DR,XC,D
10:18:07,MYOR,RG,2040,61,D,PD,YP,D
10:17:57,MYOR,RG,2030,3,D,PD,PD,D
10:17:56,MYOR,RG,2040,16,D,PD,YP,D
10:17:48,MYOR,RG,2040,13,D,XC,YP,D
10:17:15,MYOR,RG,2030,13,D,PD,XC,D
10:17:11,MYOR,RG,2040,7,D,YP,BK,F
10:16:59,MYOR,RG,2030,29,D,PD,YP,D
10:16:59,MYOR,RG,2040,1,F,AK,YP,D
10:16:58,MYOR,RG,2030,10,D,PD,CC,D
10:16:58,MYOR,RG,2030,35,D,PD,CC,D
10:16:58,MYOR,RG,2030,10,D,GR,CC,D
10:16:58,MYOR,RG,2030,1,D,EP,CC,D
10:16:58,MYOR,RG,2030,1,D,YP,CC,D
10:16:58,MYOR,RG,2030,5,D,XL,CC,D
10:16:58,MYOR,RG,2030,1,D,NI,CC,D
10:16:58,MYOR,RG,2030,2,D,KK,CC,D
10:16:58,MYOR,RG,2030,50,D,IP,CC,D
10:16:58,MYOR,RG,2030,5,D,RB,CC,D
10:16:58,MYOR,RG,2030,1,D,CC,CC,D
10:16:58,MYOR,RG,2030,3,D,PD,CC,D
10:16:58,MYOR,RG,2030,1,D,PD,CC,D
10:16:58,MYOR,RG,2030,2,D,XC,CC,D
10:16:58,MYOR,RG,2030,1,D,XC,CC,D
10:16:58,MYOR,RG,2030,5,D,YP,CC,D
10:16:58,MYOR,RG,2030,3,D,PD,CC,D
10:16:58,MYOR,RG,2030,1,D,PD,CC,D
10:16:58,MYOR,RG,2030,1,D,PD,CC,D
10:16:58,MYOR,RG,2030,1,D,PD,CC,D
10:16:58,MYOR,RG,2030,10,D,PD,CC,D
10:16:58,MYOR,RG,2030,10,D,CC,CC,D
10:16:58,MYOR,RG,2030,1,D,PD,CC,D
10:16:58,MYOR,RG,2030,9,D,PD,MG,D
10:16:58,MYOR,RG,2030,20,D,PD,MG,D
10:16:58,MYOR,RG,2030,24,D,PD,MG,D
10:16:58,MYOR,RG,2030,2,D,PD,MG,D
10:16:58,MYOR,RG,2030,3,D,LG,MG,D
10:16:58,MYOR,RG,2030,5,D,LG,MG,D
10:16:58,MYOR,RG,2030,10,D,GR,MG,D
10:16:58,MYOR,RG,2030,1,D,PD,MG,D
10:16:58,MYOR,RG,2030,10,D,XL,MG,D
10:16:58,MYOR,RG,2030,13,D,XL,MG,D
10:16:58,MYOR,RG,2030,1,D,PD,MG,D
10:16:58,MYOR,RG,2030,1,D,DX,MG,D
10:16:58,MYOR,RG,2030,1,D,PD,MG,D
10:16:58,MYOR,RG,2030,1,D,PD,MG,D
10:16:58,MYOR,RG,2030,1,D,PD,MG,D
10:16:58,MYOR,RG,2030,1,D,XC,MG,D
10:16:58,MYOR,RG,2030,1,D,KK,MG,D
10:16:58,MYOR,RG,2040,1,D,DR,MG,D
10:16:58,MYOR,RG,2040,6,D,XC,MG,D
10:16:58,MYOR,RG,2040,1,D,XC,MG,D
10:16:58,MYOR,RG,2040,1,D,DR,MG,D
10:16:58,MYOR,RG,2040,5,D,NI,MG,D
10:16:58,MYOR,RG,2040,1,D,DR,MG,D
10:16:58,MYOR,RG,2040,10,D,PD,MG,D
10:16:58,MYOR,RG,2040,18,F,ZP,MG,D
10:16:58,MYOR,RG,2040,50,D,YP,MG,D
10:16:58,MYOR,RG,2040,1,F,AK,MG,D
10:16:58,MYOR,RG,2040,123,D,PD,MG,D
10:16:58,MYOR,RG,2040,4,D,XC,MG,D
10:16:58,MYOR,RG,2040,1,D,DR,MG,D
10:16:58,MYOR,RG,2040,100,D,CC,MG,D
10:16:58,MYOR,RG,2040,49,D,YP,MG,D
10:16:58,MYOR,RG,2040,3,D,XC,MG,D
10:16:58,MYOR,RG,2040,22,F,ZP,MG,D
10:16:52,MYOR,RG,2040,3,F,ZP,XC,D
10:16:49,MYOR,RG,2040,10,F,ZP,AK,F
10:16:49,MYOR,RG,2040,3,D,NI,AK,F
10:16:49,MYOR,RG,2040,1,F,AK,AK,F
10:16:49,MYOR,RG,2040,1,D,DH,AK,F
10:16:49,MYOR,RG,2040,1,D,XC,AK,F
10:16:49,MYOR,RG,2040,31,D,SQ,AK,F
10:16:49,MYOR,RG,2040,26,D,SQ,AK,F
10:16:49,MYOR,RG,2040,5,D,XL,AK,F
10:16:49,MYOR,RG,2040,2,D,NI,AK,F
10:16:49,MYOR,RG,2040,47,F,ZP,AK,F
10:16:49,MYOR,RG,2040,137,F,ZP,KI,D
10:16:49,MYOR,RG,2040,1,D,PD,KI,D
10:16:49,MYOR,RG,2040,1,D,XC,KI,D
10:16:49,MYOR,RG,2040,10,D,XC,KI,D
10:16:49,MYOR,RG,2040,10,D,PD,KI,D
10:16:49,MYOR,RG,2040,2,D,YP,KI,D
10:16:49,MYOR,RG,2040,10,D,KK,KI,D
10:16:49,MYOR,RG,2040,25,D,PD,KI,D
10:16:49,MYOR,RG,2040,2,D,NI,KI,D
10:16:49,MYOR,RG,2040,15,D,PD,KI,D
10:16:49,MYOR,RG,2040,20,D,PD,KI,D
10:16:49,MYOR,RG,2040,40,D,PD,KI,D
10:16:49,MYOR,RG,2040,1,D,XC,KI,D
10:16:49,MYOR,RG,2040,1,D,PD,KI,D
10:16:49,MYOR,RG,2040,1,D,XC,KI,D
10:16:49,MYOR,RG,2040,4,D,PD,KI,D
10:16:49,MYOR,RG,2040,5,D,XC,KI,D
10:16:49,MYOR,RG,2040,1,D,YP,KI,D
10:16:49,MYOR,RG,2040,3,D,XL,KI,D
10:16:49,MYOR,RG,2040,20,D,LG,KI,D
10:16:49,MYOR,RG,2040,10,D,XC,KI,D
10:16:49,MYOR,RG,2040,40,D,DH,KI,D
10:16:49,MYOR,RG,2040,2,D,PD,KI,D
10:16:49,MYOR,RG,2040,2,D,PD,KI,D
10:16:49,MYOR,RG,2040,1,D,YP,KI,D
10:16:49,MYOR,RG,2040,1,D,CC,KI,D
10:16:49,MYOR,RG,2040,10,D,CP,KI,D
10:16:49,MYOR,RG,2040,4,D,KK,KI,D
10:16:49,MYOR,RG,2040,1,D,XC,KI,D
10:16:49,MYOR,RG,2040,50,D,CC,KI,D
10:16:49,MYOR,RG,2040,2,D,YP,KI,D
10:16:49,MYOR,RG,2040,1,D,XC,KI,D
10:16:49,MYOR,RG,2040,1,D,XC,KI,D
10:16:49,MYOR,RG,2040,5,D,PD,KI,D
10:16:49,MYOR,RG,2040,20,D,CC,KI,D
10:16:49,MYOR,RG,2040,5,D,YP,KI,D
10:16:49,MYOR,RG,2040,5,D,YP,KI,D
10:16:49,MYOR,RG,2040,30,D,CC,KI,D
10:16:49,MYOR,RG,2040,1,D,XC,KI,D
10:15:30,MYOR,RG,2040,5,D,YP,CC,D
10:15:01,MYOR,RG,2050,1,D,DR,IF,D
10:14:56,MYOR,RG,2050,2,D,PD,IF,D
10:14:41,MYOR,RG,2040,1,D,XC,KK,D
10:14:41,MYOR,RG,2040,6,D,XC,KK,D
10:14:41,MYOR,RG,2040,5,D,YP,KK,D
10:14:41,MYOR,RG,2040,100,D,NI,KK,D
10:14:41,MYOR,RG,2040,1,D,PD,KK,D
10:14:41,MYOR,RG,2040,9,D,PD,KK,D
10:14:41,MYOR,RG,2040,1,D,PD,KK,D
10:14:41,MYOR,RG,2040,1,D,PD,KK,D
10:14:41,MYOR,RG,2040,6,D,YP,KK,D
10:14:41,MYOR,RG,2040,3,D,PD,KK,D
10:14:41,MYOR,RG,2040,5,D,PD,KK,D
10:14:41,MYOR,RG,2040,1,D,PD,KK,D
10:14:41,MYOR,RG,2040,1,D,PD,KK,D
10:14:41,MYOR,RG,2040,1,D,PD,KK,D
10:14:41,MYOR,RG,2040,1,D,CC,KK,D
10:14:41,MYOR,RG,2040,5,D,CC,KK,D
10:14:41,MYOR,RG,2040,3,D,PD,KK,D
10:14:37,MYOR,RG,2050,1,D,DR,IF,D
10:14:20,MYOR,RG,2050,2,D,PD,IF,D
10:14:17,MYOR,RG,2050,1,D,DR,IF,D
10:14:14,MYOR,RG,2050,3,D,KK,IF,D
10:14:03,MYOR,RG,2050,5,D,NI,IF,D
10:12:09,MYOR,RG,2050,1,D,DR,IF,D
10:11:04,MYOR,RG,2040,5,D,PD,YP,D
10:10:55,MYOR,RG,2050,5,D,SQ,IF,D
10:10:52,MYOR,RG,2050,25,D,XC,IF,D
10:10:27,MYOR,RG,2050,1,D,XL,IF,D
10:10:25,MYOR,RG,2040,5,D,PD,GR,D
10:10:16,MYOR,RG,2040,5,D,PD,XL,D
10:10:15,MYOR,RG,2040,2,D,PD,PD,D
10:10:15,MYOR,RG,2040,4,D,CC,PD,D
10:09:53,MYOR,RG,2040,1,D,CC,XC,D
10:09:28,MYOR,RG,2040,1,D,CC,NI,D
10:09:16,MYOR,RG,2040,9,D,CC,NI,D
10:08:41,MYOR,RG,2040,2,D,CC,XC,D
10:08:41,MYOR,RG,2040,15,D,PD,XC,D
10:08:41,MYOR,RG,2040,1,D,LG,XC,D
10:08:41,MYOR,RG,2040,2,D,PD,XC,D
10:08:21,MYOR,RG,2040,2,D,PD,MG,D
10:08:21,MYOR,RG,2040,3,D,GR,MG,D
10:08:09,MYOR,RG,2050,13,D,XC,IF,D
10:08:00,MYOR,RG,2040,7,D,GR,XC,D
10:08:00,MYOR,RG,2040,1,D,BQ,XC,D
10:08:00,MYOR,RG,2040,5,D,KK,XC,D
10:07:55,MYOR,RG,2040,5,D,KK,KI,D
10:07:55,MYOR,RG,2040,1,D,PD,KI,D
10:07:55,MYOR,RG,2040,10,D,PD,KI,D
10:07:55,MYOR,RG,2040,1,D,PD,KI,D
10:07:55,MYOR,RG,2040,483,D,PD,KI,D
10:07:34,MYOR,RG,2050,3,D,XC,IF,D
10:07:14,MYOR,RG,2050,10,D,NI,IF,D
10:07:11,MYOR,RG,2050,1,D,NI,IF,D
10:06:10,MYOR,RG,2050,1,F,AK,IF,D
10:06:10,MYOR,RG,2050,30,D,YP,IF,D
10:06:10,MYOR,RG,2050,4,D,XC,IF,D
10:06:10,MYOR,RG,2050,50,D,KK,IF,D
10:06:10,MYOR,RG,2050,2,D,YP,IF,D
10:06:10,MYOR,RG,2050,1,D,PD,IF,D
10:06:10,MYOR,RG,2050,10,D,TP,IF,D
10:06:10,MYOR,RG,2050,1,D,BQ,IF,D
10:06:10,MYOR,RG,2050,50,D,YB,IF,D
10:06:10,MYOR,RG,2050,3,D,PD,IF,D
10:06:10,MYOR,RG,2050,2,D,PD,IF,D
10:06:10,MYOR,RG,2050,1,D,YP,IF,D
10:06:10,MYOR,RG,2050,6,D,XC,IF,D
10:06:10,MYOR,RG,2050,10,D,SQ,IF,D
10:06:10,MYOR,RG,2050,1,D,XC,IF,D
10:06:10,MYOR,RG,2050,1,D,PD,IF,D
10:06:10,MYOR,RG,2050,50,D,YP,IF,D
10:06:10,MYOR,RG,2050,1,F,KZ,IF,D
10:06:10,MYOR,RG,2050,5,D,XL,IF,D
10:06:10,MYOR,RG,2050,1,D,CC,IF,D
10:06:10,MYOR,RG,2050,2,F,KZ,IF,D
10:06:10,MYOR,RG,2050,65,D,NI,IF,D
10:06:10,MYOR,RG,2050,1,D,KK,IF,D
10:06:10,MYOR,RG,2050,1,D,XL,IF,D
10:06:10,MYOR,RG,2050,2,D,PD,IF,D
10:06:10,MYOR,RG,2050,1,D,XC,IF,D
10:06:10,MYOR,RG,2050,1,D,PD,IF,D
10:06:10,MYOR,RG,2050,10,D,PD,IF,D
10:06:10,MYOR,RG,2050,1,D,XC,IF,D
10:06:10,MYOR,RG,2050,1,D,DR,IF,D
10:06:10,MYOR,RG,2050,2,D,PD,IF,D
10:06:10,MYOR,RG,2050,35,D,XC,IF,D
10:06:10,MYOR,RG,2050,15,D,PD,IF,D
10:06:10,MYOR,RG,2050,2,D,PD,IF,D
10:06:10,MYOR,RG,2050,8,D,XC,IF,D
10:06:10,MYOR,RG,2050,5,D,DX,IF,D
10:06:10,MYOR,RG,2050,2,D,PD,IF,D
10:06:10,MYOR,RG,2050,1,D,XC,IF,D
10:06:10,MYOR,RG,2050,1,D,NI,IF,D
10:06:10,MYOR,RG,2050,1,D,PD,IF,D
10:06:10,MYOR,RG,2050,1,D,XC,IF,D
10:06:10,MYOR,RG,2050,15,D,KK,IF,D
10:06:10,MYOR,RG,2050,2001,F,KZ,IF,D
10:06:10,MYOR,RG,2050,1,D,PD,IF,D
10:06:10,MYOR,RG,2050,10000,D,DH,IF,D
10:06:10,MYOR,RG,2050,500,D,YP,IF,D
10:06:10,MYOR,RG,2050,1,D,XC,IF,D
10:06:10,MYOR,RG,2050,5,D,YP,IF,D
10:06:10,MYOR,RG,2050,2,D,XC,IF,D
10:06:10,MYOR,RG,2050,5,D,XL,IF,D
10:06:10,MYOR,RG,2050,6,D,PD,IF,D
10:06:10,MYOR,RG,2050,1,D,DH,IF,D
10:06:10,MYOR,RG,2050,5,D,XC,IF,D
10:06:10,MYOR,RG,2050,10,D,PD,IF,D
10:06:10,MYOR,RG,2050,1,D,XC,IF,D
10:06:10,MYOR,RG,2050,25,D,EP,IF,D
10:06:10,MYOR,RG,2050,10,D,PD,IF,D
10:06:10,MYOR,RG,2050,178,D,LG,IF,D
10:06:10,MYOR,RG,2060,1,D,NI,IF,D
10:06:10,MYOR,RG,2060,15,D,KK,IF,D
10:06:10,MYOR,RG,2060,2,D,PD,IF,D
10:06:10,MYOR,RG,2060,1,D,PD,IF,D
10:06:10,MYOR,RG,2060,3,D,XC,IF,D
10:06:10,MYOR,RG,2060,1,D,KK,IF,D
10:06:10,MYOR,RG,2060,1,F,AK,IF,D
10:06:10,MYOR,RG,2060,37,F,ZP,IF,D
10:06:10,MYOR,RG,2060,20,F,KZ,IF,D
10:06:10,MYOR,RG,2060,106,F,CC,IF,D
10:06:10,MYOR,RG,2060,7,F,KZ,IF,D
10:06:10,MYOR,RG,2060,1,D,YP,IF,D
10:06:10,MYOR,RG,2060,25,D,KK,IF,D
10:06:10,MYOR,RG,2060,1,D,KK,IF,D
10:06:10,MYOR,RG,2060,1,D,PD,IF,D
10:06:10,MYOR,RG,2060,2,D,XL,IF,D
10:06:10,MYOR,RG,2060,1,D,XC,IF,D
10:06:10,MYOR,RG,2060,10,D,NI,IF,D
10:06:10,MYOR,RG,2060,2,D,XC,IF,D
10:06:10,MYOR,RG,2060,1,F,KZ,IF,D
10:06:10,MYOR,RG,2060,2,D,XC,IF,D
10:06:10,MYOR,RG,2060,1,F,AK,IF,D
10:06:10,MYOR,RG,2060,4,D,NI,IF,D
10:06:10,MYOR,RG,2060,102,D,XC,IF,D
10:04:15,MYOR,RG,2060,1,D,XC,PD,D
10:03:10,MYOR,RG,2070,2,D,PD,YP,D
10:02:54,MYOR,RG,2060,1,D,XC,DH,D
10:02:54,MYOR,RG,2060,1,D,SQ,DH,D
10:01:59,MYOR,RG,2060,28,D,SQ,KI,D
10:01:59,MYOR,RG,2060,1,D,PD,KI,D
10:01:59,MYOR,RG,2060,1,F,AK,KI,D
10:01:59,MYOR,RG,2060,13,F,KZ,KI,D
10:01:59,MYOR,RG,2060,202,F,ZP,KI,D
10:01:59,MYOR,RG,2060,17,F,KZ,KI,D
10:01:59,MYOR,RG,2060,51,F,CC,KI,D
10:01:59,MYOR,RG,2060,50,D,YP,KI,D
10:01:59,MYOR,RG,2060,1,D,DR,KI,D
10:01:59,MYOR,RG,2060,5,D,DH,KI,D
10:01:59,MYOR,RG,2060,1,D,XC,KI,D
10:01:59,MYOR,RG,2060,30,D,YP,KI,D
10:00:02,MYOR,RG,2060,6,D,YP,XC,D
9:59:16,MYOR,RG,2060,49,D,YP,NI,D
9:58:20,MYOR,RG,2060,1,D,YP,PD,D
9:58:15,MYOR,RG,2060,20,D,YP,NI,D
9:58:14,MYOR,RG,2070,1,F,KZ,YP,D
9:58:07,MYOR,RG,2060,3,D,YP,PD,D
9:56:32,MYOR,RG,2060,91,D,YP,SQ,D
9:56:32,MYOR,RG,2060,5,D,YP,SQ,D
9:56:32,MYOR,RG,2060,4,F,KZ,SQ,D
9:55:41,MYOR,RG,2060,40,F,KZ,CC,D
9:55:18,MYOR,RG,2060,10,F,KZ,CC,D
9:54:40,MYOR,RG,2060,2,F,KZ,XC,D
9:53:36,MYOR,RG,2060,42,F,KZ,PD,D
9:53:36,MYOR,RG,2060,2,F,AK,PD,D
9:53:21,MYOR,RG,2070,9,F,KZ,YP,D
9:53:21,MYOR,RG,2070,2,F,KZ,PD,D
9:53:21,MYOR,RG,2070,1,F,KZ,NI,D
9:53:21,MYOR,RG,2070,5,F,KZ,DR,D
9:53:21,MYOR,RG,2070,2,F,KZ,PD,D
9:53:21,MYOR,RG,2070,2,F,KZ,OD,D
9:53:19,MYOR,RG,2070,2,F,KZ,OD,D
9:53:19,MYOR,RG,2070,1,F,KZ,OD,D
9:53:18,MYOR,RG,2060,745,F,ZP,KI,D
9:53:18,MYOR,RG,2060,1,F,AK,KI,D
9:53:18,MYOR,RG,2060,71,D,XC,KI,D
9:53:18,MYOR,RG,2060,50,D,XC,KI,D
9:53:18,MYOR,RG,2060,8,F,CC,KI,D
9:53:18,MYOR,RG,2060,1,D,PD,KI,D
9:53:18,MYOR,RG,2060,42,F,KZ,KI,D
9:53:18,MYOR,RG,2060,1,F,AK,KI,D
9:53:18,MYOR,RG,2060,230,D,PD,KI,D
9:53:18,MYOR,RG,2060,1,F,KZ,KI,D
9:53:18,MYOR,RG,2060,1,F,AK,KI,D
9:53:18,MYOR,RG,2060,1,D,XL,KI,D
9:53:18,MYOR,RG,2060,1,D,XC,KI,D
9:53:18,MYOR,RG,2060,1,F,ZP,KI,D
9:53:10,MYOR,RG,2070,5,D,XL,OD,D
9:52:02,MYOR,RG,2070,10,D,YP,OD,D
9:51:41,MYOR,RG,2070,2,D,XL,OD,D
9:51:34,MYOR,RG,2070,1,F,AK,OD,D
9:50:21,MYOR,RG,2060,5,F,ZP,YP,D
9:49:13,MYOR,RG,2070,2,F,KZ,OD,D
9:49:13,MYOR,RG,2070,10,D,XC,OD,D
9:49:07,MYOR,RG,2070,1,D,YP,OD,D
9:48:53,MYOR,RG,2070,4,F,KZ,OD,D
9:48:52,MYOR,RG,2070,20,D,YP,OD,D
9:48:04,MYOR,RG,2070,1,F,AK,OD,D
9:47:54,MYOR,RG,2070,1,F,KZ,OD,D
9:47:54,MYOR,RG,2070,4,D,PD,OD,D
9:47:19,MYOR,RG,2070,1,F,KZ,OD,D
9:47:17,MYOR,RG,2070,1,F,KZ,OD,D
9:47:16,MYOR,RG,2070,7,D,DH,OD,D
9:47:14,MYOR,RG,2070,1,F,KZ,OD,D
9:47:00,MYOR,RG,2070,16,F,KZ,OD,D
9:47:00,MYOR,RG,2070,8,D,YP,OD,D
9:47:00,MYOR,RG,2070,92,D,YP,MG,D
9:46:34,MYOR,RG,2070,1,D,XC,MG,D
9:46:04,MYOR,RG,2070,1,F,KZ,MG,D
9:45:41,MYOR,RG,2070,5,D,XC,MG,D
9:45:19,MYOR,RG,2070,4,F,KZ,MG,D
9:44:51,MYOR,RG,2070,1,D,YP,MG,D
9:44:36,MYOR,RG,2070,1,D,YP,MG,D
9:44:29,MYOR,RG,2070,1,F,KZ,MG,D
9:44:15,MYOR,RG,2070,1,D,YP,MG,D
9:43:51,MYOR,RG,2060,1,F,KZ,XC,D
9:43:50,MYOR,RG,2070,1,D,YP,MG,D
9:43:21,MYOR,RG,2070,1,D,YP,MG,D
9:43:02,MYOR,RG,2070,1,D,YP,MG,D
9:42:44,MYOR,RG,2070,1,D,YP,MG,D
9:42:13,MYOR,RG,2070,12,D,PD,MG,D
9:41:46,MYOR,RG,2060,2,F,KZ,XC,D
9:41:46,MYOR,RG,2060,7,F,CC,XC,D
9:41:00,MYOR,RG,2060,1,F,CC,AT,D
9:39:26,MYOR,RG,2060,16,F,CC,NI,D
9:39:26,MYOR,RG,2060,4,F,KZ,NI,D
9:39:20,MYOR,RG,2060,1,F,KZ,PD,D
9:39:20,MYOR,RG,2060,3,D,CC,PD,D
9:39:10,MYOR,RG,2060,5,D,CC,PD,D
9:39:00,MYOR,RG,2060,4,D,CC,PD,D
9:38:50,MYOR,RG,2060,4,D,CC,PD,D
9:38:40,MYOR,RG,2060,4,D,CC,PD,D
9:38:30,MYOR,RG,2060,5,D,CC,PD,D
9:38:20,MYOR,RG,2050,4,D,LG,PD,D
9:38:17,MYOR,RG,2060,3,F,CC,BK,F
9:38:16,MYOR,RG,2060,1,F,CC,XC,D
9:38:16,MYOR,RG,2060,1,F,KZ,XC,D
9:38:16,MYOR,RG,2060,1,F,KZ,XC,D
9:38:10,MYOR,RG,2060,1,F,KZ,PD,D
9:38:10,MYOR,RG,2060,1,F,KZ,PD,D
9:38:10,MYOR,RG,2060,1,F,KZ,PD,D
9:38:10,MYOR,RG,2060,1,F,ZP,PD,D
9:38:00,MYOR,RG,2060,4,F,ZP,PD,D
9:37:50,MYOR,RG,2060,4,F,ZP,PD,D
9:37:40,MYOR,RG,2060,1,F,ZP,PD,D
9:37:40,MYOR,RG,2060,1,F,KZ,PD,D
9:37:40,MYOR,RG,2060,2,F,KZ,PD,D
9:37:40,MYOR,RG,2060,1,F,KZ,PD,D
9:37:30,MYOR,RG,2060,4,F,KZ,PD,D
9:37:20,MYOR,RG,2060,4,D,PD,PD,D
9:37:12,MYOR,RG,2060,5,D,PD,PD,D
9:37:10,MYOR,RG,2060,4,D,PD,PD,D
9:37:00,MYOR,RG,2060,4,D,PD,PD,D
9:36:50,MYOR,RG,2060,5,D,PD,PD,D
9:36:40,MYOR,RG,2060,4,D,PD,PD,D
9:36:30,MYOR,RG,2060,4,D,PD,PD,D
9:36:20,MYOR,RG,2050,4,D,LG,PD,D
9:36:10,MYOR,RG,2050,5,D,LG,PD,D
9:36:00,MYOR,RG,2050,4,D,LG,PD,D
9:35:50,MYOR,RG,2050,4,D,LG,PD,D
9:35:43,MYOR,RG,2050,4,D,LG,XL,D
9:35:40,MYOR,RG,2050,4,D,LG,PD,D
9:35:30,MYOR,RG,2050,4,D,LG,PD,D
9:35:20,MYOR,RG,2050,5,D,LG,PD,D
9:35:10,MYOR,RG,2050,4,D,LG,PD,D
9:35:00,MYOR,RG,2050,4,D,LG,PD,D
9:34:50,MYOR,RG,2060,3,F,KZ,PD,D
9:34:50,MYOR,RG,2060,1,F,KZ,PD,D
9:34:49,MYOR,RG,2070,10,D,PD,MG,D
9:34:40,MYOR,RG,2060,2,F,KZ,PD,D
9:34:40,MYOR,RG,2060,1,F,KZ,PD,D
9:34:40,MYOR,RG,2060,1,F,ZP,PD,D
9:34:30,MYOR,RG,2060,5,F,ZP,PD,D
9:34:20,MYOR,RG,2060,4,F,ZP,PD,D
9:34:10,MYOR,RG,2060,4,F,ZP,PD,D
9:34:00,MYOR,RG,2060,4,F,ZP,PD,D
9:33:50,MYOR,RG,2060,3,F,ZP,PD,D
9:33:50,MYOR,RG,2060,1,F,KZ,PD,D
9:33:46,MYOR,RG,2070,1,D,XC,MG,D
9:33:40,MYOR,RG,2060,2,F,KZ,PD,D
9:33:40,MYOR,RG,2060,1,F,KZ,PD,D
9:33:40,MYOR,RG,2060,2,D,YP,PD,D
9:33:34,MYOR,RG,2060,1,D,YP,DH,D
9:33:20,MYOR,RG,2060,4,D,YP,PD,D
9:33:20,MYOR,RG,2060,1,D,YP,PD,D
9:33:20,MYOR,RG,2050,4,D,LG,PD,D
9:33:18,MYOR,RG,2060,1,F,AK,PD,D
9:33:10,MYOR,RG,2050,4,D,LG,PD,D
9:33:00,MYOR,RG,2050,5,D,LG,PD,D
9:32:50,MYOR,RG,2060,1,F,KZ,PD,D
9:32:50,MYOR,RG,2060,1,D,XC,PD,D
9:32:34,MYOR,RG,2060,4,D,PD,PD,D
9:32:30,MYOR,RG,2050,4,D,LG,PD,D
9:32:20,MYOR,RG,2050,4,D,LG,PD,D
9:32:10,MYOR,RG,2050,5,D,LG,PD,D
9:32:00,MYOR,RG,2050,4,D,LG,PD,D
9:31:50,MYOR,RG,2050,4,D,LG,PD,D
9:31:40,MYOR,RG,2050,4,D,LG,PD,D
9:31:31,MYOR,RG,2050,3,D,LG,YP,D
9:31:30,MYOR,RG,2050,4,D,LG,PD,D
9:31:28,MYOR,RG,2060,1,D,XC,PD,D
9:31:20,MYOR,RG,2050,5,D,LG,PD,D
9:31:10,MYOR,RG,2050,4,D,LG,PD,D
9:31:00,MYOR,RG,2050,4,D,LG,PD,D
9:30:56,MYOR,RG,2050,1,D,LG,AK,F
9:30:50,MYOR,RG,2050,4,D,LG,PD,D
9:30:40,MYOR,RG,2060,1,F,KZ,PD,D
9:30:40,MYOR,RG,2060,2,F,KZ,PD,D
9:30:30,MYOR,RG,2060,4,F,KZ,PD,D
9:30:30,MYOR,RG,2060,1,D,PD,PD,D
9:30:20,MYOR,RG,2060,4,D,PD,PD,D
9:30:02,MYOR,RG,2060,10,D,PD,OD,D
9:30:02,MYOR,RG,2060,1,D,PD,NI,D
9:30:02,MYOR,RG,2060,1,D,PD,PD,D
9:30:02,MYOR,RG,2060,1,D,PD,PD,D
9:30:01,MYOR,RG,2060,3,D,PD,PD,D
9:30:01,MYOR,RG,2060,1,D,PD,NI,D
9:30:01,MYOR,RG,2060,1,D,PD,NI,D
9:30:00,MYOR,RG,2050,5,D,LG,XC,D
9:30:00,MYOR,RG,2050,4,D,LG,PD,D
9:29:50,MYOR,RG,2050,4,D,LG,PD,D
9:29:50,MYOR,RG,2050,1,D,DX,PD,D
9:29:49,MYOR,RG,2050,4,D,DX,PD,D
9:29:49,MYOR,RG,2050,2,D,XC,PD,D
9:29:49,MYOR,RG,2050,5,D,XC,PD,D
9:29:49,MYOR,RG,2050,6,F,KZ,PD,D
9:29:49,MYOR,RG,2050,1,D,PD,PD,D
9:29:49,MYOR,RG,2050,13,F,KZ,PD,D
9:29:49,MYOR,RG,2050,9,D,KK,PD,D
9:29:45,MYOR,RG,2060,2,D,PD,NI,D
9:29:40,MYOR,RG,2050,4,D,KK,PD,D
9:29:30,MYOR,RG,2050,4,D,KK,PD,D
9:29:20,MYOR,RG,2050,4,D,KK,PD,D
9:29:10,MYOR,RG,2050,4,D,KK,PD,D
9:29:00,MYOR,RG,2050,5,D,PD,PD,D
9:28:50,MYOR,RG,2050,4,D,PD,PD,D
9:28:40,MYOR,RG,2050,4,D,PD,PD,D
9:28:30,MYOR,RG,2050,4,D,PD,PD,D
9:28:20,MYOR,RG,2060,2,D,PD,PD,D
9:28:20,MYOR,RG,2060,2,F,KZ,PD,D
9:28:10,MYOR,RG,2060,2,F,KZ,PD,D
9:28:10,MYOR,RG,2060,1,F,KZ,PD,D
9:28:10,MYOR,RG,2060,2,D,NI,PD,D
9:27:58,MYOR,RG,2060,2,D,NI,PD,D
9:27:58,MYOR,RG,2060,4,D,NI,PD,D
9:27:58,MYOR,RG,2060,2,D,NI,PD,D
9:27:53,MYOR,RG,2060,2,D,PD,PD,D
9:27:50,MYOR,RG,2050,3,D,PD,PD,D
9:27:50,MYOR,RG,2050,1,D,XC,PD,D
9:27:40,MYOR,RG,2050,4,F,KZ,PD,D
9:27:30,MYOR,RG,2050,1,F,KZ,PD,D
9:27:30,MYOR,RG,2050,3,F,BK,PD,D
9:27:20,MYOR,RG,2050,5,F,BK,PD,D
9:27:10,MYOR,RG,2050,4,F,BK,PD,D
9:27:00,MYOR,RG,2050,4,F,BK,PD,D
9:26:50,MYOR,RG,2050,4,F,BK,PD,D
9:26:40,MYOR,RG,2050,5,F,BK,PD,D
9:26:30,MYOR,RG,2050,4,F,BK,PD,D
9:26:20,MYOR,RG,2050,4,F,BK,PD,D
9:26:10,MYOR,RG,2050,4,F,BK,PD,D
9:26:00,MYOR,RG,2050,4,F,BK,PD,D
9:25:50,MYOR,RG,2060,1,F,KZ,PD,D
9:25:40,MYOR,RG,2060,3,F,KZ,PD,D
9:25:40,MYOR,RG,2060,1,F,KZ,PD,D
9:25:30,MYOR,RG,2060,4,F,KZ,PD,D
9:25:20,MYOR,RG,2060,4,F,KZ,PD,D
9:25:10,MYOR,RG,2050,4,F,BK,PD,D
9:25:00,MYOR,RG,2050,5,F,BK,PD,D
9:24:50,MYOR,RG,2050,4,F,BK,PD,D
9:24:40,MYOR,RG,2050,4,F,BK,PD,D
9:24:34,MYOR,RG,2070,8,F,KZ,MG,D
9:24:30,MYOR,RG,2050,4,F,BK,PD,D
9:24:24,MYOR,RG,2050,10,F,BK,PD,D
9:24:24,MYOR,RG,2050,30,F,BK,YP,D
9:24:20,MYOR,RG,2050,4,F,BK,PD,D
9:24:10,MYOR,RG,2050,5,F,BK,PD,D
9:24:10,MYOR,RG,2070,1,D,XC,MG,D
9:24:00,MYOR,RG,2050,4,F,BK,PD,D
9:23:50,MYOR,RG,2050,4,F,BK,PD,D
9:23:40,MYOR,RG,2050,4,F,BK,PD,D
9:23:32,MYOR,RG,2050,1,F,BK,CC,D
9:23:30,MYOR,RG,2050,5,F,BK,PD,D
9:23:20,MYOR,RG,2050,4,F,BK,PD,D
9:23:10,MYOR,RG,2050,4,F,BK,PD,D
9:23:04,MYOR,RG,2050,2,F,BK,PD,D
9:23:00,MYOR,RG,2050,4,F,BK,PD,D
9:22:56,MYOR,RG,2050,1,F,BK,XC,D
9:22:50,MYOR,RG,2050,4,F,BK,PD,D
9:22:40,MYOR,RG,2050,5,F,BK,PD,D
9:22:30,MYOR,RG,2050,4,F,BK,PD,D
9:22:21,MYOR,RG,2060,2,F,KZ,BK,F
9:22:21,MYOR,RG,2060,1,F,KZ,BK,F
9:22:21,MYOR,RG,2060,1,D,YP,BK,F
9:22:20,MYOR,RG,2060,4,D,YP,PD,D
9:22:10,MYOR,RG,2060,4,D,YP,PD,D
9:22:00,MYOR,RG,2060,1,D,YP,PD,D
9:22:00,MYOR,RG,2060,3,D,PD,PD,D
9:21:50,MYOR,RG,2060,5,D,PD,PD,D
9:21:43,MYOR,RG,2060,1,D,PD,XC,D
9:21:43,MYOR,RG,2060,4,F,KZ,XC,D
9:21:40,MYOR,RG,2060,2,F,KZ,PD,D
9:21:40,MYOR,RG,2060,1,F,KZ,PD,D
9:21:40,MYOR,RG,2060,1,D,XC,PD,D
9:21:30,MYOR,RG,2060,4,D,XC,PD,D
9:21:20,MYOR,RG,2060,4,D,XC,PD,D
9:21:15,MYOR,RG,2060,20,D,XC,GR,D
9:21:10,MYOR,RG,2060,2,D,XC,PD,D
9:21:10,MYOR,RG,2060,2,F,KZ,PD,D
9:21:10,MYOR,RG,2060,1,D,XC,PD,D
9:21:00,MYOR,RG,2060,4,D,XC,PD,D
9:20:43,MYOR,RG,2060,4,D,XC,PD,D
9:20:43,MYOR,RG,2060,4,D,XC,PD,D
9:20:40,MYOR,RG,2050,4,F,BK,PD,D
9:20:30,MYOR,RG,2050,4,F,BK,PD,D
9:20:20,MYOR,RG,2060,1,D,XL,PD,D
9:20:10,MYOR,RG,2060,4,D,XL,PD,D
9:20:00,MYOR,RG,2060,1,D,XC,PD,D
9:20:00,MYOR,RG,2060,3,D,CC,PD,D
9:19:50,MYOR,RG,2060,4,D,CC,PD,D
9:19:40,MYOR,RG,2060,2,D,CC,PD,D
9:19:40,MYOR,RG,2060,2,D,LG,PD,D
9:19:30,MYOR,RG,2060,5,D,LG,PD,D
9:19:20,MYOR,RG,2060,4,D,LG,PD,D
9:19:10,MYOR,RG,2060,4,D,LG,PD,D
9:19:00,MYOR,RG,2060,4,D,LG,PD,D
9:18:51,MYOR,RG,2060,1,D,LG,YP,D
9:18:50,MYOR,RG,2060,4,D,LG,PD,D
9:18:40,MYOR,RG,2060,5,D,LG,PD,D
9:18:30,MYOR,RG,2060,4,D,LG,PD,D
9:18:20,MYOR,RG,2060,4,D,LG,PD,D
9:18:10,MYOR,RG,2060,4,D,LG,PD,D
9:18:00,MYOR,RG,2060,5,D,LG,PD,D
9:17:50,MYOR,RG,2060,4,D,LG,PD,D
9:17:40,MYOR,RG,2060,4,D,LG,PD,D
9:17:30,MYOR,RG,2060,4,D,LG,PD,D
9:17:20,MYOR,RG,2060,4,D,LG,PD,D
9:17:10,MYOR,RG,2060,5,D,LG,PD,D
9:17:00,MYOR,RG,2060,4,D,LG,PD,D
9:16:50,MYOR,RG,2060,4,D,LG,PD,D
9:16:50,MYOR,RG,2070,2,D,XC,MG,D
9:16:40,MYOR,RG,2060,4,D,LG,PD,D
9:16:37,MYOR,RG,2070,1,D,PD,MG,D
9:16:30,MYOR,RG,2060,4,D,LG,PD,D
9:16:20,MYOR,RG,2060,5,D,LG,PD,D
9:16:10,MYOR,RG,2060,4,D,LG,PD,D
9:16:00,MYOR,RG,2060,4,D,LG,PD,D
9:15:47,MYOR,RG,2060,4,D,LG,PD,D
9:15:40,MYOR,RG,2050,4,F,BK,PD,D
9:15:30,MYOR,RG,2050,5,F,BK,PD,D
9:15:20,MYOR,RG,2050,4,F,BK,PD,D
9:15:10,MYOR,RG,2050,4,F,BK,PD,D
9:15:00,MYOR,RG,2050,4,F,BK,PD,D
9:14:50,MYOR,RG,2050,4,F,BK,PD,D
9:14:50,MYOR,RG,2050,1,D,XA,PD,D
9:14:40,MYOR,RG,2050,4,D,XA,PD,D
9:14:30,MYOR,RG,2050,2,D,XA,PD,D
9:14:30,MYOR,RG,2050,1,F,KZ,PD,D
9:14:30,MYOR,RG,2050,1,F,KZ,PD,D
9:14:20,MYOR,RG,2050,4,F,KZ,PD,D
9:14:18,MYOR,RG,2060,1,D,XC,PD,D
9:14:18,MYOR,RG,2060,5,D,XC,PD,D
9:14:10,MYOR,RG,2050,4,F,KZ,PD,D
9:14:00,MYOR,RG,2050,5,F,KZ,PD,D
9:13:53,MYOR,RG,2070,1,D,PD,MG,D
9:13:50,MYOR,RG,2050,4,F,KZ,PD,D
9:13:40,MYOR,RG,2060,4,F,KZ,PD,D
9:13:38,MYOR,RG,2060,1,F,KZ,XC,D
9:13:30,MYOR,RG,2060,4,D,PD,PD,D
9:13:20,MYOR,RG,2060,4,D,PD,PD,D
9:13:10,MYOR,RG,2050,5,F,KZ,PD,D
9:13:00,MYOR,RG,2050,4,F,KZ,PD,D
9:12:59,MYOR,RG,2050,1,F,KZ,PD,D
9:12:50,MYOR,RG,2050,4,F,KZ,PD,D
9:12:50,MYOR,RG,2070,13,F,KZ,MG,D
9:12:47,MYOR,RG,2050,121,F,BK,NI,D
9:12:40,MYOR,RG,2050,4,F,BK,PD,D
9:12:30,MYOR,RG,2050,3,F,BK,PD,D
9:12:30,MYOR,RG,2050,1,F,KZ,PD,D
9:12:14,MYOR,RG,2050,3,F,KZ,XC,D
9:12:14,MYOR,RG,2050,4,F,KZ,PD,D
9:12:14,MYOR,RG,2050,4,F,KZ,PD,D
9:12:09,MYOR,RG,2050,42,F,BK,YP,D
9:12:09,MYOR,RG,2050,1,D,XL,YP,D
9:12:09,MYOR,RG,2050,2,D,CC,YP,D
9:12:09,MYOR,RG,2050,3,F,KZ,YP,D
9:12:09,MYOR,RG,2050,19,D,NI,YP,D
9:12:09,MYOR,RG,2050,1,D,XC,YP,D
9:12:09,MYOR,RG,2050,6,F,KZ,YP,D
9:12:09,MYOR,RG,2050,30,D,CC,YP,D
9:12:09,MYOR,RG,2050,5,D,DH,YP,D
9:12:09,MYOR,RG,2050,1,F,KZ,YP,D
9:12:09,MYOR,RG,2050,1,F,KZ,YP,D
9:12:09,MYOR,RG,2050,2,D,XC,YP,D
9:12:09,MYOR,RG,2050,9,D,XC,YP,D
9:12:09,MYOR,RG,2050,5,D,CP,YP,D
9:12:09,MYOR,RG,2050,1,F,KZ,YP,D
9:12:09,MYOR,RG,2050,1,F,KZ,YP,D
9:12:09,MYOR,RG,2050,3,F,KZ,YP,D
9:12:09,MYOR,RG,2050,10,D,YP,YP,D
9:12:09,MYOR,RG,2050,25,D,CD,YP,D
9:12:09,MYOR,RG,2050,1,D,YP,YP,D
9:12:09,MYOR,RG,2050,5,D,PD,YP,D
9:12:09,MYOR,RG,2050,1,D,YP,YP,D
9:12:09,MYOR,RG,2050,8,D,XC,YP,D
9:12:09,MYOR,RG,2050,10,D,CC,YP,D
9:12:09,MYOR,RG,2050,2,D,PD,YP,D
9:12:09,MYOR,RG,2050,1,D,XC,YP,D
9:12:09,MYOR,RG,2050,5,D,GR,YP,D
9:12:08,MYOR,RG,2050,1,D,GR,XC,D
9:12:00,MYOR,RG,2050,4,D,GR,PD,D
9:11:50,MYOR,RG,2050,4,D,GR,PD,D
9:11:42,MYOR,RG,2050,4,D,GR,YP,D
9:11:40,MYOR,RG,2050,5,D,GR,PD,D
9:11:31,MYOR,RG,2050,2,D,GR,NI,D
9:11:31,MYOR,RG,2050,11,F,KZ,NI,D
9:11:30,MYOR,RG,2050,3,F,KZ,PD,D
9:11:30,MYOR,RG,2050,1,D,XC,PD,D
9:11:20,MYOR,RG,2050,1,D,XC,PD,D
9:11:20,MYOR,RG,2050,3,D,YB,PD,D
9:11:14,MYOR,RG,2060,1,F,KZ,YP,D
9:11:14,MYOR,RG,2060,1,F,KZ,YP,D
9:11:14,MYOR,RG,2060,1,F,KZ,YP,D
9:11:10,MYOR,RG,2050,4,D,YB,PD,D
9:11:00,MYOR,RG,2050,3,D,YB,PD,D
9:11:00,MYOR,RG,2050,1,D,XL,PD,D
9:10:54,MYOR,RG,2060,4,F,KZ,YP,D
9:10:54,MYOR,RG,2060,20,D,SQ,YP,D
9:10:53,MYOR,RG,2060,3,D,PD,YP,D
9:10:50,MYOR,RG,2050,5,D,NI,PD,D
9:10:41,MYOR,RG,2060,3,D,NI,YP,D
9:10:37,MYOR,RG,2060,10,F,KZ,YP,D
9:10:34,MYOR,RG,2060,4,F,KZ,PD,D
9:10:34,MYOR,RG,2060,4,F,KZ,MG,D
9:10:34,MYOR,RG,2060,100,D,CC,MG,D
9:10:34,MYOR,RG,2060,1,D,DH,MG,D
9:10:34,MYOR,RG,2060,1,F,KZ,MG,D
9:10:34,MYOR,RG,2060,1,F,KZ,MG,D
9:10:34,MYOR,RG,2060,1,F,KZ,MG,D
9:10:34,MYOR,RG,2060,5,D,YP,MG,D
9:10:34,MYOR,RG,2060,1,D,XL,MG,D
9:10:34,MYOR,RG,2060,1,F,KZ,MG,D
9:10:34,MYOR,RG,2060,1,D,YP,MG,D
9:10:34,MYOR,RG,2060,5,D,XC,MG,D
9:10:34,MYOR,RG,2060,18,F,KZ,MG,D
9:10:34,MYOR,RG,2060,1,F,KZ,MG,D
9:10:34,MYOR,RG,2060,110,D,CC,MG,D
9:10:30,MYOR,RG,2060,4,D,CC,PD,D
9:10:20,MYOR,RG,2060,4,D,CC,PD,D
9:10:10,MYOR,RG,2060,4,D,CC,PD,D
9:10:00,MYOR,RG,2060,5,D,CC,PD,D
9:09:52,MYOR,RG,2060,2,D,CC,YP,D
9:09:50,MYOR,RG,2060,4,D,CC,PD,D
9:09:40,MYOR,RG,2060,4,D,CC,PD,D
9:09:30,MYOR,RG,2060,4,D,CC,PD,D
9:09:03,MYOR,RG,2070,8,D,PD,MG,D
9:08:59,MYOR,RG,2070,10,F,KZ,MG,D
9:08:57,MYOR,RG,2060,1,D,CC,PD,D
9:07:59,MYOR,RG,2070,3,F,KZ,MG,D
9:07:59,MYOR,RG,2070,1,F,KZ,MG,D
9:07:53,MYOR,RG,2060,40,D,CC,XL,D
9:07:38,MYOR,RG,2060,15,D,CC,YP,D
9:07:14,MYOR,RG,2060,3,D,CC,XC,D
9:07:14,MYOR,RG,2060,1,F,KZ,XC,D
9:07:07,MYOR,RG,2070,7,D,XC,MG,D
9:07:05,MYOR,RG,2070,1,D,XC,MG,D
9:06:41,MYOR,RG,2070,15,D,PD,MG,D
9:06:17,MYOR,RG,2070,1,D,XC,MG,D
9:06:07,MYOR,RG,2070,5,D,XL,MG,D
9:05:59,MYOR,RG,2060,1,D,CC,PD,D
9:05:53,MYOR,RG,2060,4,F,KZ,PD,D
9:05:53,MYOR,RG,2060,1,D,NI,PD,D
9:05:53,MYOR,RG,2060,1,F,KZ,PD,D
9:05:53,MYOR,RG,2060,1,D,XC,PD,D
9:05:53,MYOR,RG,2060,1,D,KK,PD,D
9:05:53,MYOR,RG,2060,1,D,XC,PD,D
9:05:47,MYOR,RG,2070,25,D,GR,MG,D
9:05:37,MYOR,RG,2070,2,D,PD,MG,D
9:05:12,MYOR,RG,2070,1,D,PD,MG,D
9:04:15,MYOR,RG,2070,1,D,XC,MG,D
9:04:08,MYOR,RG,2070,2,D,XL,MG,D
9:03:27,MYOR,RG,2070,8,F,KZ,MG,D
9:03:27,MYOR,RG,2070,1,F,KZ,XL,D
9:03:27,MYOR,RG,2070,3,F,KZ,YP,D
9:03:26,MYOR,RG,2070,5,F,KZ,CC,D
9:03:24,MYOR,RG,2060,97,F,BK,NI,D
9:03:24,MYOR,RG,2060,3,F,KZ,NI,D
9:03:17,MYOR,RG,2060,1,F,KZ,XC,D
9:02:29,MYOR,RG,2060,2,F,KZ,PD,D
9:02:06,MYOR,RG,2060,50,D,YP,PD,D
9:01:55,MYOR,RG,2060,6,D,SQ,PD,D
9:01:27,MYOR,RG,2050,2,D,NI,PD,D
9:01:25,MYOR,RG,2060,1,D,XC,PD,D
9:00:54,MYOR,RG,2050,1,D,NI,YP,D
9:00:48,MYOR,RG,2050,2,D,NI,YP,D
9:00:43,MYOR,RG,2060,12,D,PD,PD,D
9:00:39,MYOR,RG,2060,21,F,KZ,PD,D
9:00:36,MYOR,RG,2060,2,D,DR,PD,D
9:00:27,MYOR,RG,2060,1,F,KZ,PD,D
9:00:24,MYOR,RG,2060,1,F,KZ,PD,D
9:00:21,MYOR,RG,2050,5,F,KZ,CC,D
9:00:19,MYOR,RG,2060,4,F,KZ,PD,D
9:00:16,MYOR,RG,2050,1,F,KZ,PD,D
9:00:15,MYOR,RG,2050,1,F,KZ,XC,D
9:00:15,MYOR,RG,2050,2,F,KZ,PD,D
9:00:15,MYOR,RG,2050,1,F,KZ,PD,D
9:00:15,MYOR,RG,2040,7,D,PD,XC,D
9:00:15,MYOR,RG,2040,1,D,LG,XC,D
9:00:14,MYOR,RG,2050,1,D,PD,PD,D
9:00:13,MYOR,RG,2050,3,D,XC,PD,D
9:00:12,MYOR,RG,2040,1,D,LG,PD,D
9:00:12,MYOR,RG,2040,1,D,DX,PD,D
9:00:12,MYOR,RG,2040,3,D,DX,PD,D
9:00:11,MYOR,RG,2040,1,D,DX,PD,D
9:00:11,MYOR,RG,2040,1,F,KZ,PD,D
9:00:11,MYOR,RG,2040,8,D,PD,PD,D
9:00:10,MYOR,RG,2040,10,D,PD,PD,D
9:00:09,MYOR,RG,2040,9,D,PD,PD,D
9:00:09,MYOR,RG,2040,8,D,PD,PD,D
9:00:08,MYOR,RG,2040,5,D,PD,PD,D
9:00:07,MYOR,RG,2040,6,D,PD,PD,D
9:00:07,MYOR,RG,2040,1,D,PD,PD,D
9:00:07,MYOR,RG,2040,2,D,PD,PD,D
9:00:07,MYOR,RG,2050,5,D,BQ,PD,D
9:00:07,MYOR,RG,2050,1,D,XL,SQ,D
9:00:06,MYOR,RG,2040,1,D,PD,PD,D
9:00:06,MYOR,RG,2040,1,D,PD,PD,D
9:00:06,MYOR,RG,2040,1,D,XL,PD,D
9:00:06,MYOR,RG,2040,2,D,CC,PD,D
9:00:06,MYOR,RG,2040,3,D,CC,PD,D
9:00:06,MYOR,RG,2040,1,D,PD,PD,D
9:00:06,MYOR,RG,2040,1,D,DR,XL,D
9:00:05,MYOR,RG,2040,2,D,DR,AT,D
9:00:04,MYOR,RG,2040,1,D,XL,AT,D
9:00:04,MYOR,RG,2040,2,D,PD,AT,D
9:00:04,MYOR,RG,2040,3,D,PD,CC,D
9:00:04,MYOR,RG,2040,4,D,PD,CC,D
9:00:04,MYOR,RG,2040,1,D,PD,CC,D
9:00:04,MYOR,RG,2040,1,D,PD,CC,D
9:00:04,MYOR,RG,2040,1,D,XC,CC,D
9:00:04,MYOR,RG,2040,2,D,XL,CC,D
9:00:03,MYOR,RG,2040,1,D,GR,CC,D
9:00:03,MYOR,RG,2040,2,D,XC,CC,D
9:00:03,MYOR,RG,2040,1,D,XC,CC,D
9:00:03,MYOR,RG,2040,1,D,XC,CC,D
9:00:03,MYOR,RG,2040,4,D,XC,CC,D
9:00:02,MYOR,RG,2040,1,D,KK,CC,D
9:00:01,MYOR,RG,2040,1,D,KK,CC,D
9:00:01,MYOR,RG,2040,30,D,KK,CC,D
9:00:01,MYOR,RG,2040,2,D,KK,CC,D
9:00:01,MYOR,RG,2040,3,D,KK,CC,D
9:00:01,MYOR,RG,2040,2,D,TP,CC,D