Time,Stock,Brd,Price,Qty,BT,BC,SC,ST
15:14:52,MYOR,RG,1740,1,D,YP,PD,D
15:14:42,MYOR,RG,1740,28,D,YP,XC,D
15:14:42,MYOR,RG,1740,15,D,YB,XC,D
15:14:42,MYOR,RG,1740,40,D,KK,XC,D
15:14:42,MYOR,RG,1740,1,D,KK,XC,D
15:14:42,MYOR,RG,1740,4,D,XL,XC,D
15:14:42,MYOR,RG,1740,30,D,YP,XC,D
15:14:42,MYOR,RG,1740,1,D,EP,XC,D
15:14:17,MYOR,RG,1740,12,D,PD,XC,D
15:13:44,MYOR,RG,1740,12,D,PD,XC,D
15:12:38,MYOR,RG,1740,300,D,PD,KK,D
15:12:08,MYOR,RG,1740,2,D,PD,PD,D
15:11:20,MYOR,RG,1740,16,D,PD,XC,D
15:11:13,MYOR,RG,1740,50,D,PD,YP,D
15:10:11,MYOR,RG,1740,2,D,PD,XL,D
15:08:57,MYOR,RG,1740,50,D,PD,OK,D
15:07:55,MYOR,RG,1740,5,D,PD,XC,D
15:07:30,MYOR,RG,1740,2,D,PD,XC,D
15:07:23,MYOR,RG,1740,1,D,PD,SQ,D
15:07:15,MYOR,RG,1740,1,D,PD,XC,D
15:07:02,MYOR,RG,1740,1,D,PD,DH,D
15:06:58,MYOR,RG,1740,1,D,PD,XC,D
15:06:12,MYOR,RG,1740,2,D,PD,GR,D
15:06:01,MYOR,RG,1740,37,D,PD,XC,D
15:05:01,MYOR,RG,1740,4,D,PD,NI,D
15:04:18,MYOR,RG,1740,2,D,PD,XC,D
15:04:16,MYOR,RG,1740,3,D,PD,PD,D
15:03:37,MYOR,RG,1740,10,D,PD,DH,D
15:03:31,MYOR,RG,1740,6,D,PD,XC,D
15:02:42,MYOR,RG,1740,7,D,PD,XC,D
15:02:17,MYOR,RG,1740,3,D,PD,HP,D
15:01:21,MYOR,RG,1740,10,D,PD,CC,D
15:01:11,MYOR,RG,1740,2,D,PD,NI,D
15:01:05,MYOR,RG,1740,5,D,PD,PD,D
15:00:00,MYOR,RG,1740,18,D,PD,EP,D
15:00:00,MYOR,RG,1740,403,D,PD,EP,D
15:00:00,MYOR,RG,1740,10,D,YP,EP,D
15:00:00,MYOR,RG,1740,10,D,YP,EP,D
15:00:00,MYOR,RG,1740,1,D,PD,EP,D
15:00:00,MYOR,RG,1740,50,D,SQ,EP,D
15:00:00,MYOR,RG,1740,15,D,CC,EP,D
15:00:00,MYOR,RG,1740,10,D,YP,EP,D
15:00:00,MYOR,RG,1740,5,D,CC,EP,D
15:00:00,MYOR,RG,1740,5,D,YP,EP,D
15:00:00,MYOR,RG,1740,1,D,XL,EP,D
15:00:00,MYOR,RG,1740,1,D,NI,EP,D
15:00:00,MYOR,RG,1740,4,D,KK,EP,D
15:00:00,MYOR,RG,1740,1,D,PD,EP,D
15:00:00,MYOR,RG,1740,25,D,YP,EP,D
15:00:00,MYOR,RG,1740,793,D,PD,EP,D
15:00:00,MYOR,RG,1740,1648,D,PD,EP,D
15:00:00,MYOR,RG,1740,35,D,PD,PD,D
15:00:00,MYOR,RG,1740,30,D,PD,YP,D
15:00:00,MYOR,RG,1740,6,D,PD,DX,F
15:00:00,MYOR,RG,1740,2,D,PD,DX,F
15:00:00,MYOR,RG,1740,44,D,PD,DX,F
15:00:00,MYOR,RG,1740,2066,D,PD,KZ,F
15:00:00,MYOR,RG,1740,368,D,PD,KZ,F
15:00:00,MYOR,RG,1740,7,D,PD,KZ,F
15:00:00,MYOR,RG,1740,2,D,NI,KZ,F
15:00:00,MYOR,RG,1740,25,D,AT,KZ,F
15:00:00,MYOR,RG,1740,1,D,XC,KZ,F
15:00:00,MYOR,RG,1740,1,D,YP,KZ,F
15:00:00,MYOR,RG,1740,18,D,DR,KZ,F
15:00:00,MYOR,RG,1740,5,D,ZP,KZ,F
15:00:00,MYOR,RG,1740,1,D,XC,KZ,F
15:00:00,MYOR,RG,1740,5,D,AZ,KZ,F
15:00:00,MYOR,RG,1740,6,D,PD,KZ,F
15:00:00,MYOR,RG,1740,2,D,PD,KZ,F
15:00:00,MYOR,RG,1740,50,D,SQ,KZ,F
15:00:00,MYOR,RG,1740,200,D,KK,KZ,F
15:00:00,MYOR,RG,1740,20,D,YP,KZ,F
15:00:00,MYOR,RG,1740,2,D,YP,KZ,F
15:00:00,MYOR,RG,1740,120,D,NI,KZ,F
15:00:00,MYOR,RG,1740,7,D,AT,KZ,F
15:00:00,MYOR,RG,1740,50,D,NI,KZ,F
15:00:00,MYOR,RG,1740,30,D,YP,KZ,F
15:00:00,MYOR,RG,1740,200,D,RO,KZ,F
15:00:00,MYOR,RG,1740,10,D,DR,KZ,F
15:00:00,MYOR,RG,1740,30,D,PD,KZ,F
15:00:00,MYOR,RG,1740,10,D,YP,KZ,F
15:00:00,MYOR,RG,1740,1517,F,DX,KZ,F
15:00:00,MYOR,RG,1740,483,F,ZP,KZ,F
15:00:00,MYOR,RG,1740,15,F,AK,KZ,F
15:00:00,MYOR,RG,1740,2,F,AK,KZ,F
15:00:00,MYOR,RG,1740,2,F,AK,LG,D
15:00:00,MYOR,RG,1740,1,F,AK,LG,D
14:49:51,MYOR,RG,1745,16,D,PD,YP,D
14:49:49,MYOR,RG,1745,15,D,PD,YP,D
14:49:49,MYOR,RG,1745,69,D,PD,YP,D
14:49:47,MYOR,RG,1745,80,D,PD,KK,D
14:49:47,MYOR,RG,1745,2,D,PD,PD,D
14:49:47,MYOR,RG,1745,2,D,PD,XC,D
14:49:47,MYOR,RG,1745,18,D,PD,XC,D
14:49:47,MYOR,RG,1745,5,D,PD,NI,D
14:49:47,MYOR,RG,1745,299,D,PD,YP,D
14:49:47,MYOR,RG,1745,3,D,PD,KZ,F
14:49:47,MYOR,RG,1745,8,D,PD,BQ,D
14:49:47,MYOR,RG,1745,45,D,PD,DX,F
14:49:47,MYOR,RG,1745,25,D,PD,KZ,F
14:49:47,MYOR,RG,1745,300,D,PD,PD,D
14:49:47,MYOR,RG,1745,66,D,PD,KZ,F
14:49:47,MYOR,RG,1745,76,D,PD,KZ,F
14:49:43,MYOR,RG,1745,1,F,AK,KZ,F
14:49:42,MYOR,RG,1745,6,D,YP,KZ,F
14:49:42,MYOR,RG,1745,17,F,DX,KZ,F
14:49:42,MYOR,RG,1745,7,F,DX,KZ,F
14:49:42,MYOR,RG,1745,30,F,DX,YP,D
14:49:42,MYOR,RG,1745,17,F,DX,KZ,F
14:49:41,MYOR,RG,1745,10,F,DX,KZ,F
14:49:38,MYOR,RG,1745,10,F,DX,KZ,F
14:49:38,MYOR,RG,1745,55,F,DX,KZ,F
14:49:36,MYOR,RG,1745,4,F,DX,KZ,F
14:49:36,MYOR,RG,1745,34,F,DX,KZ,F
14:49:36,MYOR,RG,1745,24,F,DX,KZ,F
14:49:35,MYOR,RG,1745,2,D,PD,KZ,F
14:49:33,MYOR,RG,1740,14,D,PD,DR,D
14:49:30,MYOR,RG,1745,52,D,PD,KZ,F
14:49:30,MYOR,RG,1745,5,D,PD,YP,D
14:49:30,MYOR,RG,1745,3,D,PD,KZ,F
14:49:30,MYOR,RG,1740,1,D,PD,KK,D
14:49:23,MYOR,RG,1740,15,D,PD,DH,D
14:49:17,MYOR,RG,1740,12,D,PD,HP,D
14:49:17,MYOR,RG,1740,1,D,PD,BB,D
14:49:15,MYOR,RG,1740,1,D,PD,YP,D
14:49:11,MYOR,RG,1740,1,D,PD,BB,D
14:49:11,MYOR,RG,1745,1,F,AK,KZ,F
14:48:52,MYOR,RG,1745,1,D,PD,KZ,F
14:48:52,MYOR,RG,1745,6,D,PD,KZ,F
14:48:41,MYOR,RG,1740,30,D,PD,YP,D
14:48:40,MYOR,RG,1740,67,D,PD,CC,D
14:48:40,MYOR,RG,1740,768,D,PD,CC,D
14:48:40,MYOR,RG,1740,77,D,PD,CC,D
14:48:40,MYOR,RG,1740,2,D,DR,CC,D
14:48:40,MYOR,RG,1740,59,F,DX,CC,D
14:48:40,MYOR,RG,1740,87,F,DX,CC,D
14:48:40,MYOR,RG,1740,10,D,YP,CC,D
14:48:40,MYOR,RG,1740,61,F,DX,CC,D
14:48:40,MYOR,RG,1740,69,F,DX,CC,D
14:48:37,MYOR,RG,1740,2,F,DX,LG,D
14:48:37,MYOR,RG,1740,1,F,AK,LG,D
14:48:37,MYOR,RG,1740,1,F,AK,LG,D
14:48:37,MYOR,RG,1740,4,F,DX,LG,D
14:48:35,MYOR,RG,1740,33,F,DX,DX,F
14:48:35,MYOR,RG,1740,23,F,DX,DX,F
14:48:22,MYOR,RG,1740,2,F,DX,YP,D
14:48:15,MYOR,RG,1740,25,F,DX,DX,F
14:48:15,MYOR,RG,1740,29,F,DX,DX,F
14:48:14,MYOR,RG,1740,58,F,DX,YJ,D
14:48:14,MYOR,RG,1740,17,F,DX,YJ,D
14:48:14,MYOR,RG,1745,20,F,DX,KZ,F
14:48:14,MYOR,RG,1745,10,F,DX,NI,D
14:48:14,MYOR,RG,1745,5,F,DX,PD,D
14:48:14,MYOR,RG,1745,5,F,DX,YP,D
14:48:14,MYOR,RG,1745,10,F,DX,TP,D
14:48:14,MYOR,RG,1745,11,F,DX,YB,D
14:48:03,MYOR,RG,1745,3,F,AK,YB,D
14:48:02,MYOR,RG,1740,1,F,DX,BB,D
14:48:02,MYOR,RG,1745,50,D,DH,YB,D
14:47:55,MYOR,RG,1740,35,F,DX,DX,F
14:47:48,MYOR,RG,1745,48,D,DH,YB,D
14:47:48,MYOR,RG,1745,5,D,DH,CC,D
14:47:48,MYOR,RG,1745,1,D,DH,XC,D
14:47:48,MYOR,RG,1745,8,D,DH,NI,D
14:47:48,MYOR,RG,1745,1,D,DH,XC,D
14:47:48,MYOR,RG,1745,12,D,DH,KK,D
14:47:32,MYOR,RG,1740,1,F,DX,YP,D
14:47:24,MYOR,RG,1740,3,F,DX,YP,D
14:47:21,MYOR,RG,1740,11,F,DX,XC,D
14:47:20,MYOR,RG,1740,2,F,DX,PD,D
14:47:15,MYOR,RG,1740,57,F,DX,YP,D
14:47:15,MYOR,RG,1740,64,F,DX,YP,D
14:47:15,MYOR,RG,1740,81,F,DX,YP,D
14:47:15,MYOR,RG,1740,154,D,PD,YP,D
14:47:15,MYOR,RG,1740,672,D,PD,YP,D
14:47:14,MYOR,RG,1745,15,D,EP,KK,D
14:47:00,MYOR,RG,1740,1,D,PD,BB,D
14:47:00,MYOR,RG,1740,31,D,PD,DX,F
14:47:00,MYOR,RG,1740,64,D,PD,KZ,F
14:47:00,MYOR,RG,1740,77,D,PD,KZ,F
14:46:59,MYOR,RG,1740,60,F,DX,KZ,F
14:46:59,MYOR,RG,1740,2,F,DX,XC,D
14:46:59,MYOR,RG,1740,10,F,DX,CC,D
14:46:59,MYOR,RG,1740,10,F,DX,SQ,D
14:46:59,MYOR,RG,1740,28,F,DX,SQ,D
14:46:57,MYOR,RG,1740,1,F,AK,SQ,D
14:46:56,MYOR,RG,1740,2,F,AK,SQ,D
14:46:55,MYOR,RG,1740,50,D,BQ,SQ,D
14:46:53,MYOR,RG,1740,3,F,AK,SQ,D
14:46:52,MYOR,RG,1740,7,F,AK,SQ,D
14:46:52,MYOR,RG,1740,49,D,PD,SQ,D
14:46:52,MYOR,RG,1740,169,D,PD,KZ,F
14:46:52,MYOR,RG,1740,65,D,PD,DX,F
14:46:52,MYOR,RG,1740,24,D,PD,DH,D
14:46:52,MYOR,RG,1740,976,D,PD,DH,D
14:46:52,MYOR,RG,1740,194,D,PD,KZ,F
14:46:52,MYOR,RG,1740,147,D,PD,KZ,F
14:46:52,MYOR,RG,1740,1,D,PD,BB,D
14:46:52,MYOR,RG,1740,219,D,PD,EP,D
14:46:52,MYOR,RG,1740,154,D,PD,EP,D
14:46:45,MYOR,RG,1735,1,D,PD,YP,D
14:46:41,MYOR,RG,1740,57,F,DX,EP,D
14:46:41,MYOR,RG,1735,215,D,PD,KZ,F
14:46:34,MYOR,RG,1735,1,D,PD,PD,D
14:46:33,MYOR,RG,1735,53,D,PD,DX,F
14:46:28,MYOR,RG,1740,75,F,DX,EP,D
14:46:12,MYOR,RG,1740,57,F,DX,EP,D
14:46:01,MYOR,RG,1740,55,F,DX,EP,D
14:45:52,MYOR,RG,1740,290,D,YP,EP,D
14:45:46,MYOR,RG,1740,30,D,DH,EP,D
14:45:46,MYOR,RG,1735,1,D,PD,KK,D
14:45:37,MYOR,RG,1740,63,D,OD,EP,D
14:45:37,MYOR,RG,1740,10,D,OD,SQ,D
14:45:37,MYOR,RG,1740,332,D,OD,YP,D
14:45:33,MYOR,RG,1735,99,D,PD,SQ,D
14:45:04,MYOR,RG,1735,10,D,PD,YP,D
14:45:04,MYOR,RG,1735,54,D,PD,DX,F
14:45:04,MYOR,RG,1735,1,D,PD,PD,D
14:45:04,MYOR,RG,1735,116,D,PD,YP,D
14:45:04,MYOR,RG,1735,7,D,PD,XC,D
14:45:04,MYOR,RG,1735,1,D,PD,BB,D
14:45:04,MYOR,RG,1735,1,D,PD,XC,D
14:45:04,MYOR,RG,1735,37,D,PD,DX,F
14:45:04,MYOR,RG,1735,11,D,PD,XC,D
14:45:04,MYOR,RG,1735,5,D,PD,XC,D
14:45:04,MYOR,RG,1735,25,D,PD,EP,D
14:45:04,MYOR,RG,1735,47,D,PD,YP,D
14:45:01,MYOR,RG,1730,43,F,DX,XC,D
14:45:01,MYOR,RG,1730,1,F,AK,XC,D
14:45:01,MYOR,RG,1730,1,D,XL,XC,D
14:45:01,MYOR,RG,1730,18,F,DX,XC,D
14:45:01,MYOR,RG,1730,10,D,CC,XC,D
14:45:01,MYOR,RG,1730,1,D,XC,XC,D
14:45:01,MYOR,RG,1730,10,D,PD,XC,D
14:45:01,MYOR,RG,1730,1,D,YP,XC,D
14:45:01,MYOR,RG,1730,10,D,PD,XC,D
14:45:01,MYOR,RG,1730,10,D,PD,XC,D
14:45:01,MYOR,RG,1730,1,D,PD,XC,D
14:45:01,MYOR,RG,1730,1,D,PD,XC,D
14:45:01,MYOR,RG,1730,12,D,PD,XC,D
14:45:01,MYOR,RG,1730,2,D,PD,XC,D
14:45:01,MYOR,RG,1730,16,D,EP,XC,D
14:44:58,MYOR,RG,1730,1,D,EP,SQ,D
14:44:52,MYOR,RG,1735,1,D,YP,YP,D
14:44:52,MYOR,RG,1730,20,D,EP,PD,D
14:44:51,MYOR,RG,1730,1,D,EP,DR,D
14:44:40,MYOR,RG,1730,10,D,EP,GR,D
14:44:10,MYOR,RG,1730,1,D,EP,EP,D
14:44:10,MYOR,RG,1730,51,D,EP,YP,D
14:44:10,MYOR,RG,1730,1,D,KK,YP,D
14:44:10,MYOR,RG,1730,1,D,AT,YP,D
14:44:10,MYOR,RG,1730,1,D,EP,YP,D
14:44:10,MYOR,RG,1730,4,D,YP,YP,D
14:44:10,MYOR,RG,1730,6,D,YP,PD,D
14:44:10,MYOR,RG,1730,4,D,YP,PD,D
14:44:09,MYOR,RG,1730,1,D,YP,XC,D
14:44:05,MYOR,RG,1735,5,D,PD,YP,D
14:43:55,MYOR,RG,1735,50,D,PD,YP,D
14:43:51,MYOR,RG,1735,1,D,XC,YP,D
14:43:50,MYOR,RG,1735,2,D,PD,YP,D
14:43:50,MYOR,RG,1735,2,D,YP,YP,D
14:43:50,MYOR,RG,1735,56,F,DX,YP,D
14:43:50,MYOR,RG,1735,23,D,XL,YP,D
14:43:50,MYOR,RG,1735,4,F,DX,YP,D
14:43:50,MYOR,RG,1735,10,D,PD,YP,D
14:43:50,MYOR,RG,1735,5,D,PD,YP,D
14:43:50,MYOR,RG,1735,1,D,NI,YP,D
14:43:50,MYOR,RG,1735,1,D,TP,YP,D
14:43:50,MYOR,RG,1735,2,F,DX,YP,D
14:43:50,MYOR,RG,1735,1,D,XC,YP,D
14:43:50,MYOR,RG,1735,2,D,XL,YP,D
14:43:50,MYOR,RG,1735,118,D,YP,YP,D
14:43:50,MYOR,RG,1735,2,D,XL,YP,D
14:43:50,MYOR,RG,1735,10,D,YP,YP,D
14:43:50,MYOR,RG,1735,1000,D,SQ,YP,D
14:43:50,MYOR,RG,1735,3,D,CC,YP,D
14:43:50,MYOR,RG,1735,2,D,EP,YP,D
14:43:50,MYOR,RG,1735,10,D,NI,YP,D
14:43:50,MYOR,RG,1735,154,D,PD,YP,D
14:43:50,MYOR,RG,1735,768,D,PD,YP,D
14:43:50,MYOR,RG,1735,77,D,PD,YP,D
14:43:50,MYOR,RG,1735,18,F,DX,YP,D
14:43:50,MYOR,RG,1735,2,D,XC,YP,D
14:43:50,MYOR,RG,1735,50,D,YP,YP,D
14:43:50,MYOR,RG,1735,2,D,EP,YP,D
14:43:50,MYOR,RG,1735,5,D,PD,YP,D
14:43:50,MYOR,RG,1735,6,D,XC,YP,D
14:43:50,MYOR,RG,1735,10,D,PD,YP,D
14:43:50,MYOR,RG,1735,1,D,XC,YP,D
14:43:50,MYOR,RG,1735,9,D,XC,YP,D
14:43:50,MYOR,RG,1735,1,D,XC,YP,D
14:43:50,MYOR,RG,1735,1,D,YP,YP,D
14:43:50,MYOR,RG,1735,1,D,EP,YP,D
14:43:50,MYOR,RG,1735,1,D,NI,YP,D
14:43:50,MYOR,RG,1735,2,D,XC,YP,D
14:43:50,MYOR,RG,1735,6,D,PD,YP,D
14:43:50,MYOR,RG,1735,6,D,XC,YP,D
14:43:50,MYOR,RG,1735,33,D,XC,YP,D
14:43:50,MYOR,RG,1735,2,D,XC,YP,D
14:43:50,MYOR,RG,1735,1,D,PD,YP,D
14:43:50,MYOR,RG,1735,4,D,XC,YP,D
14:43:50,MYOR,RG,1735,2,D,PD,YP,D
14:43:50,MYOR,RG,1735,2,D,XC,YP,D
14:43:50,MYOR,RG,1735,24,D,CC,YP,D
14:43:50,MYOR,RG,1735,3,D,CC,YP,D
14:43:50,MYOR,RG,1735,10,D,XC,YP,D
14:43:50,MYOR,RG,1735,741,D,LG,YP,D
14:43:47,MYOR,RG,1735,53,D,LG,DX,F
14:43:45,MYOR,RG,1735,33,D,LG,DX,F
14:43:41,MYOR,RG,1740,2,D,XC,YP,D
14:43:41,MYOR,RG,1740,3,D,XC,YP,D
14:43:41,MYOR,RG,1740,81,F,DX,YP,D
14:43:41,MYOR,RG,1740,20,D,PD,YP,D
14:43:41,MYOR,RG,1740,2,F,AK,YP,D
14:43:41,MYOR,RG,1740,54,F,DX,YP,D
14:43:41,MYOR,RG,1740,154,D,PD,YP,D
14:43:41,MYOR,RG,1740,768,D,PD,YP,D
14:43:41,MYOR,RG,1740,77,D,PD,YP,D
14:43:41,MYOR,RG,1740,7,F,DX,YP,D
14:43:17,MYOR,RG,1740,95,F,DX,YP,D
14:43:17,MYOR,RG,1740,5,D,PD,YP,D
14:43:12,MYOR,RG,1745,40,D,KK,KK,D
14:43:05,MYOR,RG,1745,7,D,YP,KK,D
14:42:57,MYOR,RG,1745,5,D,PD,KK,D
14:42:47,MYOR,RG,1745,1,D,PD,KK,D
14:42:47,MYOR,RG,1740,4,D,PD,KZ,F
14:42:38,MYOR,RG,1740,1,F,AK,YP,D
14:42:38,MYOR,RG,1740,82,F,DX,YP,D
14:42:38,MYOR,RG,1740,58,F,DX,YP,D
14:42:38,MYOR,RG,1740,1,F,DX,YP,D
14:42:38,MYOR,RG,1740,1,D,XL,YP,D
14:42:38,MYOR,RG,1740,10,D,GR,YP,D
14:42:38,MYOR,RG,1740,25,D,GR,YP,D
14:42:38,MYOR,RG,1740,10,D,YP,YP,D
14:42:38,MYOR,RG,1740,8,D,CC,YP,D
14:42:38,MYOR,RG,1740,153,D,PD,YP,D
14:42:38,MYOR,RG,1740,769,D,PD,YP,D
14:42:38,MYOR,RG,1740,76,D,PD,YP,D
14:42:38,MYOR,RG,1740,23,F,DX,YP,D
14:42:38,MYOR,RG,1740,2711,D,LG,YP,D
14:42:30,MYOR,RG,1745,10,D,XC,KK,D
14:42:16,MYOR,RG,1745,6,D,PD,KK,D
14:42:06,MYOR,RG,1745,4,F,DX,KK,D
14:42:02,MYOR,RG,1745,15,F,DX,ZP,D
14:42:02,MYOR,RG,1745,104,F,DX,YP,D
14:42:02,MYOR,RG,1745,308,D,PD,YP,D
14:42:02,MYOR,RG,1745,1537,D,PD,YP,D
14:42:02,MYOR,RG,1745,51,D,PD,YP,D
14:41:58,MYOR,RG,1745,1,D,PD,XL,D
14:41:54,MYOR,RG,1745,6,D,PD,KZ,F
14:41:54,MYOR,RG,1745,5,D,PD,YB,D
14:41:54,MYOR,RG,1745,10,D,PD,SQ,D
14:41:54,MYOR,RG,1745,50,D,PD,NI,D
14:41:54,MYOR,RG,1745,9,D,PD,KZ,F
14:41:54,MYOR,RG,1745,2,D,PD,XC,D
14:41:54,MYOR,RG,1745,20,D,PD,PD,D
14:41:44,MYOR,RG,1745,1,D,XC,PD,D
14:41:43,MYOR,RG,1745,30,D,CC,PD,D
14:41:37,MYOR,RG,1745,1,F,AK,PD,D
14:41:35,MYOR,RG,1750,23,D,KK,KZ,F
14:41:33,MYOR,RG,1740,81,D,LG,XC,D
14:41:33,MYOR,RG,1745,105,F,DX,XC,D
14:41:33,MYOR,RG,1745,4,D,YP,XC,D
14:41:32,MYOR,RG,1745,6,D,YP,YP,D
14:41:32,MYOR,RG,1745,1000,D,YP,YP,D
14:41:32,MYOR,RG,1745,1,F,AK,YP,D
14:41:32,MYOR,RG,1745,1,F,AK,YP,D
14:41:32,MYOR,RG,1745,1944,D,LG,YP,D
14:41:32,MYOR,RG,1745,1,F,DX,YP,D
14:41:32,MYOR,RG,1745,133,F,DX,YP,D
14:41:32,MYOR,RG,1745,68,F,DX,YP,D
14:41:32,MYOR,RG,1745,67,F,DX,YP,D
14:41:31,MYOR,RG,1745,6,F,DX,DH,D
14:41:15,MYOR,RG,1745,42,F,DX,PD,D
14:41:15,MYOR,RG,1745,8,D,LG,PD,D
14:41:10,MYOR,RG,1745,15,D,LG,NI,D
14:41:05,MYOR,RG,1745,24,D,LG,KZ,F
14:41:05,MYOR,RG,1745,100,D,LG,YP,D
14:41:05,MYOR,RG,1745,39,D,LG,YP,D
14:41:05,MYOR,RG,1745,2,D,LG,PD,D
14:41:05,MYOR,RG,1745,1,D,LG,XC,D
14:41:05,MYOR,RG,1745,40,D,LG,YP,D
14:41:05,MYOR,RG,1745,5,D,LG,DH,D
14:41:05,MYOR,RG,1745,3,D,LG,XC,D
14:41:05,MYOR,RG,1745,5,D,LG,PD,D
14:41:05,MYOR,RG,1745,5,D,LG,PD,D
14:41:05,MYOR,RG,1745,1000,D,LG,PD,D
14:41:05,MYOR,RG,1745,33,D,LG,KZ,F
14:41:05,MYOR,RG,1745,1,D,LG,BB,D
14:41:05,MYOR,RG,1745,1,D,LG,PD,D
14:41:05,MYOR,RG,1745,1,D,LG,DR,D
14:41:05,MYOR,RG,1745,1,D,LG,KZ,F
14:40:58,MYOR,RG,1740,241,D,LG,KZ,F
14:40:58,MYOR,RG,1740,27,D,LG,DH,D
14:40:58,MYOR,RG,1740,72,D,LG,KZ,F
14:40:58,MYOR,RG,1740,78,D,LG,KZ,F
14:40:58,MYOR,RG,1740,100,D,LG,CC,D
14:40:58,MYOR,RG,1740,7,D,LG,KZ,F
14:40:58,MYOR,RG,1740,20,D,LG,XC,D
14:40:58,MYOR,RG,1740,7,D,LG,KZ,F
14:40:55,MYOR,RG,1735,11,D,LG,DR,D
14:40:31,MYOR,RG,1740,6,D,XC,KZ,F
14:40:29,MYOR,RG,1740,20,D,YP,KZ,F
14:40:27,MYOR,RG,1740,5,D,PD,KZ,F
14:40:25,MYOR,RG,1740,14,F,AK,KZ,F
14:40:24,MYOR,RG,1740,462,D,PD,KZ,F
14:40:24,MYOR,RG,1740,494,D,PD,KZ,F
14:40:24,MYOR,RG,1740,10,D,PD,NI,D
14:40:24,MYOR,RG,1740,1,D,PD,KZ,F
14:40:24,MYOR,RG,1740,1801,D,PD,SQ,D
14:40:24,MYOR,RG,1740,231,D,PD,SQ,D
14:40:17,MYOR,RG,1740,643,D,OD,SQ,D
14:40:03,MYOR,RG,1740,154,D,PD,SQ,D
14:40:03,MYOR,RG,1740,768,D,PD,SQ,D
14:40:03,MYOR,RG,1740,77,D,PD,SQ,D
14:40:03,MYOR,RG,1740,1,D,TP,SQ,D
14:40:00,MYOR,RG,1740,1,F,AK,KZ,F
14:40:00,MYOR,RG,1740,85,F,DX,KZ,F
14:40:00,MYOR,RG,1740,121,F,DX,KZ,F
14:40:00,MYOR,RG,1740,192,D,PD,KZ,F
14:39:54,MYOR,RG,1740,91,D,PD,KZ,F
14:39:54,MYOR,RG,1740,1,D,PD,KZ,F
14:39:54,MYOR,RG,1740,12,D,PD,PD,D
14:39:54,MYOR,RG,1740,12,D,PD,KZ,F
14:39:54,MYOR,RG,1740,318,D,PD,KZ,F
14:39:54,MYOR,RG,1740,262,D,PD,KZ,F
14:39:54,MYOR,RG,1740,957,D,PD,SQ,D
14:39:54,MYOR,RG,1740,154,D,PD,SQ,D
14:39:53,MYOR,RG,1735,3,D,LG,NI,D
14:39:50,MYOR,RG,1740,2,D,XL,SQ,D
14:39:40,MYOR,RG,1740,28,D,DR,SQ,D
14:39:33,MYOR,RG,1740,1,D,YP,SQ,D
14:39:32,MYOR,RG,1740,1,F,AK,SQ,D
14:39:32,MYOR,RG,1740,5,D,PD,SQ,D
14:39:32,MYOR,RG,1740,154,D,PD,SQ,D
14:39:32,MYOR,RG,1740,698,D,PD,SQ,D
14:39:23,MYOR,RG,1740,1,D,PD,CC,D
14:39:23,MYOR,RG,1740,1,D,PD,KZ,F
14:39:23,MYOR,RG,1740,4,D,PD,PD,D
14:39:23,MYOR,RG,1740,1,D,PD,KZ,F
14:39:23,MYOR,RG,1740,63,D,PD,KZ,F
14:39:23,MYOR,RG,1740,28,D,PD,KZ,F
14:39:23,MYOR,RG,1740,13,D,PD,KZ,F
14:39:23,MYOR,RG,1740,3,D,PD,BB,D
14:39:23,MYOR,RG,1740,33,D,PD,YP,D
14:39:16,MYOR,RG,1735,2,D,LG,BB,D
14:39:14,MYOR,RG,1735,1,D,LG,BB,D
14:39:10,MYOR,RG,1740,83,F,DX,YP,D
14:39:10,MYOR,RG,1740,5,D,PD,YP,D
14:39:10,MYOR,RG,1740,1,F,AK,YP,D
14:39:10,MYOR,RG,1740,5,D,PD,YP,D
14:39:10,MYOR,RG,1740,5,D,AT,YP,D
14:39:04,MYOR,RG,1740,5,D,AT,AI,D
14:39:02,MYOR,RG,1745,2,D,XC,KZ,F
14:39:02,MYOR,RG,1740,154,D,PD,YP,D
14:39:02,MYOR,RG,1740,768,D,PD,YP,D
14:39:02,MYOR,RG,1740,77,D,PD,YP,D
14:39:02,MYOR,RG,1740,60,D,OD,YP,D
14:39:02,MYOR,RG,1740,10,D,NI,YP,D
14:39:02,MYOR,RG,1740,1,F,AK,YP,D
14:39:02,MYOR,RG,1740,100,D,YU,YP,D
14:39:02,MYOR,RG,1740,49,F,DX,YP,D
14:39:02,MYOR,RG,1740,46,F,DX,YP,D
14:39:02,MYOR,RG,1740,45,F,DX,YP,D
14:39:02,MYOR,RG,1740,1,F,AK,YP,D
14:39:02,MYOR,RG,1740,30,F,DX,YP,D
14:39:02,MYOR,RG,1740,1,D,XC,YP,D
14:39:02,MYOR,RG,1740,10,D,YP,YP,D
14:39:02,MYOR,RG,1740,3,D,XC,YP,D
14:39:02,MYOR,RG,1740,1,D,XC,YP,D
14:39:02,MYOR,RG,1740,1,D,XC,YP,D
14:39:02,MYOR,RG,1740,2,D,PD,YP,D
14:39:02,MYOR,RG,1740,153,D,PD,YP,D
14:39:02,MYOR,RG,1740,337,D,PD,YP,D
14:38:57,MYOR,RG,1745,2,D,XL,KZ,F
14:38:54,MYOR,RG,1745,30,D,YP,KZ,F
14:38:49,MYOR,RG,1745,37,F,DX,KZ,F
14:38:49,MYOR,RG,1745,1,F,DX,KZ,F
14:38:49,MYOR,RG,1745,27,F,DX,YP,D
14:38:34,MYOR,RG,1740,431,D,PD,KK,D
14:38:34,MYOR,RG,1740,77,D,PD,KK,D
14:38:34,MYOR,RG,1740,3,D,PD,KK,D
14:38:34,MYOR,RG,1740,60,D,PD,KK,D
14:38:34,MYOR,RG,1740,18,F,DX,KK,D
14:38:34,MYOR,RG,1740,61,D,YP,KK,D
14:38:22,MYOR,RG,1740,3,D,YP,XL,D
14:38:18,MYOR,RG,1745,60,F,DX,YP,D
14:38:11,MYOR,RG,1745,1,D,XC,YP,D
14:38:04,MYOR,RG,1745,50,D,XA,YP,D
14:38:02,MYOR,RG,1745,62,F,DX,YP,D
14:38:02,MYOR,RG,1745,7,F,DX,KZ,F
14:37:44,MYOR,RG,1745,22,F,DX,KZ,F
14:37:44,MYOR,RG,1745,20,F,DX,KZ,F
14:37:44,MYOR,RG,1745,22,F,DX,KZ,F
14:37:44,MYOR,RG,1745,2,F,DX,LG,D
14:37:41,MYOR,RG,1745,4,D,YP,LG,D
14:37:37,MYOR,RG,1745,50,D,LG,LG,D
14:37:36,MYOR,RG,1740,1,D,YP,PD,D
14:37:26,MYOR,RG,1745,30,D,XC,LG,D
14:37:04,MYOR,RG,1745,20,D,XC,LG,D
14:37:01,MYOR,RG,1745,58,F,DX,LG,D
14:37:01,MYOR,RG,1745,63,F,DX,LG,D
14:36:58,MYOR,RG,1745,12,F,DX,KZ,F
14:36:58,MYOR,RG,1745,1,F,DX,YP,D
14:36:58,MYOR,RG,1745,1,F,DX,YP,D
14:36:58,MYOR,RG,1745,2,F,DX,OD,F
14:36:58,MYOR,RG,1745,1,F,DX,KZ,F
14:36:58,MYOR,RG,1745,1,F,DX,YP,D
14:36:58,MYOR,RG,1745,1,F,DX,KZ,F
14:36:58,MYOR,RG,1745,1,F,DX,KZ,F
14:36:58,MYOR,RG,1745,9,F,DX,KZ,F
14:36:58,MYOR,RG,1745,2,F,DX,OD,F
14:36:58,MYOR,RG,1745,2,F,DX,YP,D
14:36:58,MYOR,RG,1745,25,F,DX,YP,D
14:36:21,MYOR,RG,1745,1,F,AK,YP,D
14:36:21,MYOR,RG,1745,48,F,DX,YP,D
14:36:21,MYOR,RG,1745,2,D,KK,YP,D
14:36:21,MYOR,RG,1745,1,F,AK,YP,D
14:36:21,MYOR,RG,1745,80,D,PD,YP,D
14:36:21,MYOR,RG,1745,47,F,DX,YP,D
14:36:21,MYOR,RG,1745,86,D,YP,YP,D
14:36:18,MYOR,RG,1745,5,D,YP,PD,D
14:36:16,MYOR,RG,1745,1,D,YP,YP,D
14:36:15,MYOR,RG,1745,10,D,YP,OD,D
14:36:14,MYOR,RG,1745,10,D,YP,CC,D
14:36:13,MYOR,RG,1745,2,D,YP,LS,D
14:36:11,MYOR,RG,1745,1,D,YP,CC,D
14:36:08,MYOR,RG,1745,1,D,YP,KK,D
14:36:01,MYOR,RG,1745,16,D,YP,AI,D
14:36:01,MYOR,RG,1745,54,F,DX,AI,D
14:36:00,MYOR,RG,1745,2,F,DX,CC,D
14:35:56,MYOR,RG,1745,1,F,DX,DX,F
14:35:56,MYOR,RG,1745,1,D,XC,DX,F
14:35:56,MYOR,RG,1745,1,D,XL,DX,F
14:35:56,MYOR,RG,1745,1,F,AK,DX,F
14:35:56,MYOR,RG,1745,1,F,AK,DX,F
14:35:56,MYOR,RG,1745,1,D,DR,DX,F
14:35:56,MYOR,RG,1745,25,F,DX,DX,F
14:35:52,MYOR,RG,1750,13,F,DX,KZ,F
14:35:48,MYOR,RG,1750,6,F,DX,EP,D
14:35:46,MYOR,RG,1745,5,F,DX,CC,D
14:35:45,MYOR,RG,1750,17,F,DX,EP,D
14:35:43,MYOR,RG,1745,9,F,DX,KK,D
14:35:41,MYOR,RG,1745,9,F,DX,BQ,D
14:35:41,MYOR,RG,1745,1,F,DX,BQ,D
14:35:35,MYOR,RG,1745,5,F,DX,PD,D
14:35:35,MYOR,RG,1745,1,F,DX,BB,D
14:35:24,MYOR,RG,1745,2,F,DX,XL,D
14:35:22,MYOR,RG,1745,3,F,DX,KZ,F
14:35:22,MYOR,RG,1745,36,F,DX,DX,F
14:35:22,MYOR,RG,1745,6,F,AK,DX,F
14:35:22,MYOR,RG,1745,3,D,SQ,DX,F
14:35:21,MYOR,RG,1745,10,D,SQ,KZ,F
14:35:21,MYOR,RG,1745,1,D,SQ,NI,D
14:35:21,MYOR,RG,1745,3,D,SQ,KZ,F
14:35:21,MYOR,RG,1745,2,D,SQ,BB,D
14:35:21,MYOR,RG,1745,2,D,SQ,SQ,D
14:35:21,MYOR,RG,1745,5,D,SQ,DH,D
14:35:21,MYOR,RG,1745,7,D,SQ,PD,D
14:35:21,MYOR,RG,1745,2,D,SQ,KZ,F
14:35:21,MYOR,RG,1745,20,D,SQ,CC,D
14:35:21,MYOR,RG,1745,445,D,SQ,KZ,F
14:35:20,MYOR,RG,1745,5,D,XC,KZ,F
14:35:19,MYOR,RG,1745,10,D,DR,KZ,F
14:35:17,MYOR,RG,1745,2,F,DX,EP,D
14:35:17,MYOR,RG,1745,1,F,DX,AT,D
14:35:17,MYOR,RG,1745,4,F,DX,KZ,F
14:35:17,MYOR,RG,1745,23,F,DX,KZ,F
14:35:17,MYOR,RG,1745,27,F,DX,KZ,F
14:35:11,MYOR,RG,1745,75,D,YP,KZ,F
14:35:03,MYOR,RG,1745,32,F,DX,KZ,F
14:35:03,MYOR,RG,1745,10,F,DX,PD,D
14:35:03,MYOR,RG,1745,10,F,DX,PD,D
14:35:03,MYOR,RG,1745,14,F,DX,KZ,F
14:34:46,MYOR,RG,1745,7,F,DX,KZ,F
14:34:46,MYOR,RG,1745,24,F,DX,YP,D
14:34:46,MYOR,RG,1745,24,F,DX,YP,D
14:34:44,MYOR,RG,1740,5,D,YP,PD,D
14:34:27,MYOR,RG,1740,1,F,AK,KZ,F
14:34:27,MYOR,RG,1740,4,F,AK,XL,D
14:34:17,MYOR,RG,1740,49,F,DX,KZ,F
14:34:17,MYOR,RG,1740,5,D,CC,KZ,F
14:34:17,MYOR,RG,1740,1,D,YP,KZ,F
14:34:17,MYOR,RG,1740,40,D,YP,KZ,F
14:34:17,MYOR,RG,1740,20,D,PD,KZ,F
14:34:17,MYOR,RG,1740,1,D,PD,KZ,F
14:34:17,MYOR,RG,1740,1,D,YP,KZ,F
14:34:17,MYOR,RG,1740,96,D,KK,KZ,F
14:34:17,MYOR,RG,1740,1,D,XC,KZ,F
14:34:17,MYOR,RG,1740,153,D,PD,KZ,F
14:34:17,MYOR,RG,1740,769,D,PD,KZ,F
14:34:17,MYOR,RG,1740,76,D,PD,KZ,F
14:34:17,MYOR,RG,1740,147,D,PD,KZ,F
14:34:12,MYOR,RG,1745,1,D,YP,YP,D
14:34:12,MYOR,RG,1745,1,F,AK,YP,D
14:34:12,MYOR,RG,1745,58,D,XC,YP,D
14:34:12,MYOR,RG,1745,71,F,DX,YP,D
14:34:12,MYOR,RG,1745,307,D,PD,YP,D
14:34:12,MYOR,RG,1745,1538,D,PD,YP,D
14:34:12,MYOR,RG,1745,24,D,PD,YP,D
14:34:00,MYOR,RG,1750,67,F,DX,EP,D
14:33:44,MYOR,RG,1745,36,D,PD,KZ,F
14:33:44,MYOR,RG,1745,72,D,PD,BK,F
14:33:44,MYOR,RG,1745,22,D,PD,YP,D
14:33:38,MYOR,RG,1745,1,F,AK,YP,D
14:33:38,MYOR,RG,1745,1,D,EP,YP,D
14:33:38,MYOR,RG,1745,4,D,XL,YP,D
14:33:38,MYOR,RG,1745,100,D,CC,YP,D
14:33:38,MYOR,RG,1745,60,D,PD,YP,D
14:33:38,MYOR,RG,1745,10,D,MK,YP,D
14:33:38,MYOR,RG,1745,30,D,YP,YP,D
14:33:38,MYOR,RG,1745,1,D,XC,YP,D
14:33:38,MYOR,RG,1745,30,D,PD,YP,D
14:33:38,MYOR,RG,1745,80,D,YP,YP,D
14:33:38,MYOR,RG,1745,1,D,PD,YP,D
14:33:38,MYOR,RG,1745,1000,D,LG,YP,D
14:33:38,MYOR,RG,1745,1,D,YP,YP,D
14:33:38,MYOR,RG,1745,153,D,PD,YP,D
14:33:38,MYOR,RG,1745,392,D,PD,YP,D
14:33:32,MYOR,RG,1745,22,D,PD,NI,D
14:33:27,MYOR,RG,1750,1,D,LG,EP,D
14:33:26,MYOR,RG,1750,10,D,DH,EP,D
14:33:18,MYOR,RG,1750,1,D,YP,EP,D
14:33:18,MYOR,RG,1750,1,D,PD,CC,F
14:33:18,MYOR,RG,1750,85,D,NI,CC,F
14:33:18,MYOR,RG,1750,15,D,NI,NI,D
14:33:18,MYOR,RG,1750,1,D,PD,NI,D
14:33:15,MYOR,RG,1750,5,D,PD,CP,D
14:33:06,MYOR,RG,1750,1,D,PD,XC,D
14:33:06,MYOR,RG,1750,1,F,AK,XC,D
14:33:00,MYOR,RG,1750,160,D,YU,KZ,F
14:32:56,MYOR,RG,1750,2,D,YU,LS,D
14:32:55,MYOR,RG,1750,17,D,YU,KZ,F
14:32:55,MYOR,RG,1750,200,D,YU,YP,D
14:32:55,MYOR,RG,1750,2,D,YU,PD,D
14:32:55,MYOR,RG,1750,5,D,YU,KK,D
14:32:55,MYOR,RG,1750,6,D,YU,PD,D
14:32:55,MYOR,RG,1750,3,D,YU,KZ,F
14:32:55,MYOR,RG,1750,39,D,YU,DX,F
14:32:50,MYOR,RG,1750,33,D,YP,DX,F
14:32:49,MYOR,RG,1750,10,D,XC,EP,D
14:32:44,MYOR,RG,1750,1,F,AK,KZ,F
14:32:44,MYOR,RG,1750,5,D,DH,KZ,F
14:32:44,MYOR,RG,1750,100,D,CC,KZ,F
14:32:44,MYOR,RG,1750,26,D,PD,KZ,F
14:32:40,MYOR,RG,1750,20,D,PD,YP,D
14:32:39,MYOR,RG,1750,50,D,PD,HP,D
14:32:38,MYOR,RG,1750,5,D,PD,YP,D
14:32:33,MYOR,RG,1750,7,D,PD,KZ,F
14:32:32,MYOR,RG,1750,40,D,PD,YP,D
14:32:32,MYOR,RG,1750,5,D,PD,YP,D
14:32:32,MYOR,RG,1750,95,D,PD,YP,D
14:32:32,MYOR,RG,1750,10,D,PD,PD,D
14:32:32,MYOR,RG,1750,1,D,PD,NI,D
14:32:32,MYOR,RG,1750,11,D,PD,KZ,F
14:32:32,MYOR,RG,1750,20,D,PD,YP,D
14:32:32,MYOR,RG,1750,100,D,PD,YP,D
14:32:32,MYOR,RG,1750,176,D,PD,KZ,F
14:32:32,MYOR,RG,1750,337,D,PD,CC,D
14:32:32,MYOR,RG,1750,19,D,PD,PD,D
14:32:32,MYOR,RG,1750,11,D,PD,PD,D
14:32:32,MYOR,RG,1750,9,D,PD,KZ,F
14:32:32,MYOR,RG,1750,1,D,PD,KZ,F
14:32:32,MYOR,RG,1750,38,D,PD,KZ,F
14:32:32,MYOR,RG,1750,2,D,PD,CC,F
14:32:32,MYOR,RG,1750,16,D,PD,YP,D
14:32:24,MYOR,RG,1745,5,D,PD,DH,D
14:32:20,MYOR,RG,1745,25,D,PD,CP,D
14:32:14,MYOR,RG,1745,6,D,PD,NI,D
14:31:58,MYOR,RG,1745,10,D,PD,PD,D
14:31:54,MYOR,RG,1750,2,D,YP,YP,D
14:31:52,MYOR,RG,1750,2,D,CC,YP,D
14:31:46,MYOR,RG,1750,1,D,EP,CC,F
14:31:46,MYOR,RG,1750,1,F,AK,CC,F
14:31:46,MYOR,RG,1750,10,D,NI,CC,F
14:31:46,MYOR,RG,1750,3,D,YP,CC,F
14:31:46,MYOR,RG,1750,83,D,OD,CC,F
14:31:39,MYOR,RG,1750,90,D,OD,CC,F
14:31:39,MYOR,RG,1750,1,D,OD,YP,D
14:31:37,MYOR,RG,1750,7,D,OD,PD,D
14:31:37,MYOR,RG,1750,1,D,OD,YP,D
14:31:36,MYOR,RG,1750,1,D,OD,YP,D
14:31:36,MYOR,RG,1750,1,D,OD,YP,D
14:31:35,MYOR,RG,1750,1,D,OD,YP,D
14:31:32,MYOR,RG,1750,100,D,OD,SQ,D
14:31:29,MYOR,RG,1750,45,D,OD,CC,F
14:31:29,MYOR,RG,1750,27,D,OD,KZ,F
14:31:29,MYOR,RG,1750,2,D,OD,XC,D
14:31:29,MYOR,RG,1750,7,D,OD,BQ,D
14:31:29,MYOR,RG,1750,2,D,OD,XL,D
14:31:29,MYOR,RG,1750,51,D,OD,DX,F
14:31:29,MYOR,RG,1750,10,D,OD,BQ,D
14:31:29,MYOR,RG,1750,71,D,OD,KZ,F
14:31:28,MYOR,RG,1750,1,D,PD,KZ,F
14:31:28,MYOR,RG,1750,1,D,PD,AK,F
14:31:26,MYOR,RG,1750,20,D,YP,AK,F
14:31:24,MYOR,RG,1750,52,D,YP,AK,F
14:31:24,MYOR,RG,1750,9,D,YP,NI,D
14:31:24,MYOR,RG,1750,88,D,YP,TF,D
14:31:23,MYOR,RG,1750,5,D,XC,TF,D
14:31:21,MYOR,RG,1750,1,D,YP,TF,D
14:31:19,MYOR,RG,1750,5,D,DH,TF,D
14:31:11,MYOR,RG,1750,1,F,AK,TF,D
14:31:07,MYOR,RG,1750,38,D,CC,AK,F
14:31:07,MYOR,RG,1750,33,D,YU,AK,F
14:31:06,MYOR,RG,1750,25,D,YU,KK,D
14:31:06,MYOR,RG,1750,3,D,YU,PD,D
14:31:06,MYOR,RG,1750,2,D,XC,PD,D
14:31:06,MYOR,RG,1750,1,F,AK,PD,D
14:31:06,MYOR,RG,1750,1,F,AK,PD,D
14:31:06,MYOR,RG,1750,1,D,XL,PD,D
14:30:53,MYOR,RG,1750,25,F,AK,YP,D
14:30:53,MYOR,RG,1750,1,F,AK,XC,D
14:30:53,MYOR,RG,1750,8,F,AK,KZ,F
14:30:52,MYOR,RG,1750,15,D,PD,KZ,F
14:30:52,MYOR,RG,1750,125,D,PD,YP,D
14:30:52,MYOR,RG,1750,2,D,PD,DR,D
14:30:52,MYOR,RG,1750,88,D,PD,KZ,F
14:30:52,MYOR,RG,1750,287,D,PD,KZ,F
14:30:52,MYOR,RG,1750,284,D,PD,KZ,F
14:30:52,MYOR,RG,1750,154,D,PD,KZ,F
14:30:52,MYOR,RG,1750,3,D,PD,KZ,F
14:30:52,MYOR,RG,1750,3,D,PD,AZ,D
14:30:52,MYOR,RG,1750,20,D,PD,PD,D
14:30:52,MYOR,RG,1750,200,D,PD,TP,D
14:30:52,MYOR,RG,1750,13,D,PD,YP,D
14:30:52,MYOR,RG,1750,2,D,PD,BB,D
14:30:52,MYOR,RG,1750,1,D,PD,NI,D
14:30:52,MYOR,RG,1750,7,D,PD,XC,D
14:30:52,MYOR,RG,1750,27,D,PD,XC,D
14:30:52,MYOR,RG,1750,152,D,PD,CC,D
14:30:52,MYOR,RG,1750,115,D,PD,CC,D
14:30:51,MYOR,RG,1750,5,D,PD,CC,D
14:30:44,MYOR,RG,1750,5,D,OD,CC,D
14:30:40,MYOR,RG,1750,5,D,CC,CC,D
14:30:19,MYOR,RG,1750,72,F,AK,CC,D
14:30:19,MYOR,RG,1750,20,D,LG,CC,D
14:30:19,MYOR,RG,1750,6,D,LG,KZ,F
14:30:19,MYOR,RG,1750,5,D,LG,YP,D
14:30:19,MYOR,RG,1750,1,D,LG,CC,D
14:30:19,MYOR,RG,1750,1,D,LG,YP,D
14:30:19,MYOR,RG,1750,5,D,LG,XC,D
14:30:19,MYOR,RG,1750,24,D,LG,XC,D
14:30:19,MYOR,RG,1750,50,D,LG,YP,D
14:30:19,MYOR,RG,1750,1,D,LG,AT,D
14:30:19,MYOR,RG,1750,1,D,LG,DH,D
14:30:19,MYOR,RG,1750,2,D,LG,DR,D
14:30:19,MYOR,RG,1750,13,D,LG,KZ,F
14:30:19,MYOR,RG,1750,25,D,LG,YP,D
14:30:19,MYOR,RG,1750,302,D,LG,KZ,F
14:30:19,MYOR,RG,1750,5,D,LG,XC,D
14:30:19,MYOR,RG,1750,20,D,LG,XC,D
14:30:19,MYOR,RG,1750,3,D,LG,CC,D
14:30:19,MYOR,RG,1750,6,D,LG,XC,D
14:30:19,MYOR,RG,1750,5,D,LG,NI,D
14:30:19,MYOR,RG,1750,25,D,LG,KK,D
14:30:19,MYOR,RG,1750,4,D,LG,XC,D
14:30:19,MYOR,RG,1750,27,D,LG,NI,D
14:30:19,MYOR,RG,1750,1,D,LG,PD,D
14:30:19,MYOR,RG,1750,1,D,LG,PD,D
14:30:19,MYOR,RG,1750,11,D,LG,YP,D
14:30:19,MYOR,RG,1750,5,D,LG,HP,D
14:30:19,MYOR,RG,1750,2,D,LG,PD,D
14:30:19,MYOR,RG,1750,2,D,LG,PD,D
14:30:19,MYOR,RG,1750,15,D,LG,YP,D
14:30:19,MYOR,RG,1750,5,D,LG,YU,D
14:30:19,MYOR,RG,1750,50,D,LG,GR,D
14:30:19,MYOR,RG,1750,5,D,LG,XC,D
14:30:19,MYOR,RG,1750,10,D,LG,PD,D
14:30:19,MYOR,RG,1750,10,D,LG,SQ,D
14:30:19,MYOR,RG,1750,13,D,LG,XC,D
14:30:19,MYOR,RG,1750,1,D,LG,XL,D
14:30:19,MYOR,RG,1750,3,D,LG,KK,D
14:30:19,MYOR,RG,1750,6,D,LG,PD,D
14:30:19,MYOR,RG,1750,1,D,LG,PD,D
14:30:19,MYOR,RG,1750,20,D,LG,EP,D
14:30:19,MYOR,RG,1750,1,D,LG,XC,D
14:30:19,MYOR,RG,1750,3,D,LG,YP,D
14:30:19,MYOR,RG,1750,10,D,LG,PD,D
14:30:19,MYOR,RG,1750,12,D,LG,NI,D
14:30:19,MYOR,RG,1750,10,D,LG,CC,D
14:30:19,MYOR,RG,1750,2,D,LG,YP,D
14:30:19,MYOR,RG,1750,7,D,LG,KK,D
14:30:19,MYOR,RG,1750,8,D,LG,XC,D
14:30:19,MYOR,RG,1750,3,D,LG,PD,D
14:30:19,MYOR,RG,1750,5,D,LG,PD,D
14:30:19,MYOR,RG,1750,5,D,LG,YP,D
14:30:19,MYOR,RG,1750,100,D,LG,KK,D
14:30:19,MYOR,RG,1750,60,D,LG,KK,D
14:30:19,MYOR,RG,1750,50,D,LG,CP,D
14:30:19,MYOR,RG,1750,12,D,LG,XA,D
14:30:06,MYOR,RG,1745,50,D,PD,NI,D
14:29:58,MYOR,RG,1745,96,D,PD,AK,F
14:29:58,MYOR,RG,1745,116,D,PD,CC,F
14:29:58,MYOR,RG,1745,30,D,PD,EP,D
14:29:58,MYOR,RG,1745,17,D,PD,KZ,F
14:29:58,MYOR,RG,1745,67,D,PD,KZ,F
14:29:58,MYOR,RG,1745,9,D,PD,CC,D
14:29:52,MYOR,RG,1745,5,D,XL,CC,D
14:29:52,MYOR,RG,1745,181,D,OD,KZ,F
14:29:47,MYOR,RG,1745,10,D,OD,PD,D
14:29:47,MYOR,RG,1745,10,D,OD,NI,D
14:29:47,MYOR,RG,1745,18,D,OD,KZ,F
14:29:47,MYOR,RG,1745,1,D,OD,KZ,F
14:29:47,MYOR,RG,1745,70,D,OD,KZ,F
14:29:47,MYOR,RG,1745,44,D,OD,EP,D
14:29:47,MYOR,RG,1745,30,D,OD,YB,D
14:29:47,MYOR,RG,1745,10,D,OD,YP,D
14:29:47,MYOR,RG,1745,40,D,OD,XA,D
14:29:47,MYOR,RG,1745,53,D,OD,KZ,F
14:29:47,MYOR,RG,1745,6,D,OD,XC,D
14:29:47,MYOR,RG,1745,100,D,OD,YP,D
14:29:46,MYOR,RG,1740,1,D,PD,XL,D
14:29:19,MYOR,RG,1745,120,D,CC,AK,F
14:29:18,MYOR,RG,1745,22,D,CC,XC,D
14:29:18,MYOR,RG,1745,2,D,PD,XC,D
14:29:18,MYOR,RG,1745,1,F,AK,XC,D
14:29:18,MYOR,RG,1745,6,D,XC,XC,D
14:29:16,MYOR,RG,1745,4,F,AK,XC,D
14:28:57,MYOR,RG,1745,10,D,GR,DX,D
14:28:57,MYOR,RG,1745,90,D,HP,DX,D
14:28:54,MYOR,RG,1745,1,D,XL,NI,D
14:28:54,MYOR,RG,1745,1,D,KK,NI,D
14:28:54,MYOR,RG,1745,1,F,AK,NI,D
14:28:54,MYOR,RG,1745,1,F,AK,NI,D
14:28:54,MYOR,RG,1745,1,D,YP,NI,D
14:28:40,MYOR,RG,1745,10,F,AK,YP,D
14:28:34,MYOR,RG,1750,1,D,XC,XA,D
14:28:31,MYOR,RG,1750,1,D,XC,XA,D
14:28:23,MYOR,RG,1745,111,F,AK,KZ,F
14:28:23,MYOR,RG,1745,91,D,YU,KZ,F
14:28:23,MYOR,RG,1745,284,D,PD,KZ,F
14:28:16,MYOR,RG,1750,9,D,PD,XA,D
14:28:16,MYOR,RG,1750,1,D,PD,YB,D
14:28:15,MYOR,RG,1745,5,D,PD,YP,D
14:28:15,MYOR,RG,1745,2,D,PD,LS,D
14:28:15,MYOR,RG,1745,1,D,PD,KZ,F
14:28:15,MYOR,RG,1745,15,D,PD,KZ,F
14:28:14,MYOR,RG,1745,27,D,PD,KZ,F
14:28:14,MYOR,RG,1745,6,D,PD,KZ,F
14:28:14,MYOR,RG,1745,1,D,PD,BB,D
14:28:14,MYOR,RG,1745,20,D,PD,TF,D
14:28:14,MYOR,RG,1745,13,D,PD,PD,D
14:28:14,MYOR,RG,1745,1,D,PD,PD,D
14:28:14,MYOR,RG,1745,30,D,PD,PD,D
14:28:14,MYOR,RG,1745,5,D,PD,PD,D
14:28:14,MYOR,RG,1745,3,D,PD,SQ,D
14:28:14,MYOR,RG,1745,2,D,PD,XC,D
14:28:14,MYOR,RG,1745,5,D,PD,PD,D
14:28:14,MYOR,RG,1745,20,D,PD,HP,D
14:28:14,MYOR,RG,1745,456,D,PD,KZ,F
14:28:14,MYOR,RG,1745,375,D,PD,EP,D
14:28:14,MYOR,RG,1745,10,D,PD,KK,D
14:28:14,MYOR,RG,1745,5,D,PD,YP,D
14:28:14,MYOR,RG,1745,2,D,PD,YU,D
14:28:14,MYOR,RG,1745,500,D,PD,DH,D
14:28:14,MYOR,RG,1745,1,D,PD,XL,D
14:28:14,MYOR,RG,1745,56,D,PD,PD,D
14:28:14,MYOR,RG,1745,44,D,PD,PD,D
14:28:14,MYOR,RG,1745,1,D,PD,YP,D
14:28:14,MYOR,RG,1745,3,D,PD,YP,D
14:28:14,MYOR,RG,1745,105,D,PD,KZ,F
14:27:55,MYOR,RG,1745,14,D,KK,KZ,F
14:27:49,MYOR,RG,1745,1,D,EP,KZ,F
14:27:48,MYOR,RG,1740,3,D,PD,XC,D
14:27:45,MYOR,RG,1745,1,D,EP,KZ,F
14:27:38,MYOR,RG,1740,35,D,PD,NI,D
14:27:38,MYOR,RG,1740,4,D,PD,NI,D
14:27:38,MYOR,RG,1740,2,D,PD,LS,D
14:27:38,MYOR,RG,1740,38,D,PD,KZ,F
14:27:38,MYOR,RG,1740,87,D,PD,KZ,F
14:27:38,MYOR,RG,1740,3,D,PD,KZ,F
14:27:38,MYOR,RG,1740,1,D,PD,SQ,D
14:27:38,MYOR,RG,1740,5,D,PD,NI,D
14:27:38,MYOR,RG,1740,24,D,PD,PD,D
14:27:38,MYOR,RG,1740,1,D,PD,EP,D
14:27:38,MYOR,RG,1740,4,D,PD,XL,D
14:27:38,MYOR,RG,1740,60,D,PD,CC,D
14:27:38,MYOR,RG,1740,728,D,PD,KZ,F
14:27:38,MYOR,RG,1740,50,D,PD,DR,D
14:27:38,MYOR,RG,1740,2,D,PD,PD,D
14:27:38,MYOR,RG,1740,10,D,PD,PD,D
14:27:38,MYOR,RG,1740,3,D,PD,PD,D
14:27:38,MYOR,RG,1740,2,D,PD,DR,D
14:27:38,MYOR,RG,1740,60,D,PD,LG,D
14:27:38,MYOR,RG,1740,1,D,PD,BB,D
14:27:38,MYOR,RG,1740,20,D,PD,PD,D
14:27:38,MYOR,RG,1740,2,D,PD,DR,D
14:27:38,MYOR,RG,1740,6,D,PD,KZ,F
14:27:38,MYOR,RG,1740,84,D,PD,KZ,F
14:27:38,MYOR,RG,1740,9,D,PD,KZ,F
14:27:38,MYOR,RG,1740,106,D,PD,KZ,F
14:27:15,MYOR,RG,1735,1,D,LG,BB,D
14:27:09,MYOR,RG,1740,20,D,XL,KZ,F
14:27:08,MYOR,RG,1735,42,D,LG,PD,D
14:27:02,MYOR,RG,1740,1,D,XC,KZ,F
14:27:02,MYOR,RG,1740,35,D,XC,KZ,F
14:27:02,MYOR,RG,1740,3,D,XC,KZ,F
14:27:02,MYOR,RG,1740,5,D,XC,KK,D
14:26:54,MYOR,RG,1740,1,D,PD,KK,D
14:26:47,MYOR,RG,1740,10,D,NI,KK,D
14:26:40,MYOR,RG,1735,11,D,LG,KZ,F
14:26:38,MYOR,RG,1735,100,D,LG,PD,D
14:26:38,MYOR,RG,1735,14,D,LG,LG,D
14:26:32,MYOR,RG,1740,5,D,PD,KK,D
14:26:30,MYOR,RG,1735,5,D,LG,NI,D
14:26:26,MYOR,RG,1735,2,D,LG,DR,D
14:25:49,MYOR,RG,1735,1,D,LG,BB,D
14:25:29,MYOR,RG,1735,462,D,LG,XC,D
14:25:26,MYOR,RG,1735,5,D,LG,YP,D
14:25:26,MYOR,RG,1735,4,D,LG,KZ,F
14:25:26,MYOR,RG,1735,5,D,LG,PD,D
14:25:26,MYOR,RG,1735,4,D,LG,XC,D
14:25:12,MYOR,RG,1735,2,D,CC,SQ,D
14:25:11,MYOR,RG,1735,25,D,EP,KZ,F
14:25:11,MYOR,RG,1735,211,D,OD,KZ,F
14:25:11,MYOR,RG,1735,65,D,YU,KZ,F
14:25:11,MYOR,RG,1735,1,F,AK,KZ,F
14:25:11,MYOR,RG,1735,1,D,EP,KZ,F
14:25:11,MYOR,RG,1735,5,D,TP,KZ,F
14:25:11,MYOR,RG,1735,1,D,XC,KZ,F
14:25:11,MYOR,RG,1735,100,D,YP,KZ,F
14:25:11,MYOR,RG,1735,10,D,YP,KZ,F
14:25:11,MYOR,RG,1735,10,D,YP,KZ,F
14:25:11,MYOR,RG,1735,1,F,AK,KZ,F
14:25:11,MYOR,RG,1735,10,D,XC,KZ,F
14:25:11,MYOR,RG,1735,10,D,YP,KZ,F
14:25:11,MYOR,RG,1735,18,D,XC,KZ,F
14:25:11,MYOR,RG,1735,217,D,GR,KZ,F
14:25:01,MYOR,RG,1735,8,D,GR,XC,D
14:24:49,MYOR,RG,1740,5,D,XC,KK,D
14:24:43,MYOR,RG,1735,25,D,GR,MU,D
14:24:42,MYOR,RG,1735,5,D,GR,PD,D
14:24:29,MYOR,RG,1735,45,D,GR,TF,D
14:24:29,MYOR,RG,1735,25,D,LG,TF,D
14:24:26,MYOR,RG,1740,3,D,TP,KK,D
14:24:22,MYOR,RG,1735,1,D,LG,BB,D
14:24:10,MYOR,RG,1740,10,D,YP,KK,D
14:23:54,MYOR,RG,1740,10,D,PD,KK,D
14:23:50,MYOR,RG,1735,13,D,LG,DH,D
14:23:49,MYOR,RG,1740,1,D,YP,KK,D
14:23:49,MYOR,RG,1740,9,D,YP,PD,D
14:23:43,MYOR,RG,1735,11,D,LG,CC,D
14:23:41,MYOR,RG,1740,10,D,YP,PD,D
14:23:41,MYOR,RG,1735,2,D,LG,CC,D
14:23:36,MYOR,RG,1740,1,D,KK,PD,D
14:23:36,MYOR,RG,1740,10,D,PD,PD,D
14:23:32,MYOR,RG,1745,2,D,XL,KZ,F
14:23:31,MYOR,RG,1740,100,D,YP,AK,F
14:23:31,MYOR,RG,1740,1,F,AK,AK,F
14:23:31,MYOR,RG,1740,10,D,PD,AK,F
14:23:31,MYOR,RG,1740,2,F,AK,AK,F
14:23:31,MYOR,RG,1740,25,D,YP,AK,F
14:23:31,MYOR,RG,1740,56,D,OD,AK,F
14:23:29,MYOR,RG,1740,195,D,OD,AK,F
14:23:29,MYOR,RG,1740,200,D,OD,CC,D
14:23:28,MYOR,RG,1745,1,D,GR,KZ,F
14:23:23,MYOR,RG,1740,10,D,OD,SQ,D
14:23:18,MYOR,RG,1740,1,D,OD,DR,D
14:23:09,MYOR,RG,1740,15,D,OD,KZ,F
14:23:09,MYOR,RG,1740,23,D,OD,YP,D
14:23:07,MYOR,RG,1740,1,D,YP,YP,D
14:23:07,MYOR,RG,1740,5,D,YP,YP,D
14:23:00,MYOR,RG,1740,93,D,YU,AK,F
14:23:00,MYOR,RG,1740,1,F,AK,AK,F
14:23:00,MYOR,RG,1740,1,F,AK,AK,F
14:23:00,MYOR,RG,1740,94,D,LG,AK,F
14:22:58,MYOR,RG,1740,6,D,LG,YP,D
14:22:51,MYOR,RG,1740,83,D,OD,AK,F
14:22:50,MYOR,RG,1740,89,D,OD,AK,F
14:22:50,MYOR,RG,1740,21,D,OD,KZ,F
14:22:50,MYOR,RG,1740,2,D,OD,PD,D
14:22:50,MYOR,RG,1740,102,D,OD,KZ,F
14:22:50,MYOR,RG,1740,89,D,OD,AK,F
14:22:50,MYOR,RG,1740,10,D,OD,PD,D
14:22:50,MYOR,RG,1740,32,D,OD,YP,D
14:22:50,MYOR,RG,1740,3,D,OD,KZ,F
14:22:50,MYOR,RG,1740,2,D,OD,KZ,F
14:22:50,MYOR,RG,1740,12,D,OD,CC,D
14:22:50,MYOR,RG,1740,2,D,OD,XC,D
14:22:50,MYOR,RG,1740,5,D,OD,PD,D
14:22:50,MYOR,RG,1740,1,D,OD,XL,D
14:22:50,MYOR,RG,1740,15,D,OD,KK,D
14:22:50,MYOR,RG,1740,5,D,OD,CC,D
14:22:50,MYOR,RG,1740,15,D,OD,DH,D
14:22:50,MYOR,RG,1740,10,D,OD,CC,D
14:22:50,MYOR,RG,1740,2,D,OD,PD,D
14:22:46,MYOR,RG,1735,89,D,LG,AK,F
14:22:46,MYOR,RG,1735,56,D,LG,KZ,F
14:22:46,MYOR,RG,1735,89,D,LG,AK,F
14:22:46,MYOR,RG,1735,14,D,LG,NI,D
14:22:46,MYOR,RG,1735,6,D,XL,NI,D
14:22:35,MYOR,RG,1740,18,D,YP,PD,D
14:22:35,MYOR,RG,1740,1,D,YP,KZ,F
14:22:35,MYOR,RG,1740,28,D,YP,KZ,F
14:22:35,MYOR,RG,1735,10,D,YP,CC,D
14:22:27,MYOR,RG,1735,8,D,YP,KZ,F
14:22:19,MYOR,RG,1735,5,D,YP,KZ,F
14:22:14,MYOR,RG,1735,5,D,YP,KZ,F
14:22:13,MYOR,RG,1735,1,D,BQ,KZ,F
14:22:13,MYOR,RG,1735,7,D,BQ,YP,D
14:22:10,MYOR,RG,1735,5,D,YP,YP,D
14:22:08,MYOR,RG,1735,28,D,GR,YP,D
14:22:08,MYOR,RG,1735,206,D,GR,KZ,F
14:22:08,MYOR,RG,1735,1,D,GR,XC,D
14:22:08,MYOR,RG,1735,1,D,GR,BB,D
14:22:08,MYOR,RG,1735,9,D,GR,KZ,F
14:22:08,MYOR,RG,1735,61,D,GR,KZ,F
14:22:08,MYOR,RG,1735,375,D,GR,EP,D
14:22:08,MYOR,RG,1735,10,D,GR,YP,D
14:22:08,MYOR,RG,1735,9,D,GR,CC,D
14:22:00,MYOR,RG,1735,1,D,XC,CC,D
14:22:00,MYOR,RG,1735,1,D,XC,CC,D
14:22:00,MYOR,RG,1735,1,D,XC,OD,D
14:21:55,MYOR,RG,1730,9,D,LG,YP,D
14:21:48,MYOR,RG,1735,4,D,YU,OD,D
14:21:48,MYOR,RG,1735,35,D,YU,KZ,F
14:21:48,MYOR,RG,1735,17,D,YU,KZ,F
14:21:41,MYOR,RG,1735,12,D,YP,KZ,F
14:21:32,MYOR,RG,1735,1,D,YP,KZ,F
14:21:20,MYOR,RG,1730,25,D,LG,OD,D
14:21:20,MYOR,RG,1730,22,D,LG,KZ,F
14:21:14,MYOR,RG,1730,1,F,AK,KZ,F
14:21:14,MYOR,RG,1730,1,F,AK,KZ,F
14:21:14,MYOR,RG,1730,10,D,YP,KZ,F
14:21:14,MYOR,RG,1730,211,D,LG,KZ,F
14:21:03,MYOR,RG,1730,300,D,LG,GR,D
14:21:03,MYOR,RG,1730,55,D,LG,NI,D
14:21:03,MYOR,RG,1730,4,D,LG,YP,D
14:21:03,MYOR,RG,1730,4,D,LG,XC,D
14:21:03,MYOR,RG,1730,28,D,LG,EP,D
14:21:03,MYOR,RG,1730,74,D,LG,KZ,F
14:21:03,MYOR,RG,1730,1175,D,LG,KZ,F
14:21:03,MYOR,RG,1730,9,D,LG,KZ,F
14:21:03,MYOR,RG,1730,10,D,LG,CC,D
14:21:03,MYOR,RG,1730,3,D,LG,NI,D
14:21:03,MYOR,RG,1730,3,D,LG,XL,D
14:21:03,MYOR,RG,1730,1,D,LG,KZ,F
14:21:03,MYOR,RG,1730,123,D,LG,KZ,F
14:20:48,MYOR,RG,1725,30,D,OD,KK,D
14:20:45,MYOR,RG,1730,3,D,YP,KZ,F
14:20:44,MYOR,RG,1725,40,D,OD,DR,D
14:20:43,MYOR,RG,1725,1,D,OD,XC,D
14:20:41,MYOR,RG,1730,3,D,SQ,KZ,F
14:20:30,MYOR,RG,1725,24,D,OD,NI,D
14:20:30,MYOR,RG,1725,2,D,PD,NI,D
14:20:30,MYOR,RG,1725,32,F,DX,NI,D
14:20:30,MYOR,RG,1725,1,D,YP,DR,D
14:20:30,MYOR,RG,1725,3,D,YP,DR,D
14:20:30,MYOR,RG,1725,1,F,DX,DR,D
14:20:22,MYOR,RG,1730,1,D,EP,KZ,F
14:20:05,MYOR,RG,1725,2,F,DX,PD,D
14:20:04,MYOR,RG,1730,50,D,YP,KZ,F
14:19:59,MYOR,RG,1725,10,F,DX,PD,D
14:19:45,MYOR,RG,1725,25,F,DX,PD,D
14:19:40,MYOR,RG,1725,5,F,DX,DR,D
14:19:36,MYOR,RG,1725,10,F,DX,YP,D
14:19:35,MYOR,RG,1730,1,D,EP,KZ,F
14:19:24,MYOR,RG,1730,1,D,XC,KZ,F
14:19:19,MYOR,RG,1730,2,D,DH,KZ,F
14:19:19,MYOR,RG,1730,3,D,DH,SQ,D
14:19:07,MYOR,RG,1730,1,F,AK,SQ,D
14:19:06,MYOR,RG,1730,10,D,YP,SQ,D
14:19:06,MYOR,RG,1730,1,F,AK,SQ,D
14:19:06,MYOR,RG,1730,15,D,PD,SQ,D
14:19:05,MYOR,RG,1730,5,D,PD,DR,D
14:18:56,MYOR,RG,1735,1,D,EP,KZ,F
14:18:45,MYOR,RG,1735,1,D,EP,KZ,F
14:18:44,MYOR,RG,1730,5,D,PD,AT,D
14:18:41,MYOR,RG,1730,25,D,PD,BQ,D
14:18:41,MYOR,RG,1730,8,D,XC,BQ,D
14:18:41,MYOR,RG,1730,44,D,YP,BQ,D
14:18:41,MYOR,RG,1730,10,D,PD,BQ,D
14:18:41,MYOR,RG,1730,5,D,MK,BQ,D
14:18:41,MYOR,RG,1730,1,F,AK,BQ,D
14:18:41,MYOR,RG,1730,10,D,PD,BQ,D
14:18:41,MYOR,RG,1730,15,D,CC,BQ,D
14:18:41,MYOR,RG,1730,30,D,PD,BQ,D
14:18:41,MYOR,RG,1730,1,F,AK,BQ,D
14:18:41,MYOR,RG,1730,24,D,XC,BQ,D
14:18:41,MYOR,RG,1730,1,D,XL,BQ,D
14:18:41,MYOR,RG,1730,26,D,OD,BQ,D
14:18:36,MYOR,RG,1735,1,D,XC,KZ,F
14:18:34,MYOR,RG,1735,5,D,BQ,KZ,F
14:18:33,MYOR,RG,1735,1,D,XC,KZ,F
14:18:32,MYOR,RG,1735,37,D,KK,KZ,F
14:18:32,MYOR,RG,1735,113,D,KK,AK,F
14:18:27,MYOR,RG,1735,12,D,YP,AK,F
14:18:27,MYOR,RG,1735,8,D,YP,KZ,F
14:18:26,MYOR,RG,1735,1,D,YP,KZ,F
14:18:25,MYOR,RG,1730,10,D,OD,CC,D
14:18:20,MYOR,RG,1735,5,D,PD,KZ,F
14:18:20,MYOR,RG,1735,10,D,CC,KZ,F
14:18:20,MYOR,RG,1735,10,D,PD,KZ,F
14:18:14,MYOR,RG,1735,30,D,YB,KZ,F
14:18:05,MYOR,RG,1745,4,D,YU,KZ,F
14:18:05,MYOR,RG,1745,1000,D,YU,PG,D
14:18:05,MYOR,RG,1745,1,D,YU,AT,D
14:18:05,MYOR,RG,1745,200,D,YU,YP,D
14:18:05,MYOR,RG,1745,2,D,YU,LG,D
14:18:05,MYOR,RG,1745,2,D,YU,XL,D
14:18:05,MYOR,RG,1745,2,D,YU,PD,D
14:18:05,MYOR,RG,1745,100,D,YU,YP,D
14:18:05,MYOR,RG,1745,13,D,YU,NI,D
14:18:05,MYOR,RG,1745,450,D,YU,YP,D
14:18:05,MYOR,RG,1745,10,D,YU,CC,D
14:18:05,MYOR,RG,1745,1,D,YU,AT,D
14:18:05,MYOR,RG,1740,100,D,YU,PD,D
14:18:05,MYOR,RG,1740,70,D,YU,KZ,F
14:18:05,MYOR,RG,1740,148,D,YU,KZ,F
14:18:05,MYOR,RG,1740,160,D,YU,AK,F
14:18:05,MYOR,RG,1740,47,D,YU,KZ,F
14:18:05,MYOR,RG,1740,5,D,YU,PD,D
14:18:05,MYOR,RG,1740,1,D,YU,YP,D
14:18:05,MYOR,RG,1740,1,D,YU,KZ,F
14:18:05,MYOR,RG,1740,1,D,YU,XC,D
14:18:05,MYOR,RG,1740,233,D,YU,KZ,F
14:18:05,MYOR,RG,1740,5,D,YU,XA,D
14:18:05,MYOR,RG,1740,3,D,YU,PD,D
14:18:05,MYOR,RG,1740,25,D,YU,YP,D
14:18:05,MYOR,RG,1740,10,D,YU,KK,D
14:18:05,MYOR,RG,1740,2,D,YU,PD,D
14:18:05,MYOR,RG,1740,2,D,YU,LG,D
14:18:05,MYOR,RG,1740,3,D,YU,YU,D
14:18:05,MYOR,RG,1740,5,D,YU,YU,D
14:18:05,MYOR,RG,1740,10,D,YU,CC,D
14:18:05,MYOR,RG,1740,50,D,YU,GR,D
14:18:05,MYOR,RG,1740,45,D,YU,YP,D
14:18:05,MYOR,RG,1740,7,D,YU,YP,D
14:18:05,MYOR,RG,1740,1,D,YU,PD,D
14:18:05,MYOR,RG,1740,10,D,YU,YP,D
14:18:05,MYOR,RG,1740,50,D,YU,NI,D
14:18:05,MYOR,RG,1740,1,D,YU,PD,D
14:18:05,MYOR,RG,1740,1,D,YU,CC,D
14:18:05,MYOR,RG,1740,19,D,YU,DH,D
14:17:57,MYOR,RG,1740,130,D,YP,DH,D
14:17:52,MYOR,RG,1740,31,D,YU,DH,D
14:17:52,MYOR,RG,1740,3,D,YU,YP,D
14:17:52,MYOR,RG,1740,6,D,YU,YP,D
14:17:52,MYOR,RG,1740,10,D,YU,CC,D
14:17:52,MYOR,RG,1740,4,D,YU,PD,D
14:17:52,MYOR,RG,1740,1,D,YU,XC,D
14:17:52,MYOR,RG,1735,10,D,YU,PD,D
14:17:52,MYOR,RG,1735,15,D,YU,KZ,F
14:17:52,MYOR,RG,1735,3,D,YU,KZ,F
14:17:52,MYOR,RG,1735,26,D,YU,KZ,F
14:17:52,MYOR,RG,1735,1,D,YU,XC,D
14:17:52,MYOR,RG,1735,93,D,YU,KZ,F
14:17:52,MYOR,RG,1735,21,D,YU,YP,D
14:17:52,MYOR,RG,1735,51,D,YU,KZ,F
14:17:52,MYOR,RG,1735,100,D,YU,YP,D
14:17:52,MYOR,RG,1735,140,D,YU,AK,F
14:17:52,MYOR,RG,1735,1,D,YU,XC,D
14:17:52,MYOR,RG,1735,25,D,YU,YP,D
14:17:52,MYOR,RG,1735,2,D,YU,PD,D
14:17:52,MYOR,RG,1735,5,D,YU,EP,D
14:17:52,MYOR,RG,1735,52,D,YU,DH,D
14:17:47,MYOR,RG,1735,5,D,PD,DH,D
14:17:46,MYOR,RG,1730,213,D,OD,AK,F
14:17:46,MYOR,RG,1730,29,D,OD,XA,D
14:17:41,MYOR,RG,1730,5,D,OD,XC,D
14:17:40,MYOR,RG,1730,48,D,OD,XL,D
14:17:29,MYOR,RG,1730,1,D,OD,YP,D
14:17:29,MYOR,RG,1730,168,D,OD,KZ,F
14:17:27,MYOR,RG,1730,10,D,YP,KZ,F
14:17:25,MYOR,RG,1730,145,F,AK,KZ,F
14:17:25,MYOR,RG,1730,55,D,YP,KZ,F
14:17:25,MYOR,RG,1730,45,D,YP,KZ,F
14:17:11,MYOR,RG,1730,297,D,YU,KZ,F
14:17:11,MYOR,RG,1730,140,D,YU,AK,F
14:17:11,MYOR,RG,1730,63,D,YU,KZ,F
14:17:07,MYOR,RG,1730,15,D,XL,KZ,F
14:17:04,MYOR,RG,1730,2,D,NI,KZ,F
14:16:54,MYOR,RG,1730,10,D,YP,KZ,F
14:16:53,MYOR,RG,1730,11,D,YP,DH,D
14:16:53,MYOR,RG,1730,2,F,AK,DH,D
14:16:53,MYOR,RG,1730,15,D,YB,DH,D
14:16:53,MYOR,RG,1730,22,D,YP,DH,D
14:16:51,MYOR,RG,1730,78,D,YP,KZ,F
14:16:51,MYOR,RG,1730,1,F,AK,KZ,F
14:16:51,MYOR,RG,1730,1,F,AK,KZ,F
14:16:51,MYOR,RG,1730,11,D,YP,KZ,F
14:16:50,MYOR,RG,1730,40,D,YP,PD,D
14:16:50,MYOR,RG,1730,5,D,YP,AT,D
14:16:50,MYOR,RG,1735,443,D,YP,DH,D
14:16:50,MYOR,RG,1735,1,D,YP,PD,D
14:16:50,MYOR,RG,1735,2,D,YP,LG,D
14:16:50,MYOR,RG,1735,1,D,YP,PD,D
14:16:50,MYOR,RG,1735,36,D,YP,PD,D
14:16:50,MYOR,RG,1735,17,D,YP,SS,D
14:16:47,MYOR,RG,1730,1,D,YP,CC,D
14:16:45,MYOR,RG,1735,483,D,YU,SS,D
14:16:45,MYOR,RG,1735,1,D,YU,PD,D
14:16:45,MYOR,RG,1735,10,D,YU,CC,D
14:16:45,MYOR,RG,1735,5,D,YU,CP,D
14:16:45,MYOR,RG,1735,1,D,YU,XC,D
14:16:45,MYOR,RG,1730,43,D,YP,KZ,F
14:16:45,MYOR,RG,1730,157,D,PG,KZ,F
14:16:45,MYOR,RG,1730,1,D,PG,NI,D
14:16:40,MYOR,RG,1730,54,D,PG,KZ,F
14:16:40,MYOR,RG,1730,3,D,PG,KZ,F
14:16:40,MYOR,RG,1730,1,D,PG,XC,D
14:16:40,MYOR,RG,1730,16,D,PG,KZ,F
14:16:40,MYOR,RG,1730,62,D,PG,YP,D
14:16:40,MYOR,RG,1730,1,D,PG,BB,D
14:16:40,MYOR,RG,1730,2,D,PG,XC,D
14:16:40,MYOR,RG,1730,1,D,PG,XC,D
14:16:40,MYOR,RG,1730,20,D,PG,CC,D
14:16:40,MYOR,RG,1730,5,D,PG,YP,D
14:16:40,MYOR,RG,1730,5,D,PG,YP,D
14:16:40,MYOR,RG,1730,3,D,PG,KZ,F
14:16:40,MYOR,RG,1730,91,D,PG,KZ,F
14:16:40,MYOR,RG,1730,4,D,PG,YP,D
14:16:40,MYOR,RG,1730,15,D,PG,NI,D
14:16:40,MYOR,RG,1730,553,D,PG,KZ,F
14:16:40,MYOR,RG,1730,6,D,PG,YP,D
14:16:38,MYOR,RG,1730,2,D,XC,YP,D
14:16:37,MYOR,RG,1725,1,F,DX,KZ,F
14:16:37,MYOR,RG,1725,11,D,CC,KZ,F
14:16:35,MYOR,RG,1730,92,D,YP,YP,D
14:16:35,MYOR,RG,1730,1,D,YP,PD,D
14:16:35,MYOR,RG,1730,7,D,YP,XC,D
14:16:27,MYOR,RG,1730,3,D,YP,XC,D
14:16:27,MYOR,RG,1730,2,D,YP,YU,D
14:16:27,MYOR,RG,1730,25,D,YP,YP,D
14:16:27,MYOR,RG,1730,10,D,YP,YJ,D
14:16:27,MYOR,RG,1730,50,D,YP,NI,D
14:16:27,MYOR,RG,1730,10,D,YP,CC,D
14:16:24,MYOR,RG,1725,5,D,CC,AT,D
14:16:17,MYOR,RG,1725,39,D,CC,KZ,F
14:16:17,MYOR,RG,1725,11,D,CC,KZ,F
14:16:17,MYOR,RG,1725,1,D,CC,BB,D
14:16:17,MYOR,RG,1725,6,D,CC,XC,D
14:16:17,MYOR,RG,1725,1,D,CC,XC,D
14:16:17,MYOR,RG,1725,50,D,CC,GR,D
14:16:17,MYOR,RG,1725,15,D,CC,YP,D
14:16:17,MYOR,RG,1725,48,D,CC,KZ,F
14:16:16,MYOR,RG,1725,10,D,DH,KZ,F
14:16:12,MYOR,RG,1725,12,D,YP,KZ,F
14:16:11,MYOR,RG,1725,12,D,YP,KZ,F
14:16:11,MYOR,RG,1725,12,D,YP,KZ,F
14:16:11,MYOR,RG,1725,12,D,YP,KZ,F
14:16:10,MYOR,RG,1725,78,F,DX,KZ,F
14:16:08,MYOR,RG,1725,12,D,YB,KZ,F
14:16:08,MYOR,RG,1725,18,D,YB,KZ,F
14:16:06,MYOR,RG,1725,26,D,CC,KZ,F
14:16:06,MYOR,RG,1725,20,D,CC,CC,D
14:16:06,MYOR,RG,1725,2,D,CC,PD,D
14:16:06,MYOR,RG,1725,3,D,CC,KZ,F
14:16:06,MYOR,RG,1725,43,D,CC,KZ,F
14:16:06,MYOR,RG,1725,1,D,CC,BB,D
14:16:06,MYOR,RG,1725,55,D,CC,KZ,F
14:16:04,MYOR,RG,1720,2,D,OD,XC,D
14:16:01,MYOR,RG,1725,10,D,YP,KZ,F
14:15:59,MYOR,RG,1725,10,D,PD,KZ,F
14:15:56,MYOR,RG,1725,10,D,YP,KZ,F
14:15:54,MYOR,RG,1720,13,D,OD,XC,D
14:15:49,MYOR,RG,1725,31,D,TF,KZ,F
14:15:49,MYOR,RG,1725,37,D,TF,XC,D
14:15:49,MYOR,RG,1725,2,D,TF,XC,D
14:15:44,MYOR,RG,1720,1,D,OD,HP,D
14:15:43,MYOR,RG,1725,20,D,PD,XC,D
14:15:39,MYOR,RG,1725,1,D,PD,XC,D
14:15:39,MYOR,RG,1725,5,D,PD,YP,D
14:15:39,MYOR,RG,1725,1,D,PD,PD,D
14:15:39,MYOR,RG,1725,1,D,PD,PD,D
14:15:26,MYOR,RG,1720,30,D,OD,KZ,F
14:15:19,MYOR,RG,1725,99,F,DX,KZ,F
14:15:19,MYOR,RG,1720,6,D,OD,KZ,F
14:15:19,MYOR,RG,1720,26,D,OD,KZ,F
14:15:19,MYOR,RG,1720,151,D,OD,KZ,F
14:15:19,MYOR,RG,1720,48,D,OD,KZ,F
14:15:19,MYOR,RG,1720,10,D,OD,CC,D
14:15:19,MYOR,RG,1720,24,D,OD,KZ,F
14:15:19,MYOR,RG,1720,46,D,OD,AZ,D
14:15:05,MYOR,RG,1715,5,D,OD,PD,D
14:14:55,MYOR,RG,1720,4,F,AK,KZ,F
14:14:55,MYOR,RG,1720,90,D,YU,KZ,F
14:14:55,MYOR,RG,1725,1,D,XL,KZ,F
14:14:49,MYOR,RG,1720,50,D,YU,GR,D
14:14:49,MYOR,RG,1720,5,D,BQ,GR,D
14:14:49,MYOR,RG,1720,6,D,NI,GR,D
14:14:49,MYOR,RG,1720,5,D,YP,GR,D
14:14:49,MYOR,RG,1720,2,D,XC,GR,D
14:14:49,MYOR,RG,1720,1,D,XL,GR,D
14:14:49,MYOR,RG,1720,1,F,AK,GR,D
14:14:49,MYOR,RG,1720,1,F,AK,GR,D
14:14:49,MYOR,RG,1720,14,D,YP,GR,D
14:14:49,MYOR,RG,1720,15,F,DX,GR,D
14:14:38,MYOR,RG,1720,1,F,DX,YP,D
14:14:38,MYOR,RG,1720,5,D,NI,YP,D
14:14:38,MYOR,RG,1720,9,D,SQ,YP,D
14:14:23,MYOR,RG,1720,5,D,SQ,AT,D
14:14:21,MYOR,RG,1720,1,D,SQ,XL,D
14:14:20,MYOR,RG,1720,10,D,SQ,PD,D
14:14:19,MYOR,RG,1725,67,F,DX,KZ,F
14:14:16,MYOR,RG,1725,33,D,YU,KZ,F
14:14:16,MYOR,RG,1725,100,D,YU,HP,D
14:14:16,MYOR,RG,1725,10,D,YU,AI,D
14:14:16,MYOR,RG,1725,7,D,YU,CP,D
14:14:16,MYOR,RG,1725,1,D,YU,XC,D
14:14:16,MYOR,RG,1725,1,D,YU,PD,D
14:14:16,MYOR,RG,1725,50,D,YU,AT,D
14:14:16,MYOR,RG,1725,1,D,YU,PD,D
14:14:16,MYOR,RG,1725,77,D,YU,YP,D
14:14:09,MYOR,RG,1725,1,F,DX,YP,D
14:14:09,MYOR,RG,1725,22,F,DX,YP,D
14:14:09,MYOR,RG,1725,25,F,DX,KK,D
14:14:08,MYOR,RG,1720,7,D,YU,KZ,F
14:14:08,MYOR,RG,1720,2,D,YU,XC,D
14:14:08,MYOR,RG,1720,2,D,YU,CC,D
14:14:08,MYOR,RG,1720,1,D,YU,PD,D
14:14:08,MYOR,RG,1720,5,D,YU,PD,D
14:14:08,MYOR,RG,1720,2,D,YU,KZ,F
14:14:08,MYOR,RG,1720,5,D,YU,AZ,D
14:14:08,MYOR,RG,1720,16,D,YU,KZ,F
14:14:08,MYOR,RG,1720,1,D,YU,XC,D
14:14:08,MYOR,RG,1720,16,D,YU,KZ,F
14:14:08,MYOR,RG,1720,60,D,YU,CC,D
14:14:08,MYOR,RG,1720,3,D,YU,KZ,F
14:14:07,MYOR,RG,1715,200,D,OD,ID,D
14:14:07,MYOR,RG,1720,1,D,YP,KZ,F
14:14:07,MYOR,RG,1720,25,D,YP,KZ,F
14:14:05,MYOR,RG,1720,1,D,YP,KZ,F
14:14:03,MYOR,RG,1720,2,D,XC,KZ,F
14:14:03,MYOR,RG,1720,1,D,YP,KZ,F
14:14:02,MYOR,RG,1720,20,D,YP,KZ,F
14:14:01,MYOR,RG,1720,15,D,PD,KZ,F
14:14:01,MYOR,RG,1720,1,D,YP,KZ,F
14:14:01,MYOR,RG,1720,1,D,EP,KZ,F
14:13:58,MYOR,RG,1720,100,D,YP,KZ,F
14:13:58,MYOR,RG,1720,10,D,MK,KZ,F
14:13:57,MYOR,RG,1720,40,D,YP,KZ,F
14:13:56,MYOR,RG,1720,160,D,YP,KZ,F
14:13:52,MYOR,RG,1720,1,D,EP,KZ,F
14:13:48,MYOR,RG,1720,20,D,PD,KZ,F
14:13:43,MYOR,RG,1720,30,D,YB,KZ,F
14:13:43,MYOR,RG,1715,13,D,OD,PD,D
14:13:42,MYOR,RG,1720,2,D,KK,KZ,F
14:13:37,MYOR,RG,1720,1,D,YP,KZ,F
14:13:34,MYOR,RG,1720,1,D,YP,KZ,F
14:13:34,MYOR,RG,1720,40,D,YP,KZ,F
14:13:32,MYOR,RG,1720,1,D,YP,KZ,F
14:13:20,MYOR,RG,1720,5,D,HP,KZ,F
14:13:16,MYOR,RG,1720,25,D,SQ,KZ,F
14:13:13,MYOR,RG,1720,2,D,PD,KZ,F
14:12:58,MYOR,RG,1715,18,D,OD,KZ,F
14:12:58,MYOR,RG,1715,30,D,OD,PD,D
14:12:58,MYOR,RG,1715,6,D,OD,NI,D
14:12:58,MYOR,RG,1715,10,D,OD,CC,D
14:12:58,MYOR,RG,1715,68,D,OD,KZ,F
14:12:58,MYOR,RG,1715,49,D,OD,KZ,F
14:12:58,MYOR,RG,1715,28,D,OD,PD,D
14:12:58,MYOR,RG,1715,47,D,CC,PD,D
14:12:58,MYOR,RG,1715,1,D,CC,XC,D
14:12:58,MYOR,RG,1715,1,D,CC,PD,D
14:12:58,MYOR,RG,1715,1,D,CC,KZ,F
14:12:58,MYOR,RG,1715,3,D,CC,BB,D
14:12:58,MYOR,RG,1715,88,D,CC,KZ,F
14:12:54,MYOR,RG,1715,4,D,XL,KZ,F
14:12:54,MYOR,RG,1715,15,D,XC,KZ,F
14:12:47,MYOR,RG,1710,2,D,LG,BB,D
14:12:41,MYOR,RG,1715,10,D,YP,KZ,F
14:12:37,MYOR,RG,1715,1,D,XC,KZ,F
14:12:31,MYOR,RG,1715,5,D,YP,KZ,F
14:12:29,MYOR,RG,1715,254,F,DX,KZ,F
14:12:28,MYOR,RG,1715,10,D,CC,KZ,F
14:12:28,MYOR,RG,1715,616,D,OD,KZ,F
14:12:28,MYOR,RG,1715,33,D,OD,AT,D
14:12:28,MYOR,RG,1715,10,D,OD,AT,D
14:12:28,MYOR,RG,1715,31,D,OD,KZ,F
14:12:28,MYOR,RG,1715,37,D,OD,CC,D
14:12:28,MYOR,RG,1715,20,D,OD,PD,D
14:12:28,MYOR,RG,1715,86,D,OD,KZ,F
14:12:28,MYOR,RG,1715,37,D,OD,KZ,F
14:12:28,MYOR,RG,1715,130,D,OD,AK,F
14:12:21,MYOR,RG,1715,1,D,GR,AK,F
14:12:08,MYOR,RG,1710,2,D,LG,KZ,F
14:12:07,MYOR,RG,1710,12,D,LG,XC,D
14:12:04,MYOR,RG,1710,4,D,LG,KZ,F
14:12:02,MYOR,RG,1715,25,F,DX,AK,F
14:12:02,MYOR,RG,1715,13,F,DX,KZ,F
14:12:00,MYOR,RG,1710,6,D,LG,KZ,F
14:11:58,MYOR,RG,1710,54,D,LG,XC,D
14:11:57,MYOR,RG,1715,4,D,IF,KZ,F
14:11:30,MYOR,RG,1710,1,D,LG,KZ,F
14:11:29,MYOR,RG,1710,5,D,LG,YP,D
14:11:20,MYOR,RG,1710,1,D,LG,CC,D
14:10:59,MYOR,RG,1715,1,D,PD,KZ,F
14:10:55,MYOR,RG,1710,29,D,LG,KZ,F
14:10:48,MYOR,RG,1715,50,D,YP,AK,F
14:10:48,MYOR,RG,1715,9,F,DX,AK,F
14:10:48,MYOR,RG,1715,4,F,DX,AK,F
14:10:48,MYOR,RG,1715,37,F,DX,KZ,F
14:10:48,MYOR,RG,1715,1,F,DX,KZ,F
14:10:48,MYOR,RG,1715,56,F,DX,KZ,F
14:10:47,MYOR,RG,1715,9,F,DX,KZ,F
14:10:47,MYOR,RG,1715,9,F,DX,AK,F
14:10:46,MYOR,RG,1715,1,F,DX,KZ,F
14:10:46,MYOR,RG,1715,156,F,DX,AK,F
14:10:46,MYOR,RG,1715,20,F,DX,KZ,F
14:10:45,MYOR,RG,1715,10,D,PD,KZ,F
14:10:44,MYOR,RG,1710,174,D,LG,KZ,F
14:10:43,MYOR,RG,1715,6,D,YP,KZ,F
14:10:43,MYOR,RG,1710,906,D,LG,YP,D
14:10:43,MYOR,RG,1715,1,F,AK,YP,D
14:10:43,MYOR,RG,1715,83,F,BK,YP,D
14:10:43,MYOR,RG,1715,10,D,YP,YP,D
14:10:32,MYOR,RG,1715,10,D,YP,KZ,F
14:10:21,MYOR,RG,1720,2,D,KK,KZ,F
14:10:21,MYOR,RG,1715,10,D,XC,KZ,F
14:10:21,MYOR,RG,1715,1,F,AK,KZ,F
14:10:21,MYOR,RG,1715,154,F,DX,KZ,F
14:10:21,MYOR,RG,1715,45,F,DX,KZ,F
14:10:21,MYOR,RG,1715,237,D,LG,KZ,F
14:10:20,MYOR,RG,1720,96,F,DX,KZ,F
14:10:20,MYOR,RG,1720,76,F,DX,KZ,F
14:10:20,MYOR,RG,1720,7,F,DX,KZ,F
14:10:20,MYOR,RG,1720,5,F,DX,PD,D
14:10:20,MYOR,RG,1720,10,F,DX,ZP,D
14:10:12,MYOR,RG,1715,125,D,LG,KZ,F
14:10:11,MYOR,RG,1720,100,F,DX,AZ,D
14:10:11,MYOR,RG,1720,4,F,DX,AZ,D
14:10:11,MYOR,RG,1720,46,F,DX,AZ,D
14:10:11,MYOR,RG,1720,20,F,DX,KK,D
14:10:11,MYOR,RG,1720,10,F,DX,FS,D
14:10:11,MYOR,RG,1720,10,F,DX,TP,D
14:10:11,MYOR,RG,1720,5,F,DX,XC,D
14:10:11,MYOR,RG,1720,20,F,DX,NI,D
14:10:11,MYOR,RG,1720,2,F,DX,LG,D
14:10:11,MYOR,RG,1720,3,F,DX,KZ,F
14:10:11,MYOR,RG,1720,106,F,DX,KZ,F
14:10:11,MYOR,RG,1720,2,F,DX,CC,D
14:10:11,MYOR,RG,1720,12,F,DX,YP,D
14:10:11,MYOR,RG,1720,30,F,DX,SQ,D
14:10:11,MYOR,RG,1720,1,F,DX,PD,D
14:10:11,MYOR,RG,1720,20,F,DX,KK,D
14:10:11,MYOR,RG,1720,50,F,DX,GR,D
14:10:11,MYOR,RG,1720,2,F,DX,CP,D
14:10:11,MYOR,RG,1715,684,D,LG,KZ,F
14:10:10,MYOR,RG,1715,76,D,LG,KZ,F
14:10:09,MYOR,RG,1715,117,D,LG,KZ,F
14:10:09,MYOR,RG,1715,1,D,LG,XC,D
14:10:09,MYOR,RG,1715,1,D,LG,BB,D
14:10:09,MYOR,RG,1715,109,D,LG,KZ,F
14:10:09,MYOR,RG,1715,2,D,LG,PD,D
14:10:09,MYOR,RG,1715,10,D,LG,CC,D
14:10:09,MYOR,RG,1715,50,D,LG,CC,D
14:10:09,MYOR,RG,1715,1,D,LG,PD,D
14:10:09,MYOR,RG,1715,3,D,LG,XL,D
14:10:09,MYOR,RG,1715,1,D,LG,YP,D
14:10:09,MYOR,RG,1715,20,D,LG,CC,D
14:10:09,MYOR,RG,1715,5,D,LG,YJ,D
14:10:09,MYOR,RG,1715,100,D,LG,KZ,F
14:10:09,MYOR,RG,1715,3,D,LG,YP,D
14:10:09,MYOR,RG,1715,4,D,LG,XC,D
14:10:09,MYOR,RG,1715,37,D,LG,KZ,F
14:10:09,MYOR,RG,1715,430,D,LG,KZ,F
14:10:09,MYOR,RG,1715,3,D,LG,XC,D
14:10:09,MYOR,RG,1715,10,D,LG,XC,D
14:10:09,MYOR,RG,1715,971,D,LG,DH,D
14:09:54,MYOR,RG,1715,27,F,DX,DH,D
14:09:53,MYOR,RG,1710,15,D,LG,KZ,F
14:09:53,MYOR,RG,1710,1,D,LG,XL,D
14:09:53,MYOR,RG,1710,4,D,LG,XC,D
14:09:52,MYOR,RG,1705,29,D,LG,KZ,F
14:09:51,MYOR,RG,1705,16,D,LG,KZ,F
14:09:51,MYOR,RG,1710,13,D,BQ,XC,D
14:09:51,MYOR,RG,1710,15,D,BQ,YP,D
14:09:51,MYOR,RG,1710,50,D,BQ,CC,D
14:09:51,MYOR,RG,1710,5,D,BQ,SQ,D
14:09:51,MYOR,RG,1710,25,D,BQ,GR,D
14:09:51,MYOR,RG,1710,20,D,BQ,CD,D
14:09:51,MYOR,RG,1710,1,D,BQ,BB,D
14:09:51,MYOR,RG,1710,50,D,BQ,YP,D
14:09:51,MYOR,RG,1710,1,D,BQ,XC,D
14:09:51,MYOR,RG,1710,5,D,BQ,EP,D
14:09:51,MYOR,RG,1710,1,D,BQ,DR,D
14:09:51,MYOR,RG,1710,1,D,BQ,KZ,F
14:09:51,MYOR,RG,1710,13,D,BQ,KZ,F
14:09:50,MYOR,RG,1710,15,F,DX,KZ,F
14:09:50,MYOR,RG,1710,1,F,DX,YP,D
14:09:50,MYOR,RG,1710,42,F,DX,KZ,F
14:09:50,MYOR,RG,1710,2,F,DX,KZ,F
14:09:49,MYOR,RG,1705,130,D,LG,KZ,F
14:09:49,MYOR,RG,1710,6,F,AK,KZ,F
14:09:49,MYOR,RG,1710,137,F,AK,KZ,F
14:09:49,MYOR,RG,1710,217,F,DX,KZ,F
14:09:48,MYOR,RG,1705,34,D,LG,KZ,F
14:09:48,MYOR,RG,1705,926,D,LG,KZ,F
14:09:46,MYOR,RG,1700,34,D,CC,KZ,F
14:09:30,MYOR,RG,1705,1,F,AK,PD,D
14:09:30,MYOR,RG,1705,1,D,PD,PD,D
14:09:30,MYOR,RG,1705,283,D,PD,PD,D
14:09:30,MYOR,RG,1705,15,D,PD,YP,D
14:09:28,MYOR,RG,1710,1,D,XL,KZ,F
14:09:28,MYOR,RG,1705,2,D,PD,KZ,F
14:09:28,MYOR,RG,1705,10,D,PD,KZ,F
14:09:28,MYOR,RG,1705,2,D,CC,KZ,F
14:09:28,MYOR,RG,1705,2,D,NI,KZ,F
14:09:28,MYOR,RG,1705,30,D,YP,KZ,F
14:09:28,MYOR,RG,1705,5,D,KK,KZ,F
14:09:28,MYOR,RG,1705,5,D,PD,KZ,F
14:09:28,MYOR,RG,1705,1,D,CC,KZ,F
14:09:28,MYOR,RG,1710,5,D,PD,KZ,F
14:09:27,MYOR,RG,1705,154,F,DX,KZ,F
14:09:27,MYOR,RG,1705,3,D,LG,KZ,F
14:09:27,MYOR,RG,1705,20,D,CC,KZ,F
14:09:27,MYOR,RG,1705,2,D,LG,KZ,F
14:09:27,MYOR,RG,1705,1,D,NI,KZ,F
14:09:27,MYOR,RG,1705,1,D,KK,KZ,F
14:09:27,MYOR,RG,1705,60,D,PD,KZ,F
14:09:27,MYOR,RG,1705,1,F,AK,KZ,F
14:09:27,MYOR,RG,1705,5,D,PD,KZ,F
14:09:27,MYOR,RG,1705,3,D,CC,KZ,F
14:09:27,MYOR,RG,1705,10,D,AI,KZ,F
14:09:27,MYOR,RG,1705,10,D,MK,KZ,F
14:09:27,MYOR,RG,1705,5,D,NI,KZ,F
14:09:27,MYOR,RG,1705,1,F,AK,KZ,F
14:09:27,MYOR,RG,1705,4,D,PD,KZ,F
14:09:27,MYOR,RG,1705,100,D,HP,KZ,F
14:09:27,MYOR,RG,1705,10,D,YP,KZ,F
14:09:27,MYOR,RG,1705,5,D,XC,KZ,F
14:09:27,MYOR,RG,1705,91,D,OD,KZ,F
14:09:26,MYOR,RG,1710,59,F,DX,KZ,F
14:09:26,MYOR,RG,1710,4,F,DX,KZ,F
14:09:26,MYOR,RG,1710,1,F,DX,CC,D
14:09:25,MYOR,RG,1705,14,D,OD,KZ,F
14:09:23,MYOR,RG,1705,124,D,OD,KZ,F
14:09:16,MYOR,RG,1705,5,D,OD,KZ,F
14:09:15,MYOR,RG,1705,50,D,OD,PD,D
14:09:14,MYOR,RG,1705,1,D,OD,KZ,F
14:09:13,MYOR,RG,1705,1,D,OD,BB,D
14:09:05,MYOR,RG,1710,1,D,XL,CC,D
14:08:53,MYOR,RG,1710,7,F,AK,CC,D
14:08:53,MYOR,RG,1705,2,D,OD,KZ,F
14:08:51,MYOR,RG,1705,11,D,OD,AZ,D
14:08:12,MYOR,RG,1705,5,D,OD,KZ,F
14:08:10,MYOR,RG,1705,51,D,OD,KZ,F
14:08:04,MYOR,RG,1705,1,D,OD,KZ,F
14:08:03,MYOR,RG,1705,10,D,OD,KZ,F
14:08:03,MYOR,RG,1705,10,D,OD,NI,D
14:08:01,MYOR,RG,1705,87,D,OD,KZ,F
14:08:01,MYOR,RG,1705,1,D,OD,KZ,F
14:08:00,MYOR,RG,1705,1,D,OD,KZ,F
14:07:59,MYOR,RG,1705,10,D,OD,PD,D
14:07:58,MYOR,RG,1705,10,D,OD,NI,D
14:07:52,MYOR,RG,1705,1,D,OD,BB,D
14:07:30,MYOR,RG,1705,1,D,OD,KZ,F
14:07:29,MYOR,RG,1710,9,D,YB,CC,D
14:07:21,MYOR,RG,1705,2,D,OD,KZ,F
14:07:19,MYOR,RG,1710,10,D,XC,CC,D
14:07:15,MYOR,RG,1705,3,D,OD,XL,D
14:07:12,MYOR,RG,1705,5,D,OD,KZ,F
14:07:10,MYOR,RG,1705,50,D,OD,CC,D
14:07:08,MYOR,RG,1705,1,D,OD,KZ,F
14:07:06,MYOR,RG,1710,1,D,YB,CC,D
14:07:03,MYOR,RG,1710,1,D,XC,CC,D
14:07:01,MYOR,RG,1705,2,D,OD,KZ,F
14:06:59,MYOR,RG,1710,25,D,YP,CC,D
14:06:55,MYOR,RG,1705,1,D,OD,KZ,F
14:06:53,MYOR,RG,1710,7,D,XC,CC,D
14:06:44,MYOR,RG,1710,1,D,EP,CC,D
14:06:41,MYOR,RG,1710,1,D,PD,CC,D
14:06:33,MYOR,RG,1705,1,D,OD,KZ,F
14:06:32,MYOR,RG,1705,1,D,OD,BB,D
14:06:14,MYOR,RG,1710,1,D,EP,CC,D
14:06:08,MYOR,RG,1705,2,D,OD,KZ,F
14:06:07,MYOR,RG,1705,25,D,OD,GR,D
14:05:56,MYOR,RG,1705,1,D,OD,KZ,F
14:05:54,MYOR,RG,1710,1,D,EP,CC,D
14:05:53,MYOR,RG,1705,2,D,OD,KZ,F
14:05:52,MYOR,RG,1705,22,D,OD,KZ,F
14:05:17,MYOR,RG,1705,1,D,OD,KZ,F
14:05:15,MYOR,RG,1710,10,D,NI,CC,D
14:05:07,MYOR,RG,1705,1,D,OD,PD,D
14:05:06,MYOR,RG,1705,7,D,OD,KZ,F
14:05:05,MYOR,RG,1705,58,D,OD,KZ,F
14:05:04,MYOR,RG,1705,1,D,OD,BB,D
14:05:00,MYOR,RG,1710,4,D,XC,CC,D
14:04:56,MYOR,RG,1705,1,D,OD,DR,D
14:04:49,MYOR,RG,1705,2,D,OD,KZ,F
14:04:48,MYOR,RG,1705,14,D,OD,KZ,F
14:04:44,MYOR,RG,1705,5,D,OD,PD,D
14:04:24,MYOR,RG,1705,2,D,OD,KZ,F
14:04:23,MYOR,RG,1705,13,D,OD,KZ,F
14:04:05,MYOR,RG,1705,2,D,OD,KZ,F
14:04:03,MYOR,RG,1710,20,D,PD,SQ,D
14:04:03,MYOR,RG,1710,2,D,PD,KZ,F
14:04:03,MYOR,RG,1710,1,D,PD,CC,D
14:04:03,MYOR,RG,1710,4,D,PD,PD,D
14:04:03,MYOR,RG,1710,3,D,PD,KZ,F
14:04:03,MYOR,RG,1710,6,D,PD,XC,D
14:04:03,MYOR,RG,1710,14,D,PD,KZ,F
14:04:03,MYOR,RG,1710,37,D,PD,KZ,F
14:03:44,MYOR,RG,1705,1,D,OD,BB,D
14:03:34,MYOR,RG,1705,1,D,OD,KK,D
14:03:27,MYOR,RG,1710,1,D,AZ,KZ,F
14:03:15,MYOR,RG,1710,1,F,AK,KZ,F
14:03:15,MYOR,RG,1710,5,D,MK,KZ,F
14:03:15,MYOR,RG,1710,2,D,MK,KZ,F
14:03:09,MYOR,RG,1710,3,D,MK,ZP,D
14:03:09,MYOR,RG,1710,5,F,AK,ZP,D
14:03:09,MYOR,RG,1710,2,D,BQ,ZP,D
14:03:07,MYOR,RG,1710,2,D,BQ,LG,D
14:03:04,MYOR,RG,1710,1,D,BQ,GR,D
14:03:04,MYOR,RG,1710,2,D,BQ,FS,D
14:03:04,MYOR,RG,1710,5,D,PD,FS,D
14:03:04,MYOR,RG,1710,1,D,XC,FS,D
14:03:04,MYOR,RG,1710,2,D,SQ,FS,D
14:03:00,MYOR,RG,1710,100,D,SQ,YP,D
14:03:00,MYOR,RG,1715,2,D,CC,DH,D
14:02:57,MYOR,RG,1710,198,D,SQ,TP,D
14:02:57,MYOR,RG,1710,2,D,PD,TP,D
14:02:54,MYOR,RG,1710,3,D,PD,TP,D
14:02:54,MYOR,RG,1710,1,F,AK,TP,D
14:02:54,MYOR,RG,1710,1,F,AK,TP,D
14:02:54,MYOR,RG,1710,5,D,PD,TP,D
14:02:47,MYOR,RG,1710,10,D,YP,YP,D
14:02:42,MYOR,RG,1710,28,D,YP,XC,D
14:02:34,MYOR,RG,1710,5,D,YP,RO,D
14:02:26,MYOR,RG,1710,5,D,YP,CC,D
14:02:15,MYOR,RG,1710,2,D,YP,LG,D
14:02:08,MYOR,RG,1710,12,D,YP,XL,D
14:02:04,MYOR,RG,1710,39,D,YP,KZ,F
14:02:04,MYOR,RG,1710,1,D,YP,XC,D
14:02:04,MYOR,RG,1710,38,D,YP,KZ,F
14:02:03,MYOR,RG,1710,69,D,OD,KZ,F
14:02:03,MYOR,RG,1710,87,D,OD,KZ,F
14:02:03,MYOR,RG,1710,42,D,OD,KZ,F
14:02:03,MYOR,RG,1710,2,D,OD,BB,D
14:02:03,MYOR,RG,1710,112,D,OD,KZ,F
14:02:03,MYOR,RG,1710,1,D,OD,MK,D
14:02:03,MYOR,RG,1710,10,D,OD,NI,D
14:02:03,MYOR,RG,1710,10,D,OD,PD,D
14:02:03,MYOR,RG,1710,1,D,OD,PD,D
14:02:03,MYOR,RG,1710,177,D,OD,DH,D
14:01:58,MYOR,RG,1710,4,D,YP,DH,D
14:01:58,MYOR,RG,1710,1,D,XC,DH,D
14:01:52,MYOR,RG,1710,18,D,YP,DH,D
14:01:52,MYOR,RG,1710,20,D,YP,YP,D
14:01:52,MYOR,RG,1710,100,D,YP,DH,D
14:01:52,MYOR,RG,1710,6,D,YP,XC,D
14:01:52,MYOR,RG,1710,1,D,YP,PD,D
14:01:52,MYOR,RG,1710,2,D,YP,LG,D
14:01:52,MYOR,RG,1710,2,D,YP,PD,D
14:01:52,MYOR,RG,1710,1,D,YP,PD,D
14:01:52,MYOR,RG,1710,50,D,YP,XC,D
14:01:49,MYOR,RG,1710,5,D,OD,SQ,D
14:01:41,MYOR,RG,1705,2,D,OD,KZ,F
14:01:41,MYOR,RG,1705,5,D,OD,YJ,D
14:01:41,MYOR,RG,1705,78,D,OD,KZ,F
14:01:41,MYOR,RG,1705,10,D,OD,KZ,F
14:01:41,MYOR,RG,1705,191,D,OD,KZ,F
14:01:27,MYOR,RG,1705,10,D,YP,KZ,F
14:01:23,MYOR,RG,1705,10,D,YP,KZ,F
14:01:19,MYOR,RG,1705,47,F,AK,KZ,F
14:01:19,MYOR,RG,1705,48,F,AK,KZ,F
14:01:19,MYOR,RG,1705,2,F,AK,LG,D
14:01:19,MYOR,RG,1705,14,F,AK,KZ,F
14:01:19,MYOR,RG,1705,10,F,AK,DR,D
14:01:19,MYOR,RG,1705,1,F,AK,PD,D
14:01:19,MYOR,RG,1705,78,F,AK,YP,D
14:01:18,MYOR,RG,1705,12,D,KK,YP,D
14:01:18,MYOR,RG,1705,2,D,KK,PD,D
14:01:18,MYOR,RG,1705,1,D,KK,PD,D
14:01:18,MYOR,RG,1705,6,D,KK,XC,D
14:01:16,MYOR,RG,1705,4,D,OD,XC,D
14:01:16,MYOR,RG,1705,1,D,OD,PD,D
14:01:13,MYOR,RG,1705,100,D,PD,YP,D
14:00:55,MYOR,RG,1700,61,D,CC,KZ,F
14:00:55,MYOR,RG,1700,2,D,CC,XC,D
14:00:55,MYOR,RG,1700,22,D,CC,KZ,F
14:00:55,MYOR,RG,1700,2,D,CC,LG,D
14:00:55,MYOR,RG,1700,60,D,CC,SQ,D
14:00:55,MYOR,RG,1700,26,D,CC,KZ,F
14:00:55,MYOR,RG,1700,10,D,CC,YJ,D
14:00:55,MYOR,RG,1700,2,D,CC,CC,D
14:00:55,MYOR,RG,1700,51,D,CC,KZ,F
14:00:55,MYOR,RG,1700,29,D,CC,KZ,F
14:00:55,MYOR,RG,1700,1,D,CC,GR,D
14:00:55,MYOR,RG,1700,218,D,CC,KZ,F
14:00:55,MYOR,RG,1700,1,D,CC,BB,D
14:00:55,MYOR,RG,1700,50,D,CC,GR,D
14:00:55,MYOR,RG,1700,1,D,BB,GR,D
14:00:55,MYOR,RG,1700,4,D,BB,XL,D
14:00:55,MYOR,RG,1700,4,D,BB,XC,D
14:00:55,MYOR,RG,1700,1,D,BB,YP,D
14:00:55,MYOR,RG,1700,6,D,BB,XC,D
14:00:55,MYOR,RG,1700,103,D,BB,SQ,D
14:00:54,MYOR,RG,1700,8,D,BB,SQ,D
14:00:54,MYOR,RG,1700,200,F,AK,SQ,D
14:00:54,MYOR,RG,1700,200,F,AK,SQ,D
14:00:53,MYOR,RG,1700,50,D,YP,SQ,D
14:00:52,MYOR,RG,1700,39,F,AK,SQ,D
14:00:52,MYOR,RG,1700,100,F,AK,YP,D
14:00:52,MYOR,RG,1700,61,F,AK,KZ,F
14:00:52,MYOR,RG,1700,11,D,BB,KZ,F
14:00:52,MYOR,RG,1700,22,F,AK,KZ,F
14:00:52,MYOR,RG,1700,2,F,AK,XC,D
14:00:52,MYOR,RG,1700,176,F,AK,KZ,F
14:00:51,MYOR,RG,1700,5,D,BB,KZ,F
14:00:50,MYOR,RG,1700,44,D,BB,KZ,F
14:00:50,MYOR,RG,1700,89,F,AK,KZ,F
14:00:50,MYOR,RG,1700,111,F,AK,KZ,F
14:00:50,MYOR,RG,1700,5,F,AK,PD,D
14:00:50,MYOR,RG,1700,34,F,AK,XC,D
14:00:50,MYOR,RG,1700,20,F,AK,KK,D
14:00:50,MYOR,RG,1700,1,F,AK,NI,D
14:00:50,MYOR,RG,1700,2,F,AK,CC,D
14:00:50,MYOR,RG,1700,7,F,AK,YP,D
14:00:50,MYOR,RG,1700,1,F,AK,PD,D
14:00:50,MYOR,RG,1700,1,F,AK,YP,D
14:00:50,MYOR,RG,1700,18,F,AK,OD,D
14:00:49,MYOR,RG,1700,32,D,BB,OD,D
14:00:49,MYOR,RG,1700,20,D,BB,NI,D
14:00:49,MYOR,RG,1700,4,D,BB,YP,D
14:00:49,MYOR,RG,1700,2,D,BB,YP,D
14:00:49,MYOR,RG,1700,1,D,BB,PD,D
14:00:49,MYOR,RG,1700,30,D,BB,PD,D
14:00:49,MYOR,RG,1700,10,D,BB,XC,D
14:00:49,MYOR,RG,1700,21,D,BB,PD,D
14:00:49,MYOR,RG,1700,1,D,BB,ZP,D
14:00:49,MYOR,RG,1700,436,D,BB,YP,D
14:00:48,MYOR,RG,1700,57,D,BB,YP,D
14:00:46,MYOR,RG,1700,7,D,BB,YP,D
14:00:46,MYOR,RG,1700,25,D,BB,YP,D
14:00:46,MYOR,RG,1700,8,D,BB,YP,D
14:00:45,MYOR,RG,1700,5,D,BB,YP,D
14:00:38,MYOR,RG,1700,1,D,NI,YP,D
14:00:28,MYOR,RG,1700,2,D,SQ,YP,D
14:00:07,MYOR,RG,1700,9,D,PD,YP,D
14:00:07,MYOR,RG,1700,1,D,PD,NI,D
14:00:00,MYOR,RG,1695,2,D,LG,PD,D
13:59:59,MYOR,RG,1695,2,D,LG,LG,D
13:59:19,MYOR,RG,1700,1,D,YP,NI,D
13:59:19,MYOR,RG,1700,2,D,YP,XL,D
13:59:19,MYOR,RG,1700,47,D,YP,GR,D
13:59:14,MYOR,RG,1695,2,D,LG,NI,D
13:59:00,MYOR,RG,1695,1,D,LG,BB,D
13:58:48,MYOR,RG,1695,13,F,AK,KZ,F
13:58:48,MYOR,RG,1695,10,F,AK,YP,D
13:58:48,MYOR,RG,1695,16,F,AK,YP,D
13:58:48,MYOR,RG,1695,14,F,AK,XL,D
13:58:48,MYOR,RG,1695,1,F,AK,NI,D
13:58:48,MYOR,RG,1695,1,F,AK,KZ,F
13:58:48,MYOR,RG,1695,3,F,AK,KZ,F
13:58:47,MYOR,RG,1695,105,D,CC,KZ,F
13:58:47,MYOR,RG,1695,15,D,CC,NI,D
13:58:47,MYOR,RG,1695,1,D,CC,NI,D
13:58:47,MYOR,RG,1695,50,D,CC,CC,D
13:58:47,MYOR,RG,1695,116,D,CC,KZ,F
13:58:47,MYOR,RG,1695,83,D,CC,KZ,F
13:58:47,MYOR,RG,1695,26,D,CC,KZ,F
13:58:47,MYOR,RG,1695,1,D,CC,BB,D
13:58:47,MYOR,RG,1695,2,D,CC,NI,D
13:58:13,MYOR,RG,1695,4,F,AK,LG,D
13:58:05,MYOR,RG,1695,2,D,BB,LG,D
13:57:49,MYOR,RG,1690,14,D,LG,OD,D
13:57:49,MYOR,RG,1690,2,D,NI,OD,D
13:57:44,MYOR,RG,1695,67,D,GR,LG,D
13:57:44,MYOR,RG,1695,30,D,GR,ES,D
13:57:44,MYOR,RG,1695,30,D,GR,ES,D
13:57:44,MYOR,RG,1695,1,D,GR,SQ,D
13:57:44,MYOR,RG,1695,2,D,GR,PD,D
13:57:44,MYOR,RG,1695,30,D,GR,ES,D
13:57:44,MYOR,RG,1695,40,D,GR,KZ,F
13:57:31,MYOR,RG,1695,2,D,XC,KZ,F
13:57:31,MYOR,RG,1695,51,D,CC,KZ,F
13:57:31,MYOR,RG,1695,108,D,CC,KZ,F
13:57:31,MYOR,RG,1695,55,D,CC,KZ,F
13:57:31,MYOR,RG,1695,30,D,CC,ES,D
13:57:31,MYOR,RG,1695,4,D,CC,KZ,F
13:57:31,MYOR,RG,1695,6,D,CC,PD,D
13:57:23,MYOR,RG,1695,39,D,CC,PD,D
13:57:23,MYOR,RG,1695,30,D,CC,ES,D
13:57:23,MYOR,RG,1695,5,D,CC,NI,D
13:57:23,MYOR,RG,1695,86,D,CC,KZ,F
13:57:23,MYOR,RG,1695,30,D,CC,ES,D
13:57:23,MYOR,RG,1695,10,D,CC,KZ,F
13:56:56,MYOR,RG,1690,1,D,XL,YP,D
13:56:46,MYOR,RG,1690,5,D,YP,AK,F
13:56:46,MYOR,RG,1690,106,D,OD,AK,F
13:56:45,MYOR,RG,1690,200,D,OD,AK,F
13:56:44,MYOR,RG,1690,194,D,OD,AK,F
13:56:44,MYOR,RG,1690,5,D,CC,AK,F
13:56:44,MYOR,RG,1690,1,D,XL,AK,F
13:56:40,MYOR,RG,1695,10,D,HP,AK,F
13:56:38,MYOR,RG,1695,1,D,LG,AK,F
13:56:27,MYOR,RG,1695,5,D,YP,AK,F
13:55:59,MYOR,RG,1690,25,D,AZ,AK,F
13:55:59,MYOR,RG,1690,1,D,CC,AK,F
13:55:59,MYOR,RG,1690,1,D,YU,AK,F
13:55:59,MYOR,RG,1690,1,D,YP,AK,F
13:55:59,MYOR,RG,1690,20,D,HP,AK,F
13:55:59,MYOR,RG,1690,1,D,YP,AK,F
13:55:59,MYOR,RG,1690,123,D,OD,AK,F
13:55:59,MYOR,RG,1690,200,D,OD,AK,F
13:55:58,MYOR,RG,1690,177,D,OD,IU,D
13:55:58,MYOR,RG,1690,1,D,MK,IU,D
13:55:58,MYOR,RG,1690,20,D,XL,IU,D
13:55:58,MYOR,RG,1690,10,D,KK,IU,D
13:55:58,MYOR,RG,1690,2,D,XA,IU,D
13:55:58,MYOR,RG,1690,50,D,YP,IU,D
13:55:58,MYOR,RG,1690,1,D,XC,IU,D
13:55:58,MYOR,RG,1690,19,D,YP,IU,D
13:55:58,MYOR,RG,1690,100,D,XC,IU,D
13:55:58,MYOR,RG,1690,10,D,EP,IU,D
13:55:58,MYOR,RG,1690,4,D,HP,IU,D
13:55:58,MYOR,RG,1690,1,D,BB,IU,D
13:55:58,MYOR,RG,1690,1,D,BB,IU,D
13:55:58,MYOR,RG,1690,1,D,BB,IU,D
13:55:58,MYOR,RG,1690,86,D,BB,IU,D
13:55:58,MYOR,RG,1690,2,D,BB,IU,D
13:55:58,MYOR,RG,1690,55,D,BB,IU,D
13:55:58,MYOR,RG,1690,24,D,BB,IU,D
13:55:58,MYOR,RG,1690,12,D,BB,IU,D
13:55:58,MYOR,RG,1690,2,D,BB,IU,D
13:55:58,MYOR,RG,1690,1,D,BB,IU,D
13:55:58,MYOR,RG,1690,7,D,BB,IU,D
13:55:58,MYOR,RG,1690,8,D,BB,IU,D
13:55:58,MYOR,RG,1690,5,D,PD,IU,D
13:55:58,MYOR,RG,1690,1,D,PD,IU,D
13:55:58,MYOR,RG,1690,20,D,YP,IU,D
13:55:28,MYOR,RG,1695,50,D,NI,AK,F
13:55:22,MYOR,RG,1695,5,D,KK,AK,F
13:55:22,MYOR,RG,1695,15,D,KK,YP,D
13:55:20,MYOR,RG,1695,3,D,DH,YP,D
13:55:08,MYOR,RG,1695,1,D,NI,YP,D
13:55:08,MYOR,RG,1695,6,D,YP,YP,D
13:54:56,MYOR,RG,1695,1,D,YP,BB,D
13:54:56,MYOR,RG,1695,8,D,YP,KZ,F
13:54:56,MYOR,RG,1695,31,D,YP,KZ,F
13:54:56,MYOR,RG,1695,54,D,YP,PD,D
13:54:52,MYOR,RG,1695,6,D,XL,PD,D
13:54:51,MYOR,RG,1695,7,D,KK,KZ,F
13:54:51,MYOR,RG,1695,1,D,KK,BB,D
13:54:51,MYOR,RG,1695,12,D,KK,YP,D
13:54:50,MYOR,RG,1695,1,D,YP,YP,D
13:54:31,MYOR,RG,1695,3,D,PD,KZ,F
13:54:31,MYOR,RG,1695,1,D,PD,KZ,F
13:54:31,MYOR,RG,1695,5,D,PD,KZ,F
13:54:31,MYOR,RG,1695,1,D,XC,KZ,F
13:54:31,MYOR,RG,1695,1,D,XC,KZ,F
13:54:31,MYOR,RG,1695,11,D,DR,KZ,F
13:54:31,MYOR,RG,1695,11,D,XC,KZ,F
13:54:31,MYOR,RG,1695,1,D,YP,KZ,F
13:54:31,MYOR,RG,1695,10,D,SQ,KZ,F
13:54:31,MYOR,RG,1695,2,D,YP,KZ,F
13:54:31,MYOR,RG,1695,10,D,PD,KZ,F
13:54:31,MYOR,RG,1695,10,D,YP,KZ,F
13:54:31,MYOR,RG,1695,9,D,PD,KZ,F
13:54:31,MYOR,RG,1695,7,D,PD,KZ,F
13:54:31,MYOR,RG,1695,5,D,XC,KZ,F
13:54:31,MYOR,RG,1695,26,D,DH,KZ,F
13:54:31,MYOR,RG,1695,141,D,NI,KZ,F
13:54:31,MYOR,RG,1695,15,D,PD,KZ,F
13:54:31,MYOR,RG,1695,55,D,YP,KZ,F
13:54:28,MYOR,RG,1700,1,D,XC,GR,D
13:54:22,MYOR,RG,1695,38,D,YP,KZ,F
13:54:22,MYOR,RG,1695,11,D,YP,KZ,F
13:54:12,MYOR,RG,1695,2,D,YP,KZ,F
13:54:11,MYOR,RG,1695,9,D,YP,KZ,F
13:54:11,MYOR,RG,1695,15,D,YP,KZ,F
13:54:11,MYOR,RG,1695,2,D,YP,KZ,F
13:54:09,MYOR,RG,1700,2,D,YP,GR,D
13:54:09,MYOR,RG,1700,16,D,YP,XA,D
13:54:09,MYOR,RG,1700,120,D,YP,GR,D
13:54:09,MYOR,RG,1700,12,D,YP,XC,D
13:54:09,MYOR,RG,1700,2,D,YP,XL,D
13:54:09,MYOR,RG,1700,20,D,YP,YP,D
13:54:09,MYOR,RG,1700,1,D,YP,CP,D
13:54:09,MYOR,RG,1700,1,D,YP,XC,D
13:54:09,MYOR,RG,1700,50,D,YP,IP,D
13:54:09,MYOR,RG,1700,26,D,YP,PC,D
13:53:56,MYOR,RG,1700,2,D,PD,PC,D
13:53:52,MYOR,RG,1695,2,D,YP,KZ,F
13:53:51,MYOR,RG,1695,20,D,YP,EP,D
13:53:49,MYOR,RG,1695,3,D,YP,KZ,F
13:53:48,MYOR,RG,1695,7,D,YP,KZ,F
13:53:48,MYOR,RG,1695,7,D,YP,KZ,F
13:53:48,MYOR,RG,1695,16,D,YP,KZ,F
13:53:48,MYOR,RG,1695,1,D,YP,KZ,F
13:53:47,MYOR,RG,1695,19,D,YP,YP,D
13:53:47,MYOR,RG,1695,39,D,DH,YP,D
13:53:47,MYOR,RG,1695,1,D,PD,YP,D
13:53:47,MYOR,RG,1695,10,D,NI,YP,D
13:53:47,MYOR,RG,1695,231,F,AK,YP,D
13:53:26,MYOR,RG,1695,1,F,AK,BB,D
13:53:16,MYOR,RG,1700,2,D,XC,PC,D
13:53:04,MYOR,RG,1695,1,F,AK,KZ,F
13:53:03,MYOR,RG,1700,1,D,XL,PC,D
13:53:02,MYOR,RG,1695,10,F,AK,CC,D
13:52:44,MYOR,RG,1695,9,F,AK,KZ,F
13:52:43,MYOR,RG,1695,2,F,AK,KZ,F
13:52:43,MYOR,RG,1695,1,D,DR,KZ,F
13:52:43,MYOR,RG,1695,3,D,YP,KZ,F
13:52:43,MYOR,RG,1695,5,D,YP,KZ,F
13:52:43,MYOR,RG,1695,2,D,YP,KZ,F
13:52:42,MYOR,RG,1695,40,D,YP,CC,D
13:52:42,MYOR,RG,1695,35,D,OD,CC,D
13:52:42,MYOR,RG,1695,120,D,OD,YB,D
13:52:27,MYOR,RG,1695,2,D,OD,KZ,F
13:52:27,MYOR,RG,1695,1,D,OD,GR,D
13:52:26,MYOR,RG,1700,19,D,YP,PC,D
13:52:16,MYOR,RG,1695,1,D,OD,KZ,F
13:52:14,MYOR,RG,1695,5,D,OD,XC,D
13:52:06,MYOR,RG,1695,2,D,OD,KZ,F
13:52:05,MYOR,RG,1695,20,D,OD,CC,D
13:52:04,MYOR,RG,1695,1,D,OD,KZ,F
13:52:02,MYOR,RG,1695,3,D,OD,BB,D
13:52:02,MYOR,RG,1700,5,D,PD,PC,D
13:51:30,MYOR,RG,1695,11,D,OD,KZ,F
13:51:29,MYOR,RG,1695,100,D,OD,CC,D
13:51:18,MYOR,RG,1695,1,D,OD,PD,D
13:51:17,MYOR,RG,1700,1,D,YP,PC,D
13:50:54,MYOR,RG,1695,1,D,OD,GR,D
13:50:44,MYOR,RG,1695,6,D,OD,KZ,F
13:50:43,MYOR,RG,1695,54,D,OD,YP,D
13:50:42,MYOR,RG,1695,1,D,OD,BB,D
13:50:42,MYOR,RG,1695,1,D,OD,KZ,F
13:50:41,MYOR,RG,1695,1,D,OD,PD,D
13:50:41,MYOR,RG,1695,7,D,OD,XC,D
13:50:31,MYOR,RG,1695,13,D,OD,KZ,F
13:50:29,MYOR,RG,1695,1,D,OD,KZ,F
13:50:29,MYOR,RG,1695,20,D,OD,BQ,D
13:50:29,MYOR,RG,1695,2,D,OD,YB,D
13:50:29,MYOR,RG,1695,7,D,OD,YP,D
13:50:29,MYOR,RG,1695,25,D,OD,KZ,F
13:50:29,MYOR,RG,1695,1,D,OD,YP,D
13:50:29,MYOR,RG,1695,1,D,OD,CC,D
13:50:29,MYOR,RG,1695,16,D,OD,KZ,F
13:50:29,MYOR,RG,1695,2,D,OD,KZ,F
13:50:29,MYOR,RG,1695,1,D,OD,BB,D
13:50:29,MYOR,RG,1695,4,D,OD,KZ,F
13:50:29,MYOR,RG,1695,25,D,OD,GR,D
13:50:29,MYOR,RG,1695,3,D,OD,YP,D
13:50:29,MYOR,RG,1695,6,D,OD,KZ,F
13:50:12,MYOR,RG,1695,2,D,YP,KZ,F
13:49:56,MYOR,RG,1690,1,D,YP,KZ,F
13:49:54,MYOR,RG,1695,3,D,HP,KZ,F
13:49:40,MYOR,RG,1690,1,D,YP,XC,D
13:49:40,MYOR,RG,1690,3,D,YP,KZ,F
13:49:38,MYOR,RG,1695,23,D,EP,KZ,F
13:49:38,MYOR,RG,1695,1,D,EP,PD,D
13:49:38,MYOR,RG,1695,6,D,EP,KZ,F
13:49:18,MYOR,RG,1690,5,D,YP,KZ,F
13:49:18,MYOR,RG,1690,1,D,XL,KZ,F
13:49:18,MYOR,RG,1690,1,D,PD,KZ,F
13:49:18,MYOR,RG,1690,6,D,XC,KZ,F
13:49:18,MYOR,RG,1690,1,D,YP,KZ,F
13:49:18,MYOR,RG,1690,10,D,IU,KZ,F
13:49:18,MYOR,RG,1690,3,D,GR,KZ,F
13:49:18,MYOR,RG,1690,2,D,PD,KZ,F
13:49:18,MYOR,RG,1690,4,D,YP,KZ,F
13:49:17,MYOR,RG,1695,1,D,BB,KZ,F
13:49:17,MYOR,RG,1695,2,D,BB,KZ,F
13:49:17,MYOR,RG,1695,1,D,BB,KZ,F
13:49:17,MYOR,RG,1695,129,D,BB,KZ,F
13:49:17,MYOR,RG,1695,3,D,BB,KZ,F
13:49:17,MYOR,RG,1695,71,D,BB,KZ,F
13:49:17,MYOR,RG,1695,12,D,BB,KZ,F
13:49:17,MYOR,RG,1695,36,D,BB,KZ,F
13:49:17,MYOR,RG,1695,18,D,BB,KZ,F
13:49:17,MYOR,RG,1695,3,D,BB,KZ,F
13:49:17,MYOR,RG,1695,1,D,BB,KZ,F
13:49:17,MYOR,RG,1695,10,D,BB,KZ,F
13:49:17,MYOR,RG,1695,13,D,BB,KZ,F
13:49:01,MYOR,RG,1690,1,D,YP,KZ,F
13:49:00,MYOR,RG,1690,3,D,YP,YP,D
13:48:59,MYOR,RG,1690,1,D,YP,AK,F
13:48:49,MYOR,RG,1690,4,D,YP,XL,D
13:48:39,MYOR,RG,1690,1,D,YP,XC,D
13:48:23,MYOR,RG,1690,6,D,YP,KZ,F
13:48:21,MYOR,RG,1695,1,D,YP,KZ,F
13:48:21,MYOR,RG,1695,1,D,YP,YP,D
13:48:21,MYOR,RG,1695,5,D,YP,PD,D
13:48:21,MYOR,RG,1695,43,D,YP,SQ,D
13:48:16,MYOR,RG,1690,5,D,YP,KZ,F
13:48:14,MYOR,RG,1695,50,D,YP,SQ,D
13:48:12,MYOR,RG,1690,2,D,YP,KZ,F
13:48:11,MYOR,RG,1690,1,D,YP,KZ,F
13:48:11,MYOR,RG,1690,10,D,YP,YP,D
13:48:10,MYOR,RG,1690,3,D,YP,KZ,F
13:48:10,MYOR,RG,1690,1,D,YP,KZ,F
13:48:10,MYOR,RG,1690,5,D,YP,PD,D
13:48:10,MYOR,RG,1690,2,D,YP,DR,D
13:48:10,MYOR,RG,1690,1,D,YP,BB,D
13:48:10,MYOR,RG,1685,3,D,YP,KZ,F
13:48:08,MYOR,RG,1690,4,D,DR,KZ,F
13:48:08,MYOR,RG,1690,7,D,DR,XC,D
13:48:08,MYOR,RG,1690,18,D,DR,NI,D
13:48:07,MYOR,RG,1685,1,D,YP,XC,D
13:48:07,MYOR,RG,1690,1,D,XL,NI,D
13:47:46,MYOR,RG,1685,2,D,YP,KZ,F
13:47:44,MYOR,RG,1690,16,D,XC,KZ,F
13:47:39,MYOR,RG,1685,28,D,YP,KZ,F
13:47:39,MYOR,RG,1690,250,D,LG,KZ,F
13:47:38,MYOR,RG,1685,28,D,YP,KZ,F
13:47:36,MYOR,RG,1690,250,D,LG,KZ,F
13:47:34,MYOR,RG,1685,1,D,YP,BB,D
13:47:33,MYOR,RG,1685,6,D,YP,YB,D
13:47:19,MYOR,RG,1685,1,D,YP,KZ,F
13:47:18,MYOR,RG,1685,2,D,YP,XL,D
13:47:16,MYOR,RG,1685,1,D,YP,XC,D
13:47:10,MYOR,RG,1690,6,D,PD,KZ,F
13:47:04,MYOR,RG,1685,11,D,YP,KZ,F
13:47:03,MYOR,RG,1685,85,D,YP,YP,D
13:47:03,MYOR,RG,1685,1,D,XC,YP,D
13:47:03,MYOR,RG,1685,10,D,NI,YP,D
13:46:51,MYOR,RG,1690,3,D,XL,KZ,F
13:46:47,MYOR,RG,1685,1,D,NI,KZ,F
13:46:45,MYOR,RG,1690,1,D,YP,KZ,F
13:46:43,MYOR,RG,1685,1,D,NI,KZ,F
13:46:43,MYOR,RG,1685,1,D,NI,BB,D
13:46:43,MYOR,RG,1685,2,D,NI,YP,D
13:46:43,MYOR,RG,1685,7,D,XC,YP,D
13:46:41,MYOR,RG,1685,1,D,XC,KZ,F
13:46:39,MYOR,RG,1690,12,D,XL,KZ,F
13:46:33,MYOR,RG,1690,1,D,XL,KZ,F
13:46:28,MYOR,RG,1685,1,D,XC,KZ,F
13:46:26,MYOR,RG,1690,10,D,GR,KZ,F
13:46:24,MYOR,RG,1685,2,D,XC,XC,D
13:46:17,MYOR,RG,1685,1,D,XC,KZ,F
13:46:15,MYOR,RG,1690,1,D,EP,KZ,F
13:46:13,MYOR,RG,1690,5,D,PD,KZ,F
13:46:07,MYOR,RG,1685,2,D,XC,KZ,F
13:46:06,MYOR,RG,1690,12,D,PD,KZ,F
13:46:06,MYOR,RG,1690,1,D,EP,KZ,F
13:45:52,MYOR,RG,1685,5,D,XC,YP,D
13:45:51,MYOR,RG,1685,3,D,CC,XC,D
13:45:47,MYOR,RG,1685,2,D,CC,KZ,F
13:45:45,MYOR,RG,1685,1,D,CC,BB,D
13:45:45,MYOR,RG,1690,15,D,XC,KZ,F
13:45:41,MYOR,RG,1685,1,D,CC,KZ,F
13:45:40,MYOR,RG,1685,6,D,CC,NI,D
13:45:37,MYOR,RG,1685,1,D,CC,KZ,F
13:45:35,MYOR,RG,1690,8,D,YP,KZ,F
13:45:35,MYOR,RG,1690,2,D,YP,YP,D
13:45:32,MYOR,RG,1685,1,D,CC,KZ,F
13:45:30,MYOR,RG,1690,7,D,PD,YP,D
13:45:30,MYOR,RG,1690,1,D,PD,PD,D
13:45:30,MYOR,RG,1690,2,D,PD,YP,D
13:45:29,MYOR,RG,1685,1,D,CC,KZ,F
13:45:28,MYOR,RG,1685,11,D,CC,NI,D
13:45:21,MYOR,RG,1685,6,D,CC,KZ,F
13:45:20,MYOR,RG,1690,5,D,YU,YP,D
13:45:20,MYOR,RG,1690,44,D,EP,YP,D
13:45:11,MYOR,RG,1685,1,D,CC,KZ,F
13:45:10,MYOR,RG,1690,10,D,DR,YP,D
13:45:09,MYOR,RG,1685,1,D,CC,KZ,F
13:45:08,MYOR,RG,1695,7,D,XC,SQ,D
13:45:08,MYOR,RG,1695,3,D,XC,YP,D
13:45:08,MYOR,RG,1685,11,D,CC,KZ,F
13:45:07,MYOR,RG,1685,10,D,CC,KZ,F
13:45:06,MYOR,RG,1695,20,D,YP,YP,D
13:45:06,MYOR,RG,1690,24,D,YP,KZ,F
13:45:06,MYOR,RG,1690,10,D,YP,YP,D
13:45:06,MYOR,RG,1690,46,D,YP,SQ,D
13:45:05,MYOR,RG,1690,5,D,NI,SQ,D
13:45:05,MYOR,RG,1690,104,F,BK,SQ,D
13:45:04,MYOR,RG,1690,43,F,BK,AK,F
13:45:04,MYOR,RG,1690,177,D,OD,AK,F
13:45:02,MYOR,RG,1690,3,D,OD,KZ,F
13:45:00,MYOR,RG,1695,29,D,LG,YP,D
13:44:54,MYOR,RG,1690,11,D,OD,KZ,F
13:44:52,MYOR,RG,1690,2,D,OD,KZ,F
13:44:52,MYOR,RG,1695,26,D,YP,YP,D
13:44:52,MYOR,RG,1695,1,D,YP,PD,D
13:44:52,MYOR,RG,1695,69,D,YP,PD,D
13:44:50,MYOR,RG,1695,16,D,KK,PD,D
13:44:47,MYOR,RG,1690,30,D,OD,KZ,F
13:44:46,MYOR,RG,1690,30,D,OD,KZ,F
13:44:46,MYOR,RG,1690,28,D,OD,KZ,F
13:44:46,MYOR,RG,1690,1,D,OD,XC,D
13:44:46,MYOR,RG,1690,218,D,OD,KZ,F
13:44:45,MYOR,RG,1685,1,D,CC,KZ,F
13:44:43,MYOR,RG,1690,1,D,XC,KZ,F
13:44:41,MYOR,RG,1685,3,D,CC,KZ,F
13:44:39,MYOR,RG,1690,30,D,GR,KZ,F
13:44:28,MYOR,RG,1695,1,D,EP,PD,D
13:44:23,MYOR,RG,1685,23,D,CC,KZ,F
13:44:22,MYOR,RG,1690,205,F,BK,AK,F
13:44:20,MYOR,RG,1690,25,F,BK,KZ,F
13:44:19,MYOR,RG,1690,47,F,BK,NI,D
13:44:19,MYOR,RG,1690,32,D,SQ,NI,D
13:44:18,MYOR,RG,1695,54,F,BK,PD,D
13:44:18,MYOR,RG,1695,20,F,BK,CP,D
13:44:18,MYOR,RG,1695,2,F,BK,LG,D
13:44:18,MYOR,RG,1695,1,F,BK,PD,D
13:44:18,MYOR,RG,1695,2,F,BK,XC,D
13:44:18,MYOR,RG,1695,5,F,BK,EP,D
13:44:18,MYOR,RG,1695,10,F,BK,YP,D
13:44:18,MYOR,RG,1695,50,F,BK,KK,D
13:44:16,MYOR,RG,1690,79,D,SQ,KZ,F
13:44:15,MYOR,RG,1690,1,D,SQ,XC,D
13:44:15,MYOR,RG,1690,36,D,SQ,KZ,F
13:44:15,MYOR,RG,1690,1,D,SQ,KZ,F
13:44:15,MYOR,RG,1690,4,D,SQ,KZ,F
13:44:15,MYOR,RG,1690,1,D,SQ,BB,D
13:44:15,MYOR,RG,1690,14,D,SQ,KZ,F
13:44:15,MYOR,RG,1690,48,D,SQ,KZ,F
13:44:15,MYOR,RG,1690,584,D,SQ,XA,D
13:44:14,MYOR,RG,1690,23,F,BK,XA,D
13:44:12,MYOR,RG,1685,2,D,CC,KZ,F
13:44:11,MYOR,RG,1685,25,D,CC,YP,D
13:44:02,MYOR,RG,1685,1,D,CC,KZ,F
13:44:00,MYOR,RG,1690,1,D,EP,XA,D
13:43:57,MYOR,RG,1685,2,D,CC,KZ,F
13:43:55,MYOR,RG,1690,5,F,BK,XA,D
13:43:55,MYOR,RG,1690,1,F,BK,BB,D
13:43:55,MYOR,RG,1690,1,F,BK,YP,D
13:43:55,MYOR,RG,1690,15,F,BK,XC,D
13:43:55,MYOR,RG,1690,1,F,BK,PD,D
13:43:54,MYOR,RG,1685,9,D,CC,KZ,F
13:43:53,MYOR,RG,1685,2,D,CC,KZ,F
13:43:53,MYOR,RG,1685,76,D,CC,KZ,F
13:43:51,MYOR,RG,1685,2,D,YP,KZ,F
13:43:50,MYOR,RG,1680,1,D,OD,KZ,F
13:43:48,MYOR,RG,1685,10,D,NI,KZ,F
13:43:48,MYOR,RG,1680,3,D,OD,KZ,F
13:43:47,MYOR,RG,1690,2,F,BK,PD,D
13:43:47,MYOR,RG,1690,22,F,BK,XA,D
13:43:47,MYOR,RG,1685,5,F,BK,KZ,F
13:43:47,MYOR,RG,1685,3,D,XL,KZ,F
13:43:46,MYOR,RG,1685,5,D,XL,YP,D
13:43:45,MYOR,RG,1690,1,D,EP,XA,D
13:43:45,MYOR,RG,1690,2,F,BK,XA,D
13:43:45,MYOR,RG,1690,25,F,BK,YJ,D
13:43:45,MYOR,RG,1690,10,F,BK,YB,D
13:43:45,MYOR,RG,1690,3,F,BK,XC,D
13:43:45,MYOR,RG,1690,25,F,BK,YP,D
13:43:41,MYOR,RG,1685,14,D,XL,KZ,F
13:43:39,MYOR,RG,1685,132,D,XL,KZ,F
13:43:39,MYOR,RG,1685,1,D,EP,KZ,F
13:43:39,MYOR,RG,1680,17,D,OD,KZ,F
13:43:37,MYOR,RG,1685,22,F,BK,KZ,F
13:43:37,MYOR,RG,1685,3,F,BK,XC,D
13:43:37,MYOR,RG,1685,1,F,BK,YP,D
13:43:37,MYOR,RG,1685,3,F,BK,CC,D
13:43:37,MYOR,RG,1685,1,F,BK,XL,D
13:43:37,MYOR,RG,1685,1,F,BK,KK,D
13:43:37,MYOR,RG,1685,1,F,BK,PD,D
13:43:37,MYOR,RG,1685,2,F,BK,LG,D
13:43:37,MYOR,RG,1685,99,F,BK,PD,D
13:43:37,MYOR,RG,1685,2,F,BK,YP,D
13:43:37,MYOR,RG,1685,14,F,BK,GR,D
13:43:34,MYOR,RG,1680,76,D,OD,KZ,F
13:43:33,MYOR,RG,1680,1,D,OD,YP,D
13:43:33,MYOR,RG,1680,1,D,OD,YP,D
13:43:33,MYOR,RG,1680,1,D,OD,YP,D
13:43:33,MYOR,RG,1680,1,D,OD,YP,D
13:43:33,MYOR,RG,1680,1,D,OD,YP,D
13:43:33,MYOR,RG,1680,1,D,OD,YP,D
13:43:33,MYOR,RG,1680,1,D,OD,YP,D
13:43:33,MYOR,RG,1680,1,D,OD,YP,D
13:43:33,MYOR,RG,1680,1,D,OD,YP,D
13:43:33,MYOR,RG,1680,1,D,OD,KZ,F
13:43:33,MYOR,RG,1680,1,D,OD,XC,D
13:43:33,MYOR,RG,1680,2,D,OD,LG,D
13:43:33,MYOR,RG,1680,3,D,OD,YP,D
13:43:33,MYOR,RG,1680,2,D,OD,PD,D
13:43:33,MYOR,RG,1680,2,D,OD,DR,D
13:43:33,MYOR,RG,1680,1,D,OD,BB,D
13:43:33,MYOR,RG,1680,2,D,OD,XL,D
13:43:33,MYOR,RG,1680,1,D,OD,YP,D
13:43:33,MYOR,RG,1680,1,D,OD,XL,D
13:43:33,MYOR,RG,1680,195,D,OD,KZ,F
13:43:33,MYOR,RG,1680,316,D,OD,KZ,F
13:43:33,MYOR,RG,1680,156,D,OD,KZ,F
13:43:31,MYOR,RG,1680,1,D,EP,KZ,F
13:43:28,MYOR,RG,1675,1,D,GR,KZ,F
13:43:26,MYOR,RG,1680,14,F,BK,KZ,F
13:43:25,MYOR,RG,1675,4,D,LG,KZ,F
13:43:23,MYOR,RG,1680,29,D,XA,KZ,F
13:43:14,MYOR,RG,1680,1,D,PD,KZ,F
13:43:06,MYOR,RG,1680,1,D,PD,KZ,F
13:42:54,MYOR,RG,1680,1,D,EP,KZ,F
13:42:37,MYOR,RG,1675,1,D,LG,KZ,F
13:42:36,MYOR,RG,1680,10,D,PD,KZ,F
13:42:31,MYOR,RG,1675,1,D,LG,KZ,F
13:42:31,MYOR,RG,1680,3,D,XL,KZ,F
13:42:30,MYOR,RG,1680,1,D,EP,KZ,F
13:42:18,MYOR,RG,1675,1,D,LG,KZ,F
13:42:16,MYOR,RG,1680,10,D,YP,KZ,F
13:42:06,MYOR,RG,1675,2,D,LG,KZ,F
13:42:03,MYOR,RG,1680,19,F,BK,KZ,F
13:42:00,MYOR,RG,1675,1,D,LG,KZ,F
13:41:59,MYOR,RG,1675,1,D,LG,KZ,F
13:41:59,MYOR,RG,1680,13,F,BK,KZ,F
13:41:58,MYOR,RG,1675,11,D,LG,KZ,F
13:41:57,MYOR,RG,1680,10,D,YP,KZ,F
13:41:57,MYOR,RG,1680,76,D,PD,KZ,F
13:41:57,MYOR,RG,1680,24,D,PD,KZ,F
13:41:56,MYOR,RG,1675,2,D,LG,KZ,F
13:41:55,MYOR,RG,1675,2,D,LG,KZ,F
13:41:55,MYOR,RG,1680,10,D,YP,KZ,F
13:41:53,MYOR,RG,1680,22,F,BK,KZ,F
13:41:53,MYOR,RG,1675,1,D,LG,KZ,F
13:41:52,MYOR,RG,1675,7,D,LG,XC,D
13:41:49,MYOR,RG,1680,5,D,PD,KZ,F
13:41:47,MYOR,RG,1680,1,D,EP,KZ,F
13:41:45,MYOR,RG,1675,3,D,LG,KZ,F
13:41:40,MYOR,RG,1680,25,D,PD,KZ,F
13:41:38,MYOR,RG,1675,2,D,LG,KZ,F
13:41:37,MYOR,RG,1680,15,F,BK,KZ,F
13:41:35,MYOR,RG,1675,5,D,LG,KZ,F
13:41:33,MYOR,RG,1680,45,D,YP,KZ,F
13:41:33,MYOR,RG,1675,3,D,LG,KZ,F
13:41:31,MYOR,RG,1680,25,F,BK,KZ,F
13:41:31,MYOR,RG,1675,7,D,LG,KZ,F
13:41:29,MYOR,RG,1680,67,D,YU,KZ,F
13:41:25,MYOR,RG,1680,1,D,EP,KZ,F
13:40:58,MYOR,RG,1675,1,D,LG,KZ,F
13:40:56,MYOR,RG,1680,5,D,XC,KZ,F
13:40:49,MYOR,RG,1675,2,D,LG,KZ,F
13:40:48,MYOR,RG,1680,20,F,BK,KZ,F
13:40:48,MYOR,RG,1675,1,D,LG,KZ,F
13:40:47,MYOR,RG,1675,3,D,LG,KZ,F
13:40:47,MYOR,RG,1675,10,D,LG,PD,D
13:40:46,MYOR,RG,1680,30,F,BK,KZ,F
13:40:45,MYOR,RG,1675,18,D,LG,KZ,F
13:40:44,MYOR,RG,1680,155,D,SQ,KZ,F
13:40:41,MYOR,RG,1675,2,D,LG,KZ,F
13:40:40,MYOR,RG,1675,1,D,LG,KZ,F
13:40:39,MYOR,RG,1680,22,F,BK,KZ,F
13:40:39,MYOR,RG,1675,5,D,LG,KZ,F
13:40:38,MYOR,RG,1675,12,D,LG,YP,D
13:40:38,MYOR,RG,1675,12,D,LG,YP,D
13:40:37,MYOR,RG,1680,30,F,BK,KZ,F
13:40:35,MYOR,RG,1675,18,D,LG,KZ,F
13:40:34,MYOR,RG,1675,160,D,LG,YP,D
13:40:30,MYOR,RG,1675,1,D,LG,KZ,F
13:40:29,MYOR,RG,1680,14,F,BK,KZ,F
13:40:28,MYOR,RG,1675,4,D,PD,KZ,F
13:40:26,MYOR,RG,1680,30,D,YB,KZ,F
13:40:23,MYOR,RG,1675,2,D,PD,KZ,F
13:40:21,MYOR,RG,1680,20,D,KK,KZ,F
13:40:00,MYOR,RG,1680,1,D,EP,KZ,F
13:39:54,MYOR,RG,1675,1,D,EP,KZ,F
13:39:53,MYOR,RG,1675,2,D,XL,KZ,F
13:39:52,MYOR,RG,1680,29,F,BK,KZ,F
13:39:51,MYOR,RG,1675,4,D,XL,KZ,F
13:39:49,MYOR,RG,1675,1,F,BK,BB,D
13:39:49,MYOR,RG,1675,20,F,BK,KZ,F
13:39:49,MYOR,RG,1675,15,F,BK,CC,D
13:39:49,MYOR,RG,1670,2,D,IU,KZ,F
13:39:49,MYOR,RG,1675,1,D,EP,CC,D
13:39:48,MYOR,RG,1670,5,D,IU,KZ,F
13:39:48,MYOR,RG,1675,10,D,YP,CC,D
13:39:47,MYOR,RG,1675,24,D,YP,CC,D
13:39:47,MYOR,RG,1675,12,D,YP,PD,D
13:39:47,MYOR,RG,1675,1,D,YP,BB,D
13:39:47,MYOR,RG,1675,8,D,YP,KZ,F
13:39:46,MYOR,RG,1675,3,D,XC,KZ,F
13:39:46,MYOR,RG,1670,12,D,IU,KZ,F
13:39:44,MYOR,RG,1675,6,D,NI,KZ,F
13:39:44,MYOR,RG,1675,3,D,NI,KZ,F
13:39:44,MYOR,RG,1675,41,D,NI,KZ,F
13:39:44,MYOR,RG,1675,76,F,BK,KZ,F
13:39:43,MYOR,RG,1675,10,D,YP,KZ,F
13:39:42,MYOR,RG,1670,41,D,IU,KZ,F
13:39:42,MYOR,RG,1675,47,D,PD,KZ,F
13:39:42,MYOR,RG,1675,313,D,PD,OD,D
13:39:41,MYOR,RG,1670,5,D,IU,KZ,F
13:39:41,MYOR,RG,1675,10,D,PD,OD,D
13:39:39,MYOR,RG,1675,51,D,EP,OD,D
13:39:39,MYOR,RG,1670,23,D,IU,KZ,F
13:39:38,MYOR,RG,1675,200,D,GR,OD,D
13:39:37,MYOR,RG,1670,3,D,IU,KZ,F
13:39:36,MYOR,RG,1670,1,D,IU,KZ,F
13:39:35,MYOR,RG,1675,30,D,NI,OD,D
13:39:35,MYOR,RG,1675,5,D,YP,OD,D
13:39:34,MYOR,RG,1670,1,D,IU,KZ,F
13:39:33,MYOR,RG,1675,10,D,YP,OD,D
13:39:30,MYOR,RG,1670,1,D,IU,AK,F
13:39:30,MYOR,RG,1670,1,D,IU,BB,D
13:39:29,MYOR,RG,1675,1,D,XL,OD,D
13:39:29,MYOR,RG,1675,1,D,YP,OD,D
13:39:26,MYOR,RG,1670,11,D,IU,KZ,F
13:39:25,MYOR,RG,1675,100,D,CC,OD,D
13:39:16,MYOR,RG,1675,1,D,EP,OD,D
13:39:01,MYOR,RG,1670,3,D,IU,KZ,F
13:39:00,MYOR,RG,1675,26,D,YU,OD,D
13:38:30,MYOR,RG,1670,1,D,IU,KZ,F
13:38:29,MYOR,RG,1675,3,D,CC,OD,D
13:38:29,MYOR,RG,1670,16,D,IU,KZ,F
13:38:28,MYOR,RG,1675,100,D,PD,OD,D
13:38:27,MYOR,RG,1675,50,D,SQ,OD,D
13:38:18,MYOR,RG,1675,1,D,EP,OD,D
13:38:04,MYOR,RG,1670,2,D,IU,KZ,F
13:38:03,MYOR,RG,1670,15,D,IU,XC,D
13:37:58,MYOR,RG,1670,2,D,IU,KZ,F
13:37:58,MYOR,RG,1670,21,D,IU,KZ,F
13:37:53,MYOR,RG,1670,1,D,IU,KZ,F
13:37:52,MYOR,RG,1670,2,D,IU,XC,D
13:37:40,MYOR,RG,1670,10,D,IU,KZ,F
13:37:38,MYOR,RG,1675,91,D,CC,OD,D
13:37:37,MYOR,RG,1670,2,D,IU,XC,D
13:37:30,MYOR,RG,1675,1,D,PD,OD,D
13:37:03,MYOR,RG,1675,2,D,CC,OD,D
13:35:55,MYOR,RG,1670,2,D,IU,YP,D
13:35:15,MYOR,RG,1670,37,D,IU,KZ,F
13:35:14,MYOR,RG,1670,332,D,IU,YP,D
13:35:11,MYOR,RG,1670,1,D,IU,KZ,F
13:35:10,MYOR,RG,1675,4,D,HP,OD,D
13:35:09,MYOR,RG,1675,1,D,HP,XC,D
13:35:07,MYOR,RG,1675,6,D,HP,KZ,F
13:35:06,MYOR,RG,1675,4,D,HP,KZ,F
13:35:06,MYOR,RG,1675,56,D,HP,BK,F
13:35:05,MYOR,RG,1675,99,D,HP,BK,F
13:35:05,MYOR,RG,1675,5,D,YP,BK,F
13:35:05,MYOR,RG,1675,23,D,LG,BK,F
13:35:00,MYOR,RG,1675,10,D,LG,KZ,F
13:34:59,MYOR,RG,1670,4,D,IU,KZ,F
13:34:57,MYOR,RG,1675,28,D,DX,BK,F
13:34:57,MYOR,RG,1675,2,D,DX,KZ,F
13:34:53,MYOR,RG,1670,1,D,IU,KZ,F
13:34:51,MYOR,RG,1675,39,D,PD,BK,F
13:34:51,MYOR,RG,1675,11,D,PD,KZ,F
13:34:42,MYOR,RG,1675,2,D,XC,KZ,F
13:34:40,MYOR,RG,1675,14,D,PD,BK,F
13:34:40,MYOR,RG,1675,6,D,PD,KZ,F
13:34:37,MYOR,RG,1670,27,D,IU,KZ,F
13:34:35,MYOR,RG,1675,5,D,YP,BK,F
13:34:35,MYOR,RG,1675,91,D,YP,BK,F
13:34:35,MYOR,RG,1675,13,D,YP,XA,D
13:34:35,MYOR,RG,1675,13,D,YP,KZ,F
13:34:35,MYOR,RG,1675,91,D,YP,BK,F
13:34:35,MYOR,RG,1675,36,D,YP,KZ,F
13:34:35,MYOR,RG,1675,26,D,YP,KZ,F
13:34:35,MYOR,RG,1675,200,D,YP,CC,D
13:34:35,MYOR,RG,1675,2,D,YP,DR,D
13:34:35,MYOR,RG,1675,23,D,YP,AT,D
13:34:27,MYOR,RG,1675,3,D,YP,AT,D
13:34:24,MYOR,RG,1675,1,D,YP,AT,D
13:34:23,MYOR,RG,1675,1,D,EP,AT,D
13:34:18,MYOR,RG,1675,2,D,XC,AT,D
13:34:10,MYOR,RG,1670,1,D,IU,KZ,F
13:34:09,MYOR,RG,1670,1,D,IU,KK,D
13:34:08,MYOR,RG,1675,5,D,CC,AT,D
13:33:57,MYOR,RG,1670,1,D,IU,KZ,F
13:33:56,MYOR,RG,1675,35,D,YB,AT,D
13:33:56,MYOR,RG,1675,11,D,YB,KZ,F
13:33:56,MYOR,RG,1675,2,D,YB,KZ,F
13:33:56,MYOR,RG,1675,13,D,YB,KZ,F
13:33:56,MYOR,RG,1675,59,D,YB,GR,D
13:33:35,MYOR,RG,1670,3,D,IU,KZ,F
13:33:33,MYOR,RG,1675,23,D,KK,GR,D
13:33:25,MYOR,RG,1675,3,D,HP,GR,D
13:33:14,MYOR,RG,1670,3,D,IU,KZ,F
13:33:12,MYOR,RG,1670,25,D,IU,GR,D
13:33:12,MYOR,RG,1670,1,D,IU,KZ,F
13:33:11,MYOR,RG,1675,10,D,YP,GR,D
13:33:09,MYOR,RG,1675,5,D,YP,GR,D
13:32:40,MYOR,RG,1670,6,F,BK,KZ,F
13:32:38,MYOR,RG,1680,40,D,XC,KZ,F
13:32:38,MYOR,RG,1680,2,D,XC,CC,D
13:32:38,MYOR,RG,1680,1,D,XC,KZ,F
13:32:38,MYOR,RG,1680,7,D,XC,KZ,F
13:32:36,MYOR,RG,1670,1,F,BK,KZ,F
13:32:35,MYOR,RG,1670,31,F,BK,KZ,F
13:32:35,MYOR,RG,1675,20,D,KK,KZ,F
13:32:35,MYOR,RG,1675,10,D,KK,PD,D
13:32:34,MYOR,RG,1675,10,D,BQ,KZ,F
13:32:34,MYOR,RG,1675,1,D,PD,KZ,F
13:32:34,MYOR,RG,1675,6,D,XC,KZ,F
13:32:34,MYOR,RG,1675,1,D,XL,KZ,F
13:32:34,MYOR,RG,1675,50,D,GR,KZ,F
13:32:34,MYOR,RG,1675,50,D,YP,KZ,F
13:32:34,MYOR,RG,1675,54,F,BK,KZ,F
13:32:34,MYOR,RG,1675,289,D,SQ,KZ,F
13:32:30,MYOR,RG,1675,1,D,SQ,KZ,F
13:32:28,MYOR,RG,1680,3,D,PD,KZ,F
13:32:19,MYOR,RG,1680,1,D,EP,KZ,F
13:32:13,MYOR,RG,1675,30,D,SQ,KZ,F
13:32:12,MYOR,RG,1675,180,D,SQ,OD,D
13:32:12,MYOR,RG,1675,28,D,YU,OD,D
13:32:12,MYOR,RG,1675,30,D,XC,OD,D
13:32:12,MYOR,RG,1675,34,D,CC,OD,D
13:32:08,MYOR,RG,1675,13,D,CC,KZ,F
13:32:07,MYOR,RG,1675,3,D,CC,XA,D
13:32:07,MYOR,RG,1675,1,D,PD,XA,D
13:32:07,MYOR,RG,1675,96,F,BK,XA,D
13:32:07,MYOR,RG,1680,7,D,YP,KZ,F
13:32:07,MYOR,RG,1680,9,D,YP,XC,D
13:32:06,MYOR,RG,1675,17,F,BK,KZ,F
13:32:05,MYOR,RG,1675,99,F,BK,YB,D
13:32:05,MYOR,RG,1675,51,D,EP,YB,D
13:31:58,MYOR,RG,1680,3,D,DH,XC,D
13:31:56,MYOR,RG,1680,3,D,YP,XC,D
13:31:29,MYOR,RG,1670,41,F,BK,KZ,F
13:31:28,MYOR,RG,1675,22,F,AK,KZ,F
13:31:28,MYOR,RG,1675,42,F,AK,KZ,F
13:31:28,MYOR,RG,1675,153,D,CC,KZ,F
13:31:28,MYOR,RG,1675,147,D,CC,CC,D
13:31:25,MYOR,RG,1670,21,F,BK,KZ,F
13:31:25,MYOR,RG,1670,12,F,AK,KZ,F
13:31:24,MYOR,RG,1675,10,D,YP,CC,D
13:31:24,MYOR,RG,1675,10,D,YP,CC,D
13:31:24,MYOR,RG,1675,10,D,YP,CC,D
13:31:24,MYOR,RG,1675,5,D,LG,CC,D
13:31:24,MYOR,RG,1675,50,D,NI,CC,D
13:31:24,MYOR,RG,1675,20,D,YP,CC,D
13:31:24,MYOR,RG,1675,28,F,BK,CC,D
13:31:24,MYOR,RG,1675,20,D,YP,CC,D
13:31:24,MYOR,RG,1675,20,D,YP,CC,D
13:31:24,MYOR,RG,1680,130,D,OD,CC,D
13:31:23,MYOR,RG,1680,31,D,OD,KZ,F
13:31:22,MYOR,RG,1680,6,D,OD,KZ,F
13:31:22,MYOR,RG,1680,10,D,OD,KZ,F
13:31:22,MYOR,RG,1680,17,D,OD,KZ,F
13:31:22,MYOR,RG,1680,1,D,OD,XC,D
13:31:22,MYOR,RG,1680,251,D,OD,KZ,F
13:31:22,MYOR,RG,1680,2,D,OD,BB,D
13:31:22,MYOR,RG,1680,1,D,OD,XC,D
13:31:22,MYOR,RG,1680,50,D,OD,LG,D
13:31:22,MYOR,RG,1680,1,D,OD,KK,D
13:31:18,MYOR,RG,1675,1,D,YP,KZ,F
13:31:17,MYOR,RG,1680,1,D,PD,KK,D
13:31:17,MYOR,RG,1675,2,D,YP,YP,D
13:31:16,MYOR,RG,1675,2,D,YP,KZ,F
13:31:15,MYOR,RG,1675,15,D,YP,NI,D
13:31:15,MYOR,RG,1675,5,D,YP,NI,D
13:31:14,MYOR,RG,1680,4,D,XC,KK,D
13:31:11,MYOR,RG,1675,8,D,YP,KZ,F
13:31:10,MYOR,RG,1675,7,D,YP,KZ,F
13:31:10,MYOR,RG,1675,4,D,YP,KZ,F
13:31:09,MYOR,RG,1675,16,D,YP,YP,D
13:31:09,MYOR,RG,1675,20,D,YP,YP,D
13:31:09,MYOR,RG,1675,20,D,YP,YP,D
13:31:09,MYOR,RG,1675,10,D,CC,YP,D
13:31:08,MYOR,RG,1675,20,D,CC,XA,D
13:31:08,MYOR,RG,1675,1,D,XC,XA,D
13:31:08,MYOR,RG,1675,79,F,BK,XA,D
13:31:05,MYOR,RG,1675,16,F,BK,KZ,F
13:31:04,MYOR,RG,1675,3,F,BK,KZ,F
13:31:03,MYOR,RG,1675,145,F,BK,YB,D
13:31:03,MYOR,RG,1675,5,D,YU,YB,D
13:31:03,MYOR,RG,1675,25,D,YU,XC,D
13:31:02,MYOR,RG,1675,4,D,YU,KZ,F
13:31:00,MYOR,RG,1680,30,F,BK,KK,D
13:31:00,MYOR,RG,1680,5,F,BK,XC,D
13:30:57,MYOR,RG,1670,15,F,AK,KZ,F
13:30:55,MYOR,RG,1680,56,F,BK,XC,D
13:30:55,MYOR,RG,1680,2,F,BK,YP,D
13:30:55,MYOR,RG,1680,25,F,BK,YP,D
13:30:55,MYOR,RG,1680,50,F,BK,CC,D
13:30:55,MYOR,RG,1680,1,F,BK,NI,D
13:30:55,MYOR,RG,1680,4,F,BK,XC,D
13:30:55,MYOR,RG,1670,22,F,AK,KZ,F
13:30:55,MYOR,RG,1675,1,F,AK,KZ,F
13:30:55,MYOR,RG,1675,43,F,AK,KZ,F
13:30:54,MYOR,RG,1670,4,F,AK,PD,D
13:30:54,MYOR,RG,1670,46,F,AK,KZ,F
13:30:54,MYOR,RG,1670,1,D,YU,KZ,F
13:30:53,MYOR,RG,1675,42,F,AK,KZ,F
13:30:53,MYOR,RG,1675,108,F,AK,DR,D
13:30:53,MYOR,RG,1675,207,F,BK,DR,D
13:30:53,MYOR,RG,1675,1,F,BK,KK,D
13:30:53,MYOR,RG,1675,30,F,BK,OD,D
13:30:53,MYOR,RG,1675,100,F,BK,PD,D
13:30:53,MYOR,RG,1675,7,F,BK,KZ,F
13:30:53,MYOR,RG,1670,22,D,YU,KZ,F
13:30:53,MYOR,RG,1670,8,D,CC,KZ,F
13:30:52,MYOR,RG,1670,70,D,CC,EP,D
13:30:51,MYOR,RG,1670,215,D,CC,KZ,F
13:30:51,MYOR,RG,1670,169,D,CC,KZ,F
13:30:51,MYOR,RG,1670,2,D,CC,BB,D
13:30:51,MYOR,RG,1670,1,D,CC,AK,F
13:30:51,MYOR,RG,1670,48,D,CC,KZ,F
13:30:51,MYOR,RG,1670,1,D,CC,PD,D
13:30:51,MYOR,RG,1670,5,D,CC,PD,D
13:30:51,MYOR,RG,1670,1414,D,CC,YP,D
13:30:51,MYOR,RG,1670,2,D,CC,KK,D
13:30:51,MYOR,RG,1670,1,D,CC,PD,D
13:30:51,MYOR,RG,1670,2,D,CC,PD,D
13:30:51,MYOR,RG,1670,2,D,CC,KZ,F
13:30:51,MYOR,RG,1670,7,D,CC,XC,D
13:30:51,MYOR,RG,1670,1,D,CC,YP,D
13:30:51,MYOR,RG,1670,2,D,CC,XC,D
13:30:51,MYOR,RG,1670,3,D,CC,YP,D
13:30:51,MYOR,RG,1670,2,D,CC,DR,D
13:30:51,MYOR,RG,1670,5,D,CC,DH,D
13:30:51,MYOR,RG,1670,54,D,CC,KZ,F
13:30:51,MYOR,RG,1670,486,D,CC,OD,D
13:30:35,MYOR,RG,1665,1,D,CC,KZ,F
13:30:34,MYOR,RG,1670,9,D,YP,OD,D
13:30:15,MYOR,RG,1665,23,D,CC,KZ,F
13:30:09,MYOR,RG,1665,29,D,CC,XL,D
13:30:08,MYOR,RG,1665,7,D,CC,XL,D
13:30:08,MYOR,RG,1665,1,D,CC,XL,D
13:30:06,MYOR,RG,1665,1,D,CC,BB,D
13:30:04,MYOR,RG,1665,1,D,CC,AK,F
13:30:04,MYOR,RG,1665,93,D,CC,KZ,F
13:30:03,MYOR,RG,1665,25,D,CC,XC,D
13:30:03,MYOR,RG,1665,4,D,CC,XC,D
13:30:03,MYOR,RG,1665,2,D,CC,XC,D
13:30:03,MYOR,RG,1665,3,D,CC,AT,D
13:30:03,MYOR,RG,1665,32,D,CC,GR,D
13:30:03,MYOR,RG,1665,3,D,CC,XC,D
13:30:03,MYOR,RG,1665,4,D,CC,XC,D
13:30:03,MYOR,RG,1665,2,D,CC,XC,D
13:30:03,MYOR,RG,1665,61,D,CC,XC,D
13:30:03,MYOR,RG,1665,25,D,CC,PD,D
13:30:02,MYOR,RG,1670,2,D,PD,OD,D
13:30:02,MYOR,RG,1665,2,D,CC,DR,D
13:30:02,MYOR,RG,1665,1,D,CC,XC,D
13:30:02,MYOR,RG,1665,5,D,CC,XC,D
13:30:02,MYOR,RG,1670,3,D,DH,OD,D
13:30:02,MYOR,RG,1665,2,D,CC,XC,D
13:30:02,MYOR,RG,1665,1,D,CC,SQ,D
13:30:02,MYOR,RG,1665,500,D,CC,KK,D
13:30:01,MYOR,RG,1665,16,D,CC,XC,D
13:30:01,MYOR,RG,1665,8,D,CC,XC,D
13:30:01,MYOR,RG,1665,119,D,CC,AT,D
13:30:01,MYOR,RG,1665,10,D,DH,AT,D
13:30:01,MYOR,RG,1665,121,D,GR,AT,D
13:30:01,MYOR,RG,1665,3,D,GR,XC,D
13:30:01,MYOR,RG,1665,3,D,GR,KZ,F
13:30:01,MYOR,RG,1665,2,D,GR,XC,D
13:30:01,MYOR,RG,1665,10,D,GR,XC,D
13:30:01,MYOR,RG,1665,8,D,GR,YP,D
13:30:01,MYOR,RG,1665,1,D,GR,YP,D
13:30:01,MYOR,RG,1665,10,D,GR,PD,D
13:30:01,MYOR,RG,1665,3,D,GR,XC,D
13:30:01,MYOR,RG,1665,42,D,GR,KZ,F
13:30:01,MYOR,RG,1665,1,D,PD,KZ,F
13:30:01,MYOR,RG,1665,1,D,ZP,KZ,F
11:29:58,MYOR,RG,1665,1,D,PD,KZ,F
11:29:50,MYOR,RG,1660,11,D,PD,KZ,F
11:29:49,MYOR,RG,1665,6,D,NI,KZ,F
11:29:49,MYOR,RG,1665,1,D,NI,NI,D
11:29:49,MYOR,RG,1665,6,D,NI,NI,D
11:29:49,MYOR,RG,1665,2,D,NI,LG,D
11:29:49,MYOR,RG,1665,51,D,NI,KZ,F
11:29:49,MYOR,RG,1665,8,D,NI,KZ,F
11:29:49,MYOR,RG,1665,1,D,NI,YP,D
11:29:49,MYOR,RG,1665,1,D,NI,KZ,F
11:29:49,MYOR,RG,1665,1,D,NI,XC,D
11:29:49,MYOR,RG,1665,1,D,NI,CC,D
11:29:49,MYOR,RG,1665,1,D,NI,YP,D
11:29:49,MYOR,RG,1665,1,D,NI,DR,D
11:29:49,MYOR,RG,1665,20,D,NI,XC,D
11:29:45,MYOR,RG,1660,1,D,PD,KZ,F
11:29:43,MYOR,RG,1660,7,D,PD,XC,D
11:29:43,MYOR,RG,1660,3,D,XA,XC,D
11:29:35,MYOR,RG,1660,1,D,XA,KZ,F
11:29:33,MYOR,RG,1665,5,D,XA,XC,D
11:29:15,MYOR,RG,1660,1,D,XA,KZ,F
11:29:14,MYOR,RG,1665,12,D,YP,XC,D
11:29:00,MYOR,RG,1665,1,F,AK,XC,D
11:28:34,MYOR,RG,1660,2,D,XA,KZ,F
11:28:32,MYOR,RG,1660,3,D,XA,XL,D
11:28:32,MYOR,RG,1660,10,D,XA,XL,D
11:28:20,MYOR,RG,1665,3,F,AK,XC,D
11:28:15,MYOR,RG,1665,3,D,DX,XC,D
11:28:11,MYOR,RG,1655,12,D,YP,KZ,F
11:28:10,MYOR,RG,1665,102,D,YB,XC,D
11:28:06,MYOR,RG,1655,3,D,YP,KZ,F
11:28:05,MYOR,RG,1665,30,D,YP,XC,D
11:28:03,MYOR,RG,1655,3,D,YP,KZ,F
11:28:02,MYOR,RG,1660,28,D,YP,KZ,F
11:27:59,MYOR,RG,1660,7,D,YP,KZ,F
11:27:59,MYOR,RG,1660,9,D,YP,KZ,F
11:27:59,MYOR,RG,1660,50,D,YP,YP,D
11:27:59,MYOR,RG,1660,1,D,YP,XC,D
11:27:59,MYOR,RG,1660,5,D,YP,BQ,D
11:27:58,MYOR,RG,1660,1,F,AK,BQ,D
11:27:52,MYOR,RG,1655,2,D,YP,KZ,F
11:27:50,MYOR,RG,1660,1,F,AK,BQ,D
11:27:50,MYOR,RG,1660,13,D,CC,BQ,D
11:27:50,MYOR,RG,1660,2,D,CC,KZ,F
11:27:49,MYOR,RG,1655,1,D,YP,KZ,F
11:27:47,MYOR,RG,1660,10,D,XL,KZ,F
11:27:45,MYOR,RG,1660,2,D,XC,KZ,F
11:27:45,MYOR,RG,1660,1,D,XC,KZ,F
11:27:04,MYOR,RG,1660,2,F,AK,KZ,F
11:26:58,MYOR,RG,1655,1,D,YP,NI,D
11:26:54,MYOR,RG,1655,10,D,YP,PD,D
11:26:37,MYOR,RG,1660,3,D,LG,KZ,F
11:26:37,MYOR,RG,1660,4,D,LG,KZ,F
11:26:37,MYOR,RG,1660,8,D,LG,YP,D
11:26:37,MYOR,RG,1660,1,D,LG,YP,D
11:26:37,MYOR,RG,1660,9,D,LG,BQ,D
11:26:29,MYOR,RG,1660,1,D,PD,BQ,D
11:24:42,MYOR,RG,1655,1,F,AK,KZ,F
11:24:40,MYOR,RG,1660,1,D,PD,BQ,D
11:24:31,MYOR,RG,1660,1,D,XC,BQ,D
11:24:22,MYOR,RG,1660,1,D,XC,BQ,D
11:24:09,MYOR,RG,1655,1,F,AK,KZ,F
11:24:09,MYOR,RG,1655,2,D,PD,KZ,F
11:24:07,MYOR,RG,1660,6,D,EP,BQ,D
11:24:07,MYOR,RG,1660,16,D,EP,KZ,F
11:24:07,MYOR,RG,1660,3,D,EP,PD,D
11:23:50,MYOR,RG,1660,4,D,XL,PD,D
11:23:24,MYOR,RG,1655,3,D,PD,KZ,F
11:23:22,MYOR,RG,1660,3,D,MI,PD,D
11:23:22,MYOR,RG,1660,89,D,MI,AK,F
11:23:22,MYOR,RG,1660,8,D,MI,KZ,F
11:23:10,MYOR,RG,1660,1,D,YP,KZ,F
11:23:10,MYOR,RG,1660,6,D,YP,CC,D
11:23:05,MYOR,RG,1660,4,D,XC,CC,D
11:22:28,MYOR,RG,1660,20,D,BQ,CC,D
11:22:22,MYOR,RG,1660,20,D,YP,CC,D
11:21:53,MYOR,RG,1655,1,D,KK,KZ,F
11:21:53,MYOR,RG,1655,8,D,KK,YP,D
11:21:53,MYOR,RG,1655,1,D,KK,YP,D
11:21:53,MYOR,RG,1655,5,D,KK,YP,D
11:21:53,MYOR,RG,1655,2,D,KK,KZ,F
11:21:53,MYOR,RG,1655,3,D,KK,NI,D
11:21:49,MYOR,RG,1655,1,D,YP,NI,D
11:21:30,MYOR,RG,1655,1,D,CC,NI,D
11:21:18,MYOR,RG,1655,10,D,YP,NI,D
11:21:14,MYOR,RG,1655,10,D,PD,NI,D
11:20:58,MYOR,RG,1650,33,D,YP,DH,D
11:20:58,MYOR,RG,1650,6,D,BB,DH,D
11:20:53,MYOR,RG,1650,25,D,BB,KZ,F
11:20:53,MYOR,RG,1650,14,D,BB,KZ,F
11:20:53,MYOR,RG,1650,3,D,BB,KZ,F
11:20:53,MYOR,RG,1645,30,D,SQ,KZ,F
11:20:51,MYOR,RG,1650,51,D,OD,KZ,F
11:20:51,MYOR,RG,1650,221,D,OD,IU,D
11:20:50,MYOR,RG,1645,1,D,SQ,KZ,F
11:20:49,MYOR,RG,1650,10,D,DR,IU,D
11:20:48,MYOR,RG,1645,2,D,SQ,KZ,F
11:20:47,MYOR,RG,1650,20,D,YP,IU,D
11:20:39,MYOR,RG,1645,1,D,SQ,KZ,F
11:20:38,MYOR,RG,1650,1,D,YP,IU,D
11:20:37,MYOR,RG,1645,4,D,SQ,PD,D
11:20:25,MYOR,RG,1645,1,D,SQ,KZ,F
11:20:24,MYOR,RG,1650,7,D,PD,IU,D
11:20:24,MYOR,RG,1650,2,D,XL,IU,D
11:20:19,MYOR,RG,1650,1,D,YP,IU,D
11:20:18,MYOR,RG,1645,1,D,SQ,KZ,F
11:20:16,MYOR,RG,1650,10,D,NI,IU,D
11:20:14,MYOR,RG,1645,1,D,SQ,KZ,F
11:20:13,MYOR,RG,1650,10,D,YP,IU,D
11:20:08,MYOR,RG,1650,1,D,BB,IU,D
11:20:07,MYOR,RG,1645,4,D,SQ,KZ,F
11:20:05,MYOR,RG,1650,10,D,YP,IU,D
11:20:05,MYOR,RG,1650,25,D,BB,IU,D
11:20:04,MYOR,RG,1645,4,D,SQ,KZ,F
11:20:03,MYOR,RG,1650,20,D,CC,IU,D
11:20:02,MYOR,RG,1650,12,D,BB,IU,D
11:20:01,MYOR,RG,1650,2,D,BB,IU,D
11:19:59,MYOR,RG,1645,6,D,SQ,KZ,F
11:19:57,MYOR,RG,1650,52,D,BB,IU,D
11:19:57,MYOR,RG,1645,6,D,SQ,KZ,F
11:19:56,MYOR,RG,1645,157,D,SQ,KZ,F
11:19:56,MYOR,RG,1650,2,D,BB,IU,D
11:19:55,MYOR,RG,1650,2,D,BB,IU,D
11:19:55,MYOR,RG,1650,1,D,BB,IU,D
11:19:55,MYOR,RG,1650,4,D,BB,IU,D
11:19:55,MYOR,RG,1650,1,D,BB,IU,D
11:19:55,MYOR,RG,1650,18,D,BB,IU,D
11:19:55,MYOR,RG,1650,25,D,BB,IU,D
11:19:55,MYOR,RG,1650,11,D,BB,IU,D
11:19:55,MYOR,RG,1650,1,D,PD,IU,D
11:19:55,MYOR,RG,1650,10,D,YB,IU,D
11:19:55,MYOR,RG,1650,86,D,BB,IU,D
11:19:55,MYOR,RG,1650,5,D,KK,IU,D
11:19:55,MYOR,RG,1650,1,D,XC,IU,D
11:19:55,MYOR,RG,1650,100,D,CC,IU,D
11:19:55,MYOR,RG,1650,1,D,DH,IU,D
11:19:55,MYOR,RG,1650,5,D,CC,IU,D
11:19:55,MYOR,RG,1650,91,D,BB,IU,D
11:19:55,MYOR,RG,1650,25,D,YB,IU,D
11:19:55,MYOR,RG,1650,1,D,BB,IU,D
11:19:55,MYOR,RG,1650,5,D,YP,IU,D
11:19:55,MYOR,RG,1650,11,D,BB,IU,D
11:19:55,MYOR,RG,1650,16,D,BB,IU,D
11:19:55,MYOR,RG,1650,150,D,BB,IU,D
11:19:55,MYOR,RG,1650,39,D,BB,IU,D
11:19:55,MYOR,RG,1650,1,D,BB,IU,D
11:19:55,MYOR,RG,1650,13,D,BB,IU,D
11:19:55,MYOR,RG,1650,1,D,BB,IU,D
11:19:55,MYOR,RG,1650,1,D,BB,IU,D
11:19:55,MYOR,RG,1650,1,D,BB,IU,D
11:19:55,MYOR,RG,1650,10,D,BB,IU,D
11:19:55,MYOR,RG,1650,1,D,BB,IU,D
11:19:55,MYOR,RG,1650,399,D,OD,IU,D
11:19:55,MYOR,RG,1655,1,D,XC,IU,D
11:19:55,MYOR,RG,1655,24,D,YU,IU,D
11:19:55,MYOR,RG,1655,10,D,YB,IU,D
11:19:55,MYOR,RG,1655,1,D,XC,IU,D
11:19:55,MYOR,RG,1655,7,D,XC,IU,D
11:19:55,MYOR,RG,1655,18,D,XL,IU,D
11:19:55,MYOR,RG,1655,2,D,XC,IU,D
11:19:55,MYOR,RG,1655,14,D,DR,IU,D
11:19:55,MYOR,RG,1655,250,D,YP,IU,D
11:19:55,MYOR,RG,1655,21,D,YP,IU,D
11:19:55,MYOR,RG,1660,1,F,AK,IU,D
11:19:55,MYOR,RG,1660,2,D,PD,IU,D
11:19:55,MYOR,RG,1660,2,D,PD,IU,D
11:19:55,MYOR,RG,1660,10,D,YP,IU,D
11:19:55,MYOR,RG,1660,60,D,LG,IU,D
11:19:55,MYOR,RG,1660,8,D,AZ,IU,D
11:19:52,MYOR,RG,1660,1,D,AZ,KZ,F
11:19:51,MYOR,RG,1660,1,D,AZ,DR,D
11:19:51,MYOR,RG,1660,12,D,AZ,AZ,D
11:19:18,MYOR,RG,1665,1,D,NI,XC,D
11:19:18,MYOR,RG,1655,8,D,YP,KZ,F
11:19:17,MYOR,RG,1660,7,D,XC,KZ,F
11:19:17,MYOR,RG,1660,10,D,DH,KZ,F
11:19:17,MYOR,RG,1660,1,F,AK,KZ,F
11:19:17,MYOR,RG,1660,2,D,EP,KZ,F
11:19:16,MYOR,RG,1660,8,D,EP,BQ,D
11:19:16,MYOR,RG,1660,2,D,CC,BQ,D
11:19:16,MYOR,RG,1660,20,D,KK,BQ,D
11:19:16,MYOR,RG,1660,2,D,YP,BQ,D
11:19:16,MYOR,RG,1660,218,D,YP,BQ,D
11:19:15,MYOR,RG,1660,9,D,YP,KZ,F
11:19:14,MYOR,RG,1660,23,D,YP,AT,D
11:19:14,MYOR,RG,1660,50,D,SQ,AT,D
11:19:14,MYOR,RG,1660,7,D,PD,AT,D
11:19:02,MYOR,RG,1665,3,D,XL,XC,D
11:18:54,MYOR,RG,1660,1,D,PD,KZ,F
11:18:53,MYOR,RG,1665,7,D,YP,XC,D
11:18:47,MYOR,RG,1660,6,D,PD,KZ,F
11:18:46,MYOR,RG,1660,50,D,PD,CC,D
11:18:31,MYOR,RG,1660,1,D,PD,KZ,F
11:18:30,MYOR,RG,1665,10,D,EP,XC,D
11:18:29,MYOR,RG,1665,2,D,XC,XC,D
11:18:23,MYOR,RG,1665,1,D,XL,XC,D
11:18:11,MYOR,RG,1660,7,D,PD,KZ,F
11:18:10,MYOR,RG,1660,1,D,PD,AK,F
11:18:10,MYOR,RG,1660,15,D,PD,AK,F
11:18:09,MYOR,RG,1660,1,D,PD,KZ,F
11:18:09,MYOR,RG,1660,5,D,PD,KZ,F
11:18:09,MYOR,RG,1660,5,D,PD,KZ,F
11:18:09,MYOR,RG,1660,27,D,PD,KZ,F
11:18:09,MYOR,RG,1660,1,D,PD,KZ,F
11:18:09,MYOR,RG,1660,1,D,PD,AK,F
11:18:09,MYOR,RG,1660,12,D,PD,AK,F
11:17:59,MYOR,RG,1660,5,D,DR,AK,F
11:17:52,MYOR,RG,1660,1,D,YP,AK,F
11:17:44,MYOR,RG,1660,1,D,PD,AK,F
11:17:44,MYOR,RG,1655,6,D,YP,KZ,F
11:17:42,MYOR,RG,1660,2,D,YP,AK,F
11:17:42,MYOR,RG,1660,4,D,YP,KZ,F
11:17:42,MYOR,RG,1660,26,D,YP,KZ,F
11:17:42,MYOR,RG,1660,18,D,YP,NI,D
11:17:36,MYOR,RG,1655,1,D,YP,KZ,F
11:17:35,MYOR,RG,1660,5,D,YB,NI,D
11:17:25,MYOR,RG,1660,2,F,AK,NI,D
11:17:25,MYOR,RG,1660,4,F,AK,NI,D
11:17:25,MYOR,RG,1660,2,D,DX,NI,D
11:17:21,MYOR,RG,1660,4,D,DX,KZ,F
11:17:20,MYOR,RG,1660,8,D,BQ,KZ,F
11:17:19,MYOR,RG,1660,11,D,BQ,YP,D
11:17:19,MYOR,RG,1660,93,D,OD,YP,D
11:17:11,MYOR,RG,1660,1,D,OD,PD,D
11:17:09,MYOR,RG,1660,18,D,OD,KZ,F
11:17:08,MYOR,RG,1660,160,D,OD,SQ,D
11:17:06,MYOR,RG,1660,19,D,OD,KZ,F
11:17:06,MYOR,RG,1660,31,D,OD,AK,F
11:17:05,MYOR,RG,1660,96,D,OD,BK,F
11:17:05,MYOR,RG,1660,1,D,OD,KZ,F
11:17:05,MYOR,RG,1660,10,D,OD,GR,D
11:17:05,MYOR,RG,1660,17,D,OD,KZ,F
11:17:05,MYOR,RG,1660,1,D,OD,KZ,F
11:17:05,MYOR,RG,1660,19,D,OD,YP,D
11:17:05,MYOR,RG,1660,20,D,OD,KZ,F
11:17:05,MYOR,RG,1660,3,D,OD,AK,F
11:17:05,MYOR,RG,1660,4,D,OD,KZ,F
11:17:05,MYOR,RG,1660,5,D,OD,AK,F
11:17:05,MYOR,RG,1660,2,D,OD,KZ,F
11:17:00,MYOR,RG,1660,1,D,OD,KZ,F
11:17:00,MYOR,RG,1655,1,D,YP,KZ,F
11:16:58,MYOR,RG,1660,10,D,YP,BK,F
11:16:54,MYOR,RG,1655,1,D,YP,KZ,F
11:16:54,MYOR,RG,1660,10,D,YP,BK,F
11:16:53,MYOR,RG,1655,3,D,YP,KZ,F
11:16:52,MYOR,RG,1660,30,D,YP,BK,F
11:16:52,MYOR,RG,1655,5,D,YP,KZ,F
11:16:52,MYOR,RG,1660,11,D,XC,BK,F
11:16:50,MYOR,RG,1660,20,D,XL,BK,F
11:16:50,MYOR,RG,1660,10,D,XL,YP,D
11:16:42,MYOR,RG,1655,1,D,YP,KZ,F
11:16:40,MYOR,RG,1660,4,D,XC,YP,D
11:16:40,MYOR,RG,1660,2,D,XC,KZ,F
11:16:40,MYOR,RG,1660,1,D,XC,YP,D
11:16:37,MYOR,RG,1660,1,D,CC,YP,D
11:16:37,MYOR,RG,1660,1,D,CC,DR,D
11:16:20,MYOR,RG,1655,4,D,YP,KZ,F
11:16:19,MYOR,RG,1655,1,D,YP,KZ,F
11:16:19,MYOR,RG,1655,1,D,YP,KZ,F
11:16:19,MYOR,RG,1655,35,D,YP,KZ,F
11:16:19,MYOR,RG,1655,12,D,YP,AK,F
11:16:18,MYOR,RG,1650,16,D,OD,KZ,F
11:16:17,MYOR,RG,1655,1,D,PD,AK,F
11:16:16,MYOR,RG,1655,5,D,XC,AK,F
11:16:16,MYOR,RG,1655,68,D,XC,AK,F
11:16:16,MYOR,RG,1655,64,D,XC,YP,D
11:16:15,MYOR,RG,1650,3,D,OD,KZ,F
11:16:14,MYOR,RG,1655,5,D,YP,YP,D
11:16:13,MYOR,RG,1655,20,D,KK,YP,D
11:16:13,MYOR,RG,1655,10,D,HP,YP,D
11:16:12,MYOR,RG,1650,12,D,OD,KZ,F
11:16:10,MYOR,RG,1655,51,D,DX,YP,D
11:16:10,MYOR,RG,1655,49,D,DX,KZ,F
11:16:06,MYOR,RG,1650,1,D,OD,DH,D
11:15:50,MYOR,RG,1650,57,D,OD,KZ,F
11:15:49,MYOR,RG,1650,72,D,OD,AK,F
11:15:49,MYOR,RG,1650,21,D,OD,AK,F
11:15:49,MYOR,RG,1650,3,D,OD,AK,F
11:15:49,MYOR,RG,1650,416,D,OD,AK,F
11:15:49,MYOR,RG,1645,18,D,SQ,KZ,F
11:15:48,MYOR,RG,1650,6,D,SQ,KZ,F
11:15:48,MYOR,RG,1650,19,D,SQ,KZ,F
11:15:48,MYOR,RG,1650,17,D,SQ,KZ,F
11:15:48,MYOR,RG,1650,1,D,SQ,PD,D
11:15:48,MYOR,RG,1650,83,D,SQ,KZ,F
11:15:48,MYOR,RG,1650,6,D,SQ,AK,F
11:15:48,MYOR,RG,1650,26,D,SQ,AK,F
11:15:48,MYOR,RG,1650,2,D,SQ,SQ,D
11:15:47,MYOR,RG,1650,10,D,YP,SQ,D
11:15:47,MYOR,RG,1645,37,D,SQ,KZ,F
11:15:45,MYOR,RG,1650,332,D,YP,SQ,D
11:15:31,MYOR,RG,1645,13,D,SQ,KZ,F
11:15:30,MYOR,RG,1645,30,D,SQ,KZ,F
11:15:30,MYOR,RG,1645,116,D,SQ,AK,F
11:15:29,MYOR,RG,1645,145,D,SQ,AK,F
11:15:29,MYOR,RG,1645,20,D,SQ,KZ,F
11:15:29,MYOR,RG,1645,46,D,SQ,KZ,F
11:15:29,MYOR,RG,1645,20,D,SQ,KZ,F
11:15:29,MYOR,RG,1645,116,D,SQ,AK,F
11:15:29,MYOR,RG,1645,1,D,SQ,KZ,F
11:15:29,MYOR,RG,1645,19,D,SQ,KZ,F
11:15:29,MYOR,RG,1645,11,D,SQ,KZ,F
11:15:29,MYOR,RG,1645,94,D,SQ,AK,F
11:15:23,MYOR,RG,1635,3,D,YP,KZ,F
11:15:23,MYOR,RG,1635,2,D,YP,CP,D
11:15:23,MYOR,RG,1635,3,D,YP,CP,D
11:15:23,MYOR,RG,1635,2,D,BB,CP,D
11:15:23,MYOR,RG,1635,2,D,YP,CP,D
11:15:23,MYOR,RG,1635,1,D,PD,CP,D
11:15:23,MYOR,RG,1635,10,D,GR,CP,D
11:15:04,MYOR,RG,1630,1,D,BB,YP,D
11:15:04,MYOR,RG,1630,2,D,BB,YP,D
11:14:59,MYOR,RG,1630,5,D,BB,KZ,F
11:14:59,MYOR,RG,1630,9,D,BB,KZ,F
11:14:59,MYOR,RG,1630,1,D,PD,KZ,F
11:14:59,MYOR,RG,1630,1,D,CC,KZ,F
11:14:59,MYOR,RG,1630,1,D,XC,KZ,F
11:14:59,MYOR,RG,1630,5,D,PD,KZ,F
11:14:59,MYOR,RG,1630,1,D,AT,KZ,F
11:14:59,MYOR,RG,1630,10,D,ZP,KZ,F
11:14:58,MYOR,RG,1645,4,D,YP,AK,F
11:14:58,MYOR,RG,1645,6,D,YP,AK,F
11:14:58,MYOR,RG,1635,5,D,YP,KZ,F
11:14:58,MYOR,RG,1635,100,D,PD,KZ,F
11:14:58,MYOR,RG,1635,1,D,CC,KZ,F
11:14:58,MYOR,RG,1635,1,D,KK,KZ,F
11:14:57,MYOR,RG,1640,1,F,AK,KZ,F
11:14:57,MYOR,RG,1640,1,D,XC,KZ,F
11:14:57,MYOR,RG,1640,1,D,CC,KZ,F
11:14:57,MYOR,RG,1640,30,D,NI,KZ,F
11:14:57,MYOR,RG,1640,1,D,XL,KZ,F
11:14:57,MYOR,RG,1640,2,D,YP,KZ,F
11:14:57,MYOR,RG,1640,10,D,PD,KZ,F
11:14:56,MYOR,RG,1650,39,D,CC,SQ,D
11:14:56,MYOR,RG,1645,5,D,CC,YP,D
11:14:56,MYOR,RG,1645,6,D,CC,AK,F
11:14:45,MYOR,RG,1645,1,D,YP,KZ,F
11:14:45,MYOR,RG,1650,56,D,NI,SQ,D
11:14:45,MYOR,RG,1650,50,D,GR,SQ,D
11:14:45,MYOR,RG,1645,5,D,KK,AK,F
11:14:45,MYOR,RG,1645,1,D,CC,AK,F
11:14:45,MYOR,RG,1645,1,D,DR,AK,F
11:14:45,MYOR,RG,1650,1,D,PD,SQ,D
11:14:44,MYOR,RG,1650,48,D,BB,SQ,D
11:14:44,MYOR,RG,1650,4,D,BB,SQ,D
11:14:44,MYOR,RG,1650,7,D,BB,SQ,D
11:14:44,MYOR,RG,1650,4,D,BB,SQ,D
11:14:44,MYOR,RG,1650,5,D,XC,SQ,D
11:14:44,MYOR,RG,1650,50,D,CC,SQ,D
11:14:44,MYOR,RG,1650,76,D,YU,SQ,D
11:14:44,MYOR,RG,1650,3,D,BB,SQ,D
11:14:44,MYOR,RG,1650,20,D,CC,SQ,D
11:14:44,MYOR,RG,1650,329,D,BB,SQ,D
11:14:44,MYOR,RG,1650,207,D,BB,SQ,D
11:14:44,MYOR,RG,1650,10,D,BB,SQ,D
11:14:44,MYOR,RG,1650,45,D,BB,SQ,D
11:14:44,MYOR,RG,1650,9,D,BB,SQ,D
11:14:44,MYOR,RG,1650,31,D,BB,SQ,D
11:14:44,MYOR,RG,1650,30,D,BB,SQ,D
11:14:44,MYOR,RG,1650,99,D,BB,SQ,D
11:14:44,MYOR,RG,1650,2,D,PD,SQ,D
11:14:44,MYOR,RG,1650,1,D,YP,SQ,D
11:14:44,MYOR,RG,1650,12,D,PD,SQ,D
