Time,Stock,Brd,Price,Qty,BT,BC,SC,ST
15:09:03,MYOR,RG,2430,3,D,DX,AZ,D
15:07:04,MYOR,RG,2430,20,D,DX,YP,D
15:06:43,MYOR,RG,2430,1,D,DX,EP,D
15:06:21,MYOR,RG,2430,5,D,AK,EP,D
15:06:21,MYOR,RG,2430,12,D,AK,EP,D
15:06:21,MYOR,RG,2430,12,D,AK,EP,D
15:06:21,MYOR,RG,2430,6,D,AK,CC,D
15:06:21,MYOR,RG,2430,10,D,AK,YP,D
15:06:21,MYOR,RG,2430,22,D,AK,YP,D
15:06:21,MYOR,RG,2430,11,D,AK,YP,D
15:06:21,MYOR,RG,2430,1,D,AK,YP,D
15:06:21,MYOR,RG,2430,11,D,AK,YP,D
15:06:21,MYOR,RG,2430,13,D,AK,YP,D
15:06:20,MYOR,RG,2430,5,D,AK,YP,D
15:06:20,MYOR,RG,2430,18,D,AK,YP,D
15:06:20,MYOR,RG,2430,14,D,AK,YP,D
15:05:14,MYOR,RG,2430,20,D,XC,YP,D
15:05:14,MYOR,RG,2430,15,D,DX,YP,D
15:04:55,MYOR,RG,2430,14,D,DX,YP,D
15:03:54,MYOR,RG,2430,8,D,DX,DR,D
15:03:54,MYOR,RG,2430,10,D,DX,DR,D
15:02:20,MYOR,RG,2430,2,D,DX,XL,D
15:02:05,MYOR,RG,2430,8,D,DX,YP,D
15:02:05,MYOR,RG,2430,20,D,DX,CC,D
15:02:05,MYOR,RG,2430,10,D,DX,CC,D
15:02:05,MYOR,RG,2430,7,D,DX,AZ,D
15:02:05,MYOR,RG,2430,180,D,DX,DX,F
15:02:05,MYOR,RG,2430,25,D,DX,DX,F
15:02:05,MYOR,RG,2430,65,D,DX,DX,F
15:02:05,MYOR,RG,2430,200,D,DX,DX,F
15:02:05,MYOR,RG,2430,65,D,DX,DX,F
15:02:05,MYOR,RG,2430,22,D,DX,DX,F
15:02:05,MYOR,RG,2430,125,D,DX,DX,F
15:01:03,MYOR,RG,2430,96,F,AK,DX,F
15:01:02,MYOR,RG,2430,4,D,PD,DX,F
15:01:02,MYOR,RG,2430,112,D,DX,DX,F
15:01:02,MYOR,RG,2430,712,D,DX,DX,F
15:01:02,MYOR,RG,2430,75,D,DX,DX,F
15:01:02,MYOR,RG,2430,195,D,DX,DX,F
15:01:02,MYOR,RG,2430,600,D,DX,DX,F
15:01:02,MYOR,RG,2430,195,D,DX,DX,F
15:01:02,MYOR,RG,2430,67,D,DX,DX,F
15:01:02,MYOR,RG,2430,375,D,DX,DX,F
15:01:02,MYOR,RG,2430,3,D,XC,DX,F
15:01:02,MYOR,RG,2430,10,D,KK,DX,F
15:01:02,MYOR,RG,2430,1,D,HP,DX,F
15:01:02,MYOR,RG,2430,1,D,PD,DX,F
15:01:02,MYOR,RG,2430,10,D,CC,DX,F
15:01:02,MYOR,RG,2430,1,D,LG,DX,F
15:01:02,MYOR,RG,2430,10,D,XC,DX,F
15:01:02,MYOR,RG,2430,2,D,LG,DX,F
15:01:02,MYOR,RG,2430,2,D,YP,DX,F
15:01:02,MYOR,RG,2430,1,D,PD,DX,F
15:01:02,MYOR,RG,2430,1,D,PD,DX,F
15:01:02,MYOR,RG,2430,10,D,YP,DX,F
15:01:02,MYOR,RG,2430,2,D,XC,DX,F
15:01:02,MYOR,RG,2430,8,D,PD,DX,F
15:01:02,MYOR,RG,2430,40,D,XC,DX,F
15:01:02,MYOR,RG,2430,1,D,PD,DX,F
15:01:02,MYOR,RG,2430,153,D,XL,DX,F
15:01:02,MYOR,RG,2430,2,D,XL,DX,F
15:01:02,MYOR,RG,2430,1,D,XC,DX,F
15:01:02,MYOR,RG,2430,1,D,YP,DX,F
15:01:02,MYOR,RG,2430,5,D,OD,DX,F
15:01:02,MYOR,RG,2430,2,D,YP,DX,F
15:01:02,MYOR,RG,2430,1,D,XL,DX,F
15:01:02,MYOR,RG,2430,8,D,BQ,DX,F
15:01:02,MYOR,RG,2430,1,D,XC,DX,F
15:01:02,MYOR,RG,2430,1,D,PD,DX,F
15:01:02,MYOR,RG,2430,384,D,GR,DX,F
15:00:00,MYOR,RG,2430,10,D,GR,CC,D
15:00:00,MYOR,RG,2430,10,D,GR,KK,D
15:00:00,MYOR,RG,2430,51,D,GR,KK,D
15:00:00,MYOR,RG,2430,1,D,YU,KK,D
15:00:00,MYOR,RG,2430,19,D,YP,KK,D
15:00:00,MYOR,RG,2430,10,D,YP,KK,D
15:00:00,MYOR,RG,2430,30,F,AK,KK,D
15:00:00,MYOR,RG,2430,53,F,AK,KK,D
15:00:00,MYOR,RG,2430,2,F,AK,KK,D
15:00:00,MYOR,RG,2430,6,F,AK,KK,D
15:00:00,MYOR,RG,2430,12,F,AK,KK,D
15:00:00,MYOR,RG,2430,1,F,AK,KK,D
15:00:00,MYOR,RG,2430,2,F,AK,KK,D
15:00:00,MYOR,RG,2430,127,F,AK,KK,D
15:00:00,MYOR,RG,2430,86,F,AK,KK,D
15:00:00,MYOR,RG,2430,30,F,AK,IU,D
15:00:00,MYOR,RG,2430,52,F,AK,BK,F
15:00:00,MYOR,RG,2430,6,F,YU,BK,F
15:00:00,MYOR,RG,2430,7,F,ZP,BK,F
15:00:00,MYOR,RG,2430,1,F,ZP,BK,F
15:00:00,MYOR,RG,2430,6,F,ZP,BK,F
15:00:00,MYOR,RG,2430,4,F,YU,BK,F
15:00:00,MYOR,RG,2430,9,F,YU,BK,F
15:00:00,MYOR,RG,2430,18,F,ZP,BK,F
15:00:00,MYOR,RG,2430,10,F,YU,BK,F
15:00:00,MYOR,RG,2430,42,F,ZP,BK,F
15:00:00,MYOR,RG,2430,12,F,YU,BK,F
15:00:00,MYOR,RG,2430,5,F,AK,BK,F
15:00:00,MYOR,RG,2430,8,F,AK,BK,F
15:00:00,MYOR,RG,2430,9,F,AK,BK,F
15:00:00,MYOR,RG,2430,91,D,ZP,BK,F
15:00:00,MYOR,RG,2430,24,D,ZP,BK,F
15:00:00,MYOR,RG,2430,257,D,ZP,BK,F
15:00:00,MYOR,RG,2430,19,D,ZP,AK,F
15:00:00,MYOR,RG,2430,29,D,ZP,AK,F
14:49:44,MYOR,RG,2440,12,F,AK,DX,F
14:49:44,MYOR,RG,2440,3,F,AK,DX,F
14:49:38,MYOR,RG,2430,59,D,GR,YB,D
14:49:31,MYOR,RG,2440,1,F,AK,DX,F
14:49:31,MYOR,RG,2440,1,F,AK,DX,F
14:49:16,MYOR,RG,2440,1,F,AK,DX,F
14:49:10,MYOR,RG,2440,31,F,YU,DX,F
14:49:10,MYOR,RG,2440,1,F,YU,LG,D
14:49:01,MYOR,RG,2440,1,F,AK,LG,D
14:48:51,MYOR,RG,2440,1,F,AK,LG,D
14:48:46,MYOR,RG,2440,1,F,AK,LG,D
14:48:24,MYOR,RG,2440,5,F,AK,LG,D
14:48:16,MYOR,RG,2440,1,F,AK,LG,D
14:48:15,MYOR,RG,2450,24,F,YU,KZ,D
14:48:15,MYOR,RG,2450,1,F,YU,XC,D
14:48:15,MYOR,RG,2450,1,F,YU,XC,D
14:48:15,MYOR,RG,2450,5,F,YU,AZ,D
14:48:14,MYOR,RG,2440,10,F,AK,DX,F
14:48:08,MYOR,RG,2440,11,F,AK,DX,F
14:48:08,MYOR,RG,2440,3,F,AK,DX,F
14:48:08,MYOR,RG,2440,24,F,AK,AK,F
14:48:08,MYOR,RG,2440,15,F,AK,KK,D
14:48:08,MYOR,RG,2440,17,F,AK,DX,F
14:48:08,MYOR,RG,2440,8,F,AK,DX,F
14:48:08,MYOR,RG,2440,33,D,DX,DX,F
14:48:08,MYOR,RG,2440,213,D,DX,DX,F
14:48:08,MYOR,RG,2440,22,D,DX,DX,F
14:48:08,MYOR,RG,2440,33,D,DX,DX,F
14:48:08,MYOR,RG,2440,5,D,DX,GR,D
14:48:08,MYOR,RG,2440,20,D,DX,PD,D
14:48:08,MYOR,RG,2440,61,D,DX,PD,D
14:48:08,MYOR,RG,2440,7,D,DX,AK,F
14:48:08,MYOR,RG,2440,21,D,DX,AK,F
14:48:08,MYOR,RG,2440,25,D,DX,CC,D
14:48:08,MYOR,RG,2440,2,D,DX,YP,D
14:48:08,MYOR,RG,2440,64,D,DX,DX,F
14:48:08,MYOR,RG,2440,58,D,DX,DX,F
14:48:08,MYOR,RG,2440,20,D,DX,DX,F
14:48:08,MYOR,RG,2440,112,D,DX,DX,F
14:47:31,MYOR,RG,2440,3,F,AK,DX,F
14:47:01,MYOR,RG,2440,4,F,AK,DX,F
14:47:01,MYOR,RG,2430,34,D,GR,AK,F
14:46:38,MYOR,RG,2440,1,D,LG,DX,F
14:46:31,MYOR,RG,2440,1,F,AK,DX,F
14:46:31,MYOR,RG,2440,2,F,AK,DX,F
14:46:31,MYOR,RG,2440,7,F,AK,DX,F
14:46:05,MYOR,RG,2440,2,F,AK,DX,F
14:46:04,MYOR,RG,2440,28,F,AK,DX,F
14:46:01,MYOR,RG,2440,1,F,AK,DX,F
14:45:36,MYOR,RG,2440,1,F,AK,DX,F
14:45:31,MYOR,RG,2440,3,F,AK,DX,F
14:45:24,MYOR,RG,2440,1,F,AK,DX,F
14:45:24,MYOR,RG,2440,8,F,AK,DX,F
14:45:16,MYOR,RG,2440,3,F,AK,DX,F
14:45:16,MYOR,RG,2430,32,D,GR,AK,F
14:45:01,MYOR,RG,2440,6,F,AK,DX,F
14:45:01,MYOR,RG,2440,1,F,AK,DX,F
14:45:01,MYOR,RG,2440,2,F,AK,DX,F
14:45:00,MYOR,RG,2430,10,D,GR,AZ,D
14:43:31,MYOR,RG,2440,2,F,AK,DX,F
14:43:30,MYOR,RG,2440,20,D,YP,DX,F
14:43:01,MYOR,RG,2440,4,F,AK,DX,F
14:41:23,MYOR,RG,2440,1,D,XC,DX,F
14:41:09,MYOR,RG,2440,1,D,XC,DX,F
14:40:48,MYOR,RG,2440,1,D,PD,DX,F
14:40:46,MYOR,RG,2440,8,F,AK,DX,F
14:40:31,MYOR,RG,2440,2,F,AK,DX,F
14:40:29,MYOR,RG,2440,25,F,AK,DX,F
14:37:24,MYOR,RG,2440,6,D,CC,DX,F
14:37:12,MYOR,RG,2430,10,D,GR,AZ,D
14:36:34,MYOR,RG,2440,10,F,AK,DX,F
14:36:28,MYOR,RG,2440,9,F,AK,DX,F
14:36:28,MYOR,RG,2440,17,F,CC,DX,F
14:36:21,MYOR,RG,2440,107,F,CC,DX,F
14:36:14,MYOR,RG,2440,8,F,AK,DX,F
14:36:13,MYOR,RG,2440,7,F,AK,DX,F
14:36:12,MYOR,RG,2440,29,F,CC,DX,F
14:36:00,MYOR,RG,2440,15,F,CC,DX,F
14:36:00,MYOR,RG,2440,10,F,CC,AK,F
14:36:00,MYOR,RG,2440,19,F,CC,AK,F
14:36:00,MYOR,RG,2440,18,F,CC,AK,F
14:34:11,MYOR,RG,2440,1,F,AK,DX,F
14:34:11,MYOR,RG,2440,6,F,AK,DX,F
14:34:11,MYOR,RG,2440,1,F,AK,DX,F
14:34:11,MYOR,RG,2440,3,F,AK,DX,F
14:34:11,MYOR,RG,2440,1,F,AK,DX,F
14:34:11,MYOR,RG,2440,2,F,AK,DX,F
14:34:10,MYOR,RG,2440,6,F,AK,DX,F
14:34:10,MYOR,RG,2440,2,F,AK,CP,D
14:34:10,MYOR,RG,2440,9,F,AK,CP,D
14:34:10,MYOR,RG,2440,3,D,AT,CP,D
14:34:10,MYOR,RG,2440,2,D,YP,CP,D
14:34:10,MYOR,RG,2440,15,F,ZP,CP,D
14:34:10,MYOR,RG,2440,1,F,AK,CP,D
14:34:10,MYOR,RG,2440,1,F,AK,CP,D
14:34:10,MYOR,RG,2440,1,F,AK,CP,D
14:34:10,MYOR,RG,2440,1,F,AK,CP,D
14:34:10,MYOR,RG,2440,49,F,CC,CP,D
14:34:02,MYOR,RG,2440,28,F,CC,CC,D
14:34:01,MYOR,RG,2450,1,F,AK,DX,F
14:32:15,MYOR,RG,2440,16,F,CC,AK,F
14:31:47,MYOR,RG,2440,2,F,CC,YU,D
14:30:51,MYOR,RG,2440,1,F,CC,XC,D
14:30:51,MYOR,RG,2440,2,F,CC,XC,D
14:30:06,MYOR,RG,2450,2,F,AK,DX,F
14:29:55,MYOR,RG,2440,9,F,CC,YP,D
14:29:01,MYOR,RG,2440,4,F,CC,AK,F
14:29:01,MYOR,RG,2440,10,D,CC,AK,F
14:29:01,MYOR,RG,2440,1,D,CC,AK,F
14:26:52,MYOR,RG,2450,5,D,XC,DX,F
14:25:01,MYOR,RG,2450,11,F,AK,DX,F
14:25:00,MYOR,RG,2440,3,D,CC,AK,F
14:25:00,MYOR,RG,2440,1,D,CP,AK,F
14:25:00,MYOR,RG,2440,1,D,CP,AK,F
14:25:00,MYOR,RG,2440,2,D,LG,AK,F
14:25:00,MYOR,RG,2440,7,D,XC,AK,F
14:23:09,MYOR,RG,2440,3,D,XC,XC,D
14:23:09,MYOR,RG,2440,1,D,YP,XC,D
14:23:09,MYOR,RG,2440,1,F,AK,XC,D
14:23:09,MYOR,RG,2440,1,F,AK,XC,D
14:23:09,MYOR,RG,2440,1,D,YP,XC,D
14:23:09,MYOR,RG,2440,1,D,YP,XC,D
14:23:09,MYOR,RG,2440,29,F,YU,XC,D
14:23:09,MYOR,RG,2440,1,F,AK,XC,D
14:23:09,MYOR,RG,2440,12,F,ZP,XC,D
14:22:57,MYOR,RG,2440,14,F,ZP,IF,D
14:17:51,MYOR,RG,2450,2,F,AK,DX,F
14:15:30,MYOR,RG,2440,11,F,ZP,AK,F
14:15:15,MYOR,RG,2450,1,F,AK,DX,F
14:14:42,MYOR,RG,2440,4,F,ZP,XL,D
14:12:21,MYOR,RG,2450,1,F,AK,DX,F
14:11:16,MYOR,RG,2450,1,F,AK,DX,F
14:11:15,MYOR,RG,2440,11,F,ZP,AK,F
14:09:41,MYOR,RG,2440,2,F,ZP,HP,D
14:09:41,MYOR,RG,2440,1,F,AK,HP,D
14:09:00,MYOR,RG,2450,1,F,AK,DX,F
14:08:47,MYOR,RG,2440,1,F,BK,CP,D
14:08:39,MYOR,RG,2440,1,F,BK,CP,D
14:07:37,MYOR,RG,2450,6,F,AK,DX,F
14:05:58,MYOR,RG,2450,33,F,YU,DX,F
14:04:55,MYOR,RG,2440,50,F,BK,LG,D
14:04:42,MYOR,RG,2440,60,F,BK,PD,D
14:04:12,MYOR,RG,2440,15,F,BK,CC,D
14:03:30,MYOR,RG,2440,7,F,BK,AK,F
14:03:17,MYOR,RG,2440,5,F,BK,CP,D
14:01:55,MYOR,RG,2440,19,F,BK,CD,D
14:01:55,MYOR,RG,2440,3,F,CC,CD,D
14:01:55,MYOR,RG,2440,1,F,AK,CD,D
14:01:55,MYOR,RG,2440,1,F,AK,CD,D
14:01:55,MYOR,RG,2440,26,F,AK,CD,D
14:00:00,MYOR,RG,2440,7,F,AK,AK,F
13:59:00,MYOR,RG,2450,1,F,AK,DX,F
13:57:34,MYOR,RG,2440,5,F,AK,XC,D
13:57:30,MYOR,RG,2440,8,F,AK,AK,F
13:57:30,MYOR,RG,2450,3,F,AK,DX,F
13:57:00,MYOR,RG,2450,1,F,AK,DX,F
13:56:15,MYOR,RG,2440,5,F,AK,AK,F
13:56:15,MYOR,RG,2440,1,F,AK,AK,F
13:55:58,MYOR,RG,2440,3,F,AK,DH,D
13:55:22,MYOR,RG,2450,2,F,AK,DX,F
13:55:00,MYOR,RG,2450,1,F,AK,DX,F
13:53:15,MYOR,RG,2450,1,F,AK,DX,F
13:53:15,MYOR,RG,2440,12,F,AK,AK,F
13:51:45,MYOR,RG,2450,1,F,AK,DX,F
13:51:45,MYOR,RG,2450,2,F,AK,DX,F
13:51:08,MYOR,RG,2440,4,F,AK,NI,D
13:49:48,MYOR,RG,2450,6,F,AK,DX,F
13:49:47,MYOR,RG,2440,20,F,AK,XA,F
13:37:03,MYOR,RG,2450,1,D,XL,DX,F
13:36:56,MYOR,RG,2450,63,D,CC,DX,F
13:34:51,MYOR,RG,2450,3,D,LG,DX,F
13:32:45,MYOR,RG,2450,2,F,AK,DX,F
13:32:45,MYOR,RG,2450,30,F,AK,DX,F
13:31:35,MYOR,RG,2440,28,F,AK,CC,D
13:31:35,MYOR,RG,2440,26,F,YU,CC,D
13:31:35,MYOR,RG,2440,10,D,XC,CC,D
13:31:35,MYOR,RG,2440,1,D,YP,CC,D
13:31:35,MYOR,RG,2440,2,D,XL,CC,D
13:31:35,MYOR,RG,2440,2,D,XL,CC,D
13:31:35,MYOR,RG,2440,68,F,ZP,CC,D
13:31:35,MYOR,RG,2440,32,F,YU,CC,D
13:31:35,MYOR,RG,2440,6,F,ZP,CC,D
13:30:14,MYOR,RG,2450,9,F,AK,DX,F
13:30:14,MYOR,RG,2450,103,F,BK,DX,F
13:30:14,MYOR,RG,2450,1,F,BK,YB,D
13:30:14,MYOR,RG,2450,5,F,BK,XC,D
13:30:14,MYOR,RG,2450,14,F,BK,XC,D
13:30:10,MYOR,RG,2450,3,F,AK,XC,D
13:30:07,MYOR,RG,2450,4,F,AK,XC,D
13:30:06,MYOR,RG,2450,2,F,AK,XC,D
13:30:03,MYOR,RG,2450,1,D,YP,XC,D
13:30:02,MYOR,RG,2450,5,D,XL,CC,D
13:30:02,MYOR,RG,2440,3,F,ZP,XL,D
13:30:02,MYOR,RG,2440,1,F,KZ,XL,D
13:30:01,MYOR,RG,2450,2,D,PD,CC,D
13:30:01,MYOR,RG,2450,1,D,XC,CC,D
13:30:01,MYOR,RG,2450,1,D,XC,CC,D
13:30:01,MYOR,RG,2450,1,D,XC,CC,D
13:30:01,MYOR,RG,2450,9,D,XC,EP,D
13:30:01,MYOR,RG,2450,2,D,PD,EP,D
13:30:01,MYOR,RG,2450,1,D,PD,EP,D
13:30:01,MYOR,RG,2450,1,D,DH,EP,D
11:29:45,MYOR,RG,2450,1,F,AK,EP,D
11:29:45,MYOR,RG,2440,4,F,YU,AK,F
11:29:31,MYOR,RG,2450,1,F,AK,EP,D
11:29:30,MYOR,RG,2440,2,F,YU,AK,F
11:29:11,MYOR,RG,2450,5,F,AK,EP,D
11:29:11,MYOR,RG,2440,4,F,YU,PD,D
11:28:31,MYOR,RG,2450,1,F,AK,EP,D
11:25:13,MYOR,RG,2450,2,F,KZ,EP,D
11:25:05,MYOR,RG,2450,2,F,KZ,EP,D
11:25:05,MYOR,RG,2450,1,F,KZ,XC,D
11:25:03,MYOR,RG,2450,1,F,KZ,XC,D
11:25:03,MYOR,RG,2450,4,F,KZ,EP,D
11:24:52,MYOR,RG,2450,3,F,KZ,EP,D
11:24:52,MYOR,RG,2450,5,F,KZ,AK,F
11:24:52,MYOR,RG,2450,6,F,CC,AK,F
11:24:52,MYOR,RG,2450,12,F,CC,DX,F
11:24:48,MYOR,RG,2450,7,F,KZ,DX,F
11:24:45,MYOR,RG,2440,5,F,YU,AK,F
11:24:45,MYOR,RG,2450,6,F,KZ,DX,F
11:24:45,MYOR,RG,2450,11,F,AK,DX,F
11:24:45,MYOR,RG,2450,50,D,CC,DX,F
11:24:43,MYOR,RG,2450,2,F,KZ,DX,F
11:24:42,MYOR,RG,2450,17,F,CC,DX,F
11:24:38,MYOR,RG,2450,3,F,KZ,DX,F
11:24:38,MYOR,RG,2450,6,F,KZ,DX,F
11:24:34,MYOR,RG,2450,3,F,KZ,DX,F
11:24:34,MYOR,RG,2450,19,F,CC,DX,F
11:24:23,MYOR,RG,2450,12,F,CC,DX,F
11:24:15,MYOR,RG,2440,1,F,YU,AK,F
11:24:13,MYOR,RG,2450,7,F,CC,DX,F
11:24:08,MYOR,RG,2450,4,F,AK,DX,F
11:24:08,MYOR,RG,2450,26,F,KZ,DX,F
11:24:08,MYOR,RG,2450,9,F,AK,DX,F
11:24:08,MYOR,RG,2450,54,F,ZP,DX,F
11:24:00,MYOR,RG,2450,30,F,KZ,DX,F
11:23:58,MYOR,RG,2450,3,F,KZ,DX,F
11:23:53,MYOR,RG,2450,3,F,KZ,DX,F
11:23:53,MYOR,RG,2450,1,F,KZ,DX,F
11:23:52,MYOR,RG,2450,5,F,AK,DX,F
11:23:52,MYOR,RG,2450,52,F,AK,DX,F
11:23:52,MYOR,RG,2450,61,F,KZ,DX,F
11:23:52,MYOR,RG,2450,125,D,CC,DX,F
11:21:28,MYOR,RG,2440,2,F,YU,YP,D
11:21:24,MYOR,RG,2450,1,D,XL,DX,F
11:21:19,MYOR,RG,2450,23,F,KZ,DX,F
11:21:19,MYOR,RG,2450,48,F,CC,DX,F
11:21:19,MYOR,RG,2450,5,F,CC,GR,D
11:21:15,MYOR,RG,2450,25,F,KZ,GR,D
11:21:13,MYOR,RG,2450,1,F,KZ,GR,D
11:21:11,MYOR,RG,2450,6,F,KZ,GR,D
11:21:11,MYOR,RG,2450,17,F,CC,GR,D
11:21:11,MYOR,RG,2450,3,F,CC,XL,D
11:21:11,MYOR,RG,2450,7,F,CC,XC,D
11:21:11,MYOR,RG,2450,10,F,CC,PD,D
11:21:11,MYOR,RG,2450,14,F,CC,EP,D
11:21:11,MYOR,RG,2450,12,F,CC,PD,D
11:21:11,MYOR,RG,2450,1,F,CC,KK,D
11:21:11,MYOR,RG,2450,2,F,CC,PD,D
11:21:11,MYOR,RG,2450,4,F,CC,KK,D
11:20:58,MYOR,RG,2440,2,F,YU,GR,D
11:20:43,MYOR,RG,2440,2,F,YU,XC,D
11:20:43,MYOR,RG,2440,1,F,KZ,XC,D
11:20:43,MYOR,RG,2440,2,F,KZ,XC,D
11:20:43,MYOR,RG,2440,1,F,KZ,XC,D
11:20:43,MYOR,RG,2440,4,F,CC,XC,D
11:20:43,MYOR,RG,2440,1,F,AK,XC,D
11:20:43,MYOR,RG,2440,8,F,AK,XC,D
11:20:40,MYOR,RG,2440,47,F,AK,YP,D
11:20:40,MYOR,RG,2440,1,D,AZ,YP,D
11:20:40,MYOR,RG,2440,1,F,AK,YP,D
11:20:40,MYOR,RG,2440,104,F,KZ,YP,D
11:20:40,MYOR,RG,2440,1,D,YP,YP,D
11:20:40,MYOR,RG,2440,1,F,AK,YP,D
11:20:40,MYOR,RG,2440,1,F,AK,YP,D
11:20:40,MYOR,RG,2440,1,F,AK,YP,D
11:20:40,MYOR,RG,2440,43,F,CC,YP,D
11:20:40,MYOR,RG,2440,86,F,YU,YP,D
11:20:40,MYOR,RG,2440,4,F,ZP,YP,D
11:20:40,MYOR,RG,2440,10,F,AK,YP,D
11:20:10,MYOR,RG,2450,2,F,AK,KK,D
11:20:10,MYOR,RG,2450,14,F,KZ,KK,D
11:20:08,MYOR,RG,2450,1,F,KZ,PD,D
11:20:08,MYOR,RG,2450,1,F,KZ,PD,D
11:20:07,MYOR,RG,2450,2,F,KZ,PD,D
11:20:07,MYOR,RG,2450,3,F,AK,PD,D
11:20:07,MYOR,RG,2450,13,F,YU,PD,D
11:20:07,MYOR,RG,2450,10,F,YU,PD,D
11:20:07,MYOR,RG,2450,1,F,YU,PD,D
11:20:07,MYOR,RG,2450,1,F,YU,NI,D
11:20:07,MYOR,RG,2450,5,F,YU,HD,D
11:20:07,MYOR,RG,2450,1,F,YU,EP,D
11:19:31,MYOR,RG,2450,2,F,AK,EP,D
11:19:15,MYOR,RG,2450,1,F,AK,EP,D
11:18:36,MYOR,RG,2450,3,F,AK,EP,D
11:18:36,MYOR,RG,2450,1,F,AK,DR,D
11:18:35,MYOR,RG,2450,12,F,KZ,DR,D
11:18:35,MYOR,RG,2450,24,F,YU,DR,D
11:18:01,MYOR,RG,2450,1,F,AK,DR,D
11:17:55,MYOR,RG,2450,2,F,AK,DR,D
11:17:55,MYOR,RG,2450,19,F,KZ,DR,D
11:17:55,MYOR,RG,2450,6,F,AK,DR,D
11:17:53,MYOR,RG,2450,1,F,KZ,DR,D
11:17:53,MYOR,RG,2450,21,F,KZ,DR,D
11:17:53,MYOR,RG,2450,13,F,ZP,DR,D
11:17:53,MYOR,RG,2450,9,F,ZP,NI,D
11:17:53,MYOR,RG,2450,1,F,ZP,EP,D
11:17:53,MYOR,RG,2450,6,F,ZP,PD,D
11:17:53,MYOR,RG,2450,3,F,ZP,XC,D
11:17:53,MYOR,RG,2450,42,F,ZP,KK,D
11:17:00,MYOR,RG,2450,1,F,AK,KK,D
11:16:46,MYOR,RG,2450,1,F,KZ,KK,D
11:16:46,MYOR,RG,2450,1,F,AK,KK,D
11:15:56,MYOR,RG,2450,2,D,GR,KK,D
11:15:23,MYOR,RG,2450,1,F,KZ,KK,D
11:14:46,MYOR,RG,2450,1,F,ZP,KK,D
11:14:46,MYOR,RG,2450,1,F,KZ,KK,D
11:14:46,MYOR,RG,2450,1,F,AK,KK,D
11:13:40,MYOR,RG,2450,1,D,XL,KK,D
11:13:00,MYOR,RG,2450,1,F,KZ,KK,D
11:13:00,MYOR,RG,2450,1,F,AK,KK,D
11:11:31,MYOR,RG,2450,1,F,AK,KK,D
11:10:19,MYOR,RG,2450,1,D,AZ,KK,D
11:10:10,MYOR,RG,2450,2,F,KZ,KK,D
11:10:08,MYOR,RG,2450,1,F,KZ,KK,D
11:10:08,MYOR,RG,2440,5,F,AK,XC,D
11:09:01,MYOR,RG,2450,1,F,AK,KK,D
11:08:33,MYOR,RG,2450,1,F,KZ,KK,D
11:08:30,MYOR,RG,2450,1,F,AK,KK,D
11:07:31,MYOR,RG,2450,1,F,AK,KK,D
11:06:03,MYOR,RG,2450,1,F,KZ,KK,D
11:06:01,MYOR,RG,2450,1,F,AK,KK,D
11:06:00,MYOR,RG,2450,1,F,AK,KK,D
11:04:01,MYOR,RG,2450,1,F,AK,KK,D
11:00:30,MYOR,RG,2450,1,F,KZ,KK,D
11:00:30,MYOR,RG,2450,1,F,AK,KK,D
10:59:02,MYOR,RG,2450,1,F,ZP,KK,D
10:59:01,MYOR,RG,2450,14,F,KZ,KK,D
10:58:59,MYOR,RG,2450,1,F,ZP,KK,D
10:58:59,MYOR,RG,2440,25,F,AK,YP,D
10:58:59,MYOR,RG,2440,2,F,AK,YP,D
10:58:59,MYOR,RG,2440,1,F,AK,YP,D
10:57:10,MYOR,RG,2440,7,F,ZP,DX,F
10:57:07,MYOR,RG,2450,55,F,ZP,KK,D
10:57:07,MYOR,RG,2440,149,F,AK,DX,F
10:57:07,MYOR,RG,2440,6,F,AK,DX,F
10:57:07,MYOR,RG,2440,326,F,BK,DX,F
10:57:07,MYOR,RG,2440,45,F,AK,DX,F
10:57:07,MYOR,RG,2440,26,F,AK,DX,F
10:57:07,MYOR,RG,2440,73,F,AK,DX,F
10:57:07,MYOR,RG,2440,2,F,ZP,DX,F
10:57:07,MYOR,RG,2440,118,F,BK,DX,F
10:57:06,MYOR,RG,2440,600,F,BK,DX,F
10:57:06,MYOR,RG,2440,20,F,ZP,DX,F
10:57:06,MYOR,RG,2440,197,F,AK,DX,F
10:57:06,MYOR,RG,2440,113,F,BK,DX,F
10:57:06,MYOR,RG,2440,5,F,BK,AK,F
10:57:06,MYOR,RG,2440,4,F,BK,AK,F
10:57:06,MYOR,RG,2440,3,F,BK,AK,F
10:57:06,MYOR,RG,2440,29,F,AK,AK,F
10:57:06,MYOR,RG,2440,10,F,AK,YP,D
10:57:06,MYOR,RG,2440,14,F,AK,KK,D
10:57:06,MYOR,RG,2440,6,F,AK,KK,D
10:57:06,MYOR,RG,2440,22,F,AK,DX,F
10:57:06,MYOR,RG,2440,13,F,AK,DX,F
10:57:05,MYOR,RG,2440,150,D,DX,DX,F
10:57:05,MYOR,RG,2440,27,D,DX,DX,F
10:57:05,MYOR,RG,2440,78,D,DX,DX,F
10:57:05,MYOR,RG,2440,15,D,DX,DX,F
10:57:05,MYOR,RG,2440,1,D,DX,YB,D
10:57:05,MYOR,RG,2440,5,D,DX,XC,D
10:57:05,MYOR,RG,2440,3,D,DX,XC,D
10:57:05,MYOR,RG,2440,5,D,DX,KK,D
10:57:05,MYOR,RG,2440,7,D,DX,EP,D
10:57:05,MYOR,RG,2440,10,D,DX,EP,D
10:57:05,MYOR,RG,2440,10,D,DX,SQ,D
10:57:05,MYOR,RG,2440,11,D,DX,EP,D
10:57:05,MYOR,RG,2440,25,D,DX,EP,D
10:57:05,MYOR,RG,2440,1,D,DX,XC,D
10:57:05,MYOR,RG,2440,1,D,DX,HP,D
10:57:05,MYOR,RG,2440,6,D,DX,OD,D
10:57:05,MYOR,RG,2440,41,D,DX,XC,D
10:57:05,MYOR,RG,2440,2,D,DX,XL,D
10:57:05,MYOR,RG,2440,15,D,DX,HP,D
10:57:05,MYOR,RG,2440,1,D,DX,DH,D
10:57:05,MYOR,RG,2440,10,D,DX,XC,D
10:57:05,MYOR,RG,2440,5,D,DX,AK,F
10:57:05,MYOR,RG,2440,66,D,DX,YP,D
10:57:05,MYOR,RG,2440,29,D,DX,YP,D
10:57:05,MYOR,RG,2440,49,D,DX,YP,D
10:57:05,MYOR,RG,2440,30,D,DX,YP,D
10:57:05,MYOR,RG,2440,21,D,DX,YP,D
10:57:05,MYOR,RG,2440,1,D,DX,XC,D
10:57:05,MYOR,RG,2440,4,D,DX,AK,F
10:57:05,MYOR,RG,2440,4,D,DX,AK,F
10:57:05,MYOR,RG,2440,10,D,DX,CC,D
10:57:05,MYOR,RG,2440,2,D,DX,XC,D
10:57:05,MYOR,RG,2440,4,D,DX,AK,F
10:57:05,MYOR,RG,2440,2,D,DX,PD,D
10:57:05,MYOR,RG,2440,237,D,DX,DX,F
10:57:05,MYOR,RG,2440,45,D,DX,DX,F
10:56:49,MYOR,RG,2440,1,F,AK,DX,F
10:55:45,MYOR,RG,2440,1,F,AK,DX,F
10:55:03,MYOR,RG,2440,2,D,SQ,DX,F
10:54:16,MYOR,RG,2440,1,F,AK,DX,F
10:51:09,MYOR,RG,2430,4,F,CC,AK,F
10:51:09,MYOR,RG,2430,5,D,YP,AK,F
10:51:09,MYOR,RG,2430,1,D,XC,AK,F
10:51:09,MYOR,RG,2430,2,F,AK,AK,F
10:51:08,MYOR,RG,2440,2,D,YP,DX,F
10:47:04,MYOR,RG,2430,4,F,AK,YP,D
10:44:30,MYOR,RG,2430,98,F,AK,DX,F
10:44:30,MYOR,RG,2430,4,D,YP,DX,F
10:44:30,MYOR,RG,2430,1,F,CC,DX,F
10:44:30,MYOR,RG,2430,1,F,AK,DX,F
10:44:30,MYOR,RG,2430,50,D,YP,DX,F
10:44:30,MYOR,RG,2430,1,D,NI,DX,F
10:44:30,MYOR,RG,2430,40,D,XC,DX,F
10:44:30,MYOR,RG,2430,1,D,XC,DX,F
10:44:30,MYOR,RG,2430,5,D,XC,DX,F
10:44:30,MYOR,RG,2430,22,F,YU,DX,F
10:44:30,MYOR,RG,2430,49,F,ZP,DX,F
10:44:30,MYOR,RG,2430,5,D,LG,DX,F
10:44:30,MYOR,RG,2430,1,F,AK,DX,F
10:44:30,MYOR,RG,2430,1,F,AK,DX,F
10:44:30,MYOR,RG,2430,1,F,AK,DX,F
10:44:30,MYOR,RG,2430,1,D,BQ,DX,F
10:44:30,MYOR,RG,2430,1,D,XL,DX,F
10:44:30,MYOR,RG,2430,2,D,LG,DX,F
10:44:30,MYOR,RG,2430,2,D,YP,DX,F
10:44:30,MYOR,RG,2430,1,F,AK,DX,F
10:44:30,MYOR,RG,2430,50,F,AK,DX,F
10:44:30,MYOR,RG,2430,63,D,CP,DX,F
10:43:04,MYOR,RG,2440,1,F,AK,DX,F
10:41:17,MYOR,RG,2440,5,F,ZP,DX,F
10:41:16,MYOR,RG,2430,31,D,CP,YP,D
10:41:16,MYOR,RG,2430,1,F,AK,YP,D
10:41:16,MYOR,RG,2430,4,D,NI,YP,D
10:41:16,MYOR,RG,2430,34,F,AK,YP,D
10:41:16,MYOR,RG,2430,1,D,XC,YP,D
10:41:16,MYOR,RG,2430,11,D,DH,YP,D
10:41:16,MYOR,RG,2430,5,D,CC,YP,D
10:41:16,MYOR,RG,2430,13,D,CP,YP,D
10:41:15,MYOR,RG,2430,13,D,CP,AK,F
10:40:28,MYOR,RG,2440,8,D,IF,DX,F
10:40:16,MYOR,RG,2440,1,F,AK,DX,F
10:37:08,MYOR,RG,2430,2,D,CP,DH,D
10:36:02,MYOR,RG,2440,1,F,ZP,DX,F
10:36:01,MYOR,RG,2440,10,D,DR,DX,F
10:35:46,MYOR,RG,2440,1,F,AK,DX,F
10:34:45,MYOR,RG,2440,1,F,AK,DX,F
10:33:25,MYOR,RG,2440,4,D,CC,DX,F
10:31:39,MYOR,RG,2440,2,D,XL,DX,F
10:30:01,MYOR,RG,2440,1,F,AK,DX,F
10:27:37,MYOR,RG,2440,1,F,ZP,DX,F
10:27:36,MYOR,RG,2430,26,D,CP,YB,D
10:27:00,MYOR,RG,2440,1,F,AK,DX,F
10:26:46,MYOR,RG,2440,1,F,AK,DX,F
10:25:04,MYOR,RG,2440,1,F,ZP,DX,F
10:25:03,MYOR,RG,2430,1,D,CP,AK,F
10:25:03,MYOR,RG,2430,12,F,YU,AK,F
10:23:32,MYOR,RG,2440,1,F,ZP,DX,F
10:23:31,MYOR,RG,2430,18,F,YU,YP,D
10:23:31,MYOR,RG,2430,3,D,YP,YP,D
10:23:16,MYOR,RG,2440,1,F,AK,DX,F
10:22:59,MYOR,RG,2430,1,D,YP,XC,D
10:20:11,MYOR,RG,2440,7,D,XC,DX,F
10:20:00,MYOR,RG,2440,1,F,AK,DX,F
10:19:49,MYOR,RG,2440,1,D,IF,DX,F
10:19:18,MYOR,RG,2440,1,D,XL,DX,F
10:19:01,MYOR,RG,2440,1,F,AK,DX,F
10:18:15,MYOR,RG,2430,3,D,YP,XC,D
10:18:08,MYOR,RG,2440,32,F,YU,DX,F
10:18:03,MYOR,RG,2430,8,D,YP,AK,F
10:17:38,MYOR,RG,2430,85,D,YP,YP,D
10:17:38,MYOR,RG,2430,15,F,AK,YP,D
10:16:56,MYOR,RG,2430,10,F,AK,KK,D
10:16:36,MYOR,RG,2430,3,F,AK,PD,D
10:16:27,MYOR,RG,2440,6,D,GR,DX,F
10:14:49,MYOR,RG,2440,1,F,AK,DX,F
10:14:15,MYOR,RG,2430,4,F,AK,AK,F
10:14:00,MYOR,RG,2440,1,F,AK,DX,F
10:12:42,MYOR,RG,2440,27,F,YU,DX,F
10:10:02,MYOR,RG,2430,16,F,AK,PD,D
10:09:20,MYOR,RG,2430,53,F,AK,YP,D
10:09:20,MYOR,RG,2430,1,D,KK,YP,D
10:09:20,MYOR,RG,2430,1,D,XC,YP,D
10:09:20,MYOR,RG,2430,1,D,XC,YP,D
10:09:20,MYOR,RG,2430,5,D,BQ,YP,D
10:09:20,MYOR,RG,2430,2,D,XC,YP,D
10:09:20,MYOR,RG,2430,10,D,YP,YP,D
10:09:20,MYOR,RG,2430,18,D,XC,YP,D
10:09:20,MYOR,RG,2430,1,D,PD,YP,D
10:09:20,MYOR,RG,2430,8,F,ZP,YP,D
10:08:26,MYOR,RG,2430,6,F,ZP,YP,D
10:08:26,MYOR,RG,2430,1,F,AK,YP,D
10:08:26,MYOR,RG,2430,1,F,AK,YP,D
10:08:26,MYOR,RG,2430,1,F,AK,YP,D
10:08:26,MYOR,RG,2430,1,F,YU,YP,D
10:06:47,MYOR,RG,2430,1,F,YU,XC,D
10:05:34,MYOR,RG,2440,1,D,LG,DX,F
10:04:01,MYOR,RG,2440,1,F,AK,DX,F
10:01:00,MYOR,RG,2440,1,F,AK,DX,F
10:00:48,MYOR,RG,2430,3,F,YU,XL,D
10:00:01,MYOR,RG,2440,1,F,AK,DX,F
09:58:59,MYOR,RG,2440,1,F,ZP,DX,F
09:58:58,MYOR,RG,2430,21,F,YU,LG,D
09:56:37,MYOR,RG,2430,1,F,YU,AZ,D
09:56:16,MYOR,RG,2440,1,F,AK,DX,F
09:54:42,MYOR,RG,2440,10,D,YP,DX,F
09:52:19,MYOR,RG,2440,1,F,ZP,DX,F
09:52:17,MYOR,RG,2430,5,F,YU,LG,D
09:51:22,MYOR,RG,2440,1,F,ZP,DX,F
09:51:21,MYOR,RG,2430,2,F,YU,AK,F
09:51:21,MYOR,RG,2430,7,F,YU,AK,F
09:51:21,MYOR,RG,2430,1,F,AK,AK,F
09:51:21,MYOR,RG,2430,1,F,AK,EP,D
09:51:21,MYOR,RG,2430,49,F,AK,EP,D
09:47:46,MYOR,RG,2440,1,F,AK,DX,F
09:47:36,MYOR,RG,2440,1,F,ZP,DX,F
09:47:30,MYOR,RG,2440,1,F,AK,DX,F
09:45:44,MYOR,RG,2440,2,F,ZP,DX,F
09:45:43,MYOR,RG,2440,35,F,YU,DX,F
09:45:03,MYOR,RG,2440,2,F,ZP,DX,F
09:45:02,MYOR,RG,2440,50,D,YP,DX,F
09:43:58,MYOR,RG,2440,1,F,ZP,DX,F
09:43:57,MYOR,RG,2430,15,F,AK,YB,D
09:43:31,MYOR,RG,2440,1,F,AK,DX,F
09:43:05,MYOR,RG,2440,1,D,AZ,DX,F
09:42:57,MYOR,RG,2430,2,F,AK,XL,D
09:42:54,MYOR,RG,2440,1,F,ZP,DX,F
09:42:54,MYOR,RG,2440,37,D,BQ,DX,F
09:42:46,MYOR,RG,2440,2,F,ZP,DX,F
09:42:43,MYOR,RG,2440,37,F,YU,DX,F
09:41:30,MYOR,RG,2440,1,F,AK,DX,F
09:41:01,MYOR,RG,2440,1,F,AK,DX,F
09:40:37,MYOR,RG,2440,1,F,ZP,PD,D
09:40:36,MYOR,RG,2440,9,F,YU,PD,D
09:40:36,MYOR,RG,2440,17,F,YU,XA,F
09:40:20,MYOR,RG,2440,2,D,RG,XA,F
09:39:43,MYOR,RG,2430,1,F,AK,XC,D
09:39:29,MYOR,RG,2440,1,F,ZP,XA,F
09:39:27,MYOR,RG,2440,10,D,AZ,XA,F
09:39:11,MYOR,RG,2430,6,F,AK,AK,F
09:39:06,MYOR,RG,2430,7,F,AK,CC,D
09:38:46,MYOR,RG,2440,1,F,ZP,XA,F
09:38:45,MYOR,RG,2440,1,F,AK,XA,F
09:38:44,MYOR,RG,2430,20,F,AK,CC,D
09:38:33,MYOR,RG,2440,1,F,ZP,XA,F
09:38:31,MYOR,RG,2440,27,F,YU,XA,F
09:38:19,MYOR,RG,2440,1,F,ZP,XA,F
09:38:18,MYOR,RG,2440,1,D,KK,XA,F
09:37:45,MYOR,RG,2440,1,F,AK,XA,F
09:37:06,MYOR,RG,2440,9,D,AZ,XA,F
09:36:45,MYOR,RG,2440,1,F,AK,XA,F
09:36:17,MYOR,RG,2430,1,F,AK,XC,D
09:36:07,MYOR,RG,2440,1,F,ZP,XA,F
09:36:06,MYOR,RG,2440,11,D,YP,XA,F
09:35:25,MYOR,RG,2440,1,F,ZP,XA,F
09:35:23,MYOR,RG,2430,4,F,AK,AK,F
09:35:23,MYOR,RG,2430,24,F,AK,YP,D
09:34:59,MYOR,RG,2430,2,F,AK,XL,D
09:34:37,MYOR,RG,2440,1,D,XC,XA,F
09:34:28,MYOR,RG,2440,3,D,XL,XA,F
09:33:32,MYOR,RG,2440,10,D,GR,XA,F
09:32:50,MYOR,RG,2440,2,F,ZP,XC,D
09:32:47,MYOR,RG,2430,1,F,AK,AK,F
09:32:47,MYOR,RG,2430,25,F,AK,AK,F
09:32:47,MYOR,RG,2430,2,F,AK,AK,F
09:32:47,MYOR,RG,2430,2,F,AK,AK,F
09:32:46,MYOR,RG,2430,2,F,AK,AK,F
09:32:46,MYOR,RG,2430,3,D,CP,AK,F
09:32:46,MYOR,RG,2430,1,F,AK,AK,F
09:32:45,MYOR,RG,2430,1,F,AK,AK,F
09:32:36,MYOR,RG,2430,3,F,ZP,AK,F
09:32:35,MYOR,RG,2430,1,D,LG,AK,F
09:32:35,MYOR,RG,2430,11,D,LG,NI,D
09:32:35,MYOR,RG,2430,6,D,LG,XL,D
09:32:35,MYOR,RG,2430,32,D,LG,EP,D
09:32:25,MYOR,RG,2430,7,D,YP,EP,D
09:32:25,MYOR,RG,2430,1,D,YP,EP,D
09:32:22,MYOR,RG,2430,2,F,ZP,EP,D
09:32:21,MYOR,RG,2430,10,D,CC,PD,D
09:32:21,MYOR,RG,2430,1,D,CC,YP,D
09:32:21,MYOR,RG,2430,14,D,CC,EP,D
09:32:14,MYOR,RG,2430,3,D,KK,EP,D
09:32:14,MYOR,RG,2430,2,D,KK,PD,D
09:32:00,MYOR,RG,2420,1,F,AK,PD,D
09:32:00,MYOR,RG,2420,5,F,AK,PD,D
09:32:00,MYOR,RG,2420,2,F,AK,EP,D
09:32:00,MYOR,RG,2420,10,F,AK,PD,D
09:32:00,MYOR,RG,2420,15,F,AK,EP,D
09:32:00,MYOR,RG,2420,20,F,AK,DR,D
09:32:00,MYOR,RG,2420,1,F,AK,YP,D
09:32:00,MYOR,RG,2420,31,F,AK,XC,D
09:32:00,MYOR,RG,2420,19,F,ZP,XC,D
09:32:00,MYOR,RG,2420,5,F,ZP,XL,D
09:32:00,MYOR,RG,2420,4,F,ZP,YB,D
09:32:00,MYOR,RG,2420,50,F,ZP,DR,D
09:32:00,MYOR,RG,2420,15,F,ZP,PD,D
09:31:58,MYOR,RG,2410,5,F,BK,KK,D
09:31:58,MYOR,RG,2410,4,F,BK,XC,D
09:31:58,MYOR,RG,2410,4,F,BK,AK,F
09:31:58,MYOR,RG,2410,5,F,BK,EP,D
09:31:58,MYOR,RG,2410,15,F,BK,AT,D
09:31:58,MYOR,RG,2410,5,F,BK,PD,D
09:31:58,MYOR,RG,2410,6,F,BK,AK,F
09:31:58,MYOR,RG,2410,6,F,BK,AK,F
09:31:58,MYOR,RG,2410,1,F,BK,XC,D
09:31:58,MYOR,RG,2410,1,F,BK,YP,D
09:31:58,MYOR,RG,2410,1,F,BK,LG,D
09:31:58,MYOR,RG,2410,6,F,BK,AK,F
09:31:58,MYOR,RG,2410,10,F,BK,DR,D
09:31:58,MYOR,RG,2410,9,F,BK,KK,D
09:31:58,MYOR,RG,2410,10,F,BK,KK,D
09:31:58,MYOR,RG,2410,44,F,BK,XC,D
09:31:58,MYOR,RG,2410,3,F,BK,XC,D
09:31:58,MYOR,RG,2410,20,F,BK,YP,D
09:31:58,MYOR,RG,2410,35,F,BK,YP,D
09:31:58,MYOR,RG,2410,37,F,BK,EP,D
09:31:58,MYOR,RG,2410,250,F,BK,DH,D
09:31:58,MYOR,RG,2410,20,F,BK,YP,D
09:31:58,MYOR,RG,2410,35,F,BK,YP,D
09:31:58,MYOR,RG,2410,47,F,BK,CC,D
09:31:58,MYOR,RG,2410,145,F,BK,YP,D
09:31:58,MYOR,RG,2410,3,F,CC,YP,D
09:31:58,MYOR,RG,2410,2,D,BQ,YP,D
09:31:50,MYOR,RG,2410,49,F,CC,YP,D
09:31:43,MYOR,RG,2410,5,F,CC,YP,D
09:31:36,MYOR,RG,2410,18,F,CC,YP,D
09:31:29,MYOR,RG,2410,50,D,LG,YP,D
09:31:28,MYOR,RG,2410,8,F,CC,YP,D
09:31:28,MYOR,RG,2410,3,F,CC,CC,D
09:31:20,MYOR,RG,2410,1,F,CC,CC,D
09:31:20,MYOR,RG,2410,2,F,CC,YP,D
09:31:13,MYOR,RG,2410,11,F,CC,YP,D
09:31:02,MYOR,RG,2410,6,F,CC,YP,D
09:30:41,MYOR,RG,2410,1,D,XL,YP,D
09:30:25,MYOR,RG,2410,13,F,CC,YP,D
09:30:20,MYOR,RG,2410,20,D,LG,YP,D
09:30:15,MYOR,RG,2410,1,D,PD,YP,D
09:30:15,MYOR,RG,2410,39,D,PD,YP,D
09:30:15,MYOR,RG,2410,1,F,YU,YP,D
09:30:15,MYOR,RG,2410,4,F,YU,YB,D
09:30:15,MYOR,RG,2410,19,F,YU,YB,D
09:30:15,MYOR,RG,2410,8,F,YU,KK,D
09:30:15,MYOR,RG,2410,9,F,YU,KK,D
09:30:10,MYOR,RG,2410,2,D,XC,KK,D
09:30:02,MYOR,RG,2410,2,D,BQ,KK,D
09:30:00,MYOR,RG,2410,6,F,AK,KK,D
09:30:00,MYOR,RG,2410,4,F,AK,KK,D
09:29:50,MYOR,RG,2410,1,D,CC,KK,D
09:29:50,MYOR,RG,2410,39,D,CC,KK,D
09:29:43,MYOR,RG,2410,32,F,YU,KK,D
09:29:36,MYOR,RG,2410,1,D,PD,KK,D
09:29:32,MYOR,RG,2400,40,F,AK,AZ,D
09:29:32,MYOR,RG,2400,160,F,BK,AZ,D
09:29:04,MYOR,RG,2410,2,D,BQ,KK,D
09:29:00,MYOR,RG,2410,1,F,AK,KK,D
09:28:44,MYOR,RG,2410,2,D,BQ,KK,D
09:28:21,MYOR,RG,2410,10,F,CC,KK,D
09:28:16,MYOR,RG,2410,1,D,PD,KK,D
09:28:12,MYOR,RG,2410,23,F,CC,KK,D
09:28:12,MYOR,RG,2410,2,D,BQ,KK,D
09:28:09,MYOR,RG,2410,20,D,YP,KK,D
09:28:08,MYOR,RG,2410,21,D,LG,KK,D
09:28:05,MYOR,RG,2410,23,F,CC,KK,D
09:28:04,MYOR,RG,2410,2,D,BQ,KK,D
09:27:56,MYOR,RG,2410,1,D,PD,KK,D
09:27:50,MYOR,RG,2410,10,D,YP,KK,D
09:27:26,MYOR,RG,2410,2,D,IF,KK,D
09:27:14,MYOR,RG,2410,3,F,CC,KK,D
09:27:11,MYOR,RG,2410,46,F,ZP,KK,D
09:27:09,MYOR,RG,2410,200,D,YP,KK,D
09:26:54,MYOR,RG,2410,1,D,XC,KK,D
09:26:40,MYOR,RG,2410,1,F,CC,KK,D
09:26:31,MYOR,RG,2410,1,D,PD,KK,D
09:26:30,MYOR,RG,2410,21,D,EP,KK,D
09:26:02,MYOR,RG,2410,1,D,XL,KK,D
09:26:00,MYOR,RG,2410,1,F,AK,KK,D
09:25:34,MYOR,RG,2410,1,D,PD,KK,D
09:25:30,MYOR,RG,2410,1,F,AK,KK,D
09:25:18,MYOR,RG,2410,1,D,XL,KK,D
09:25:12,MYOR,RG,2410,100,D,LG,KK,D
09:25:05,MYOR,RG,2410,1,D,AZ,KK,D
09:24:54,MYOR,RG,2410,10,D,AZ,KK,D
09:24:32,MYOR,RG,2410,6,D,XC,KK,D
09:24:24,MYOR,RG,2410,10,D,LG,KK,D
09:24:18,MYOR,RG,2410,1,D,XC,KK,D
09:24:15,MYOR,RG,2410,1,D,XL,KK,D
09:24:10,MYOR,RG,2410,42,D,CP,KK,D
09:24:02,MYOR,RG,2410,1,D,XC,KK,D
09:23:52,MYOR,RG,2410,2,D,XC,KK,D
09:23:51,MYOR,RG,2410,1,D,XL,KK,D
09:23:48,MYOR,RG,2410,37,F,YU,KK,D
09:23:47,MYOR,RG,2410,2,D,LG,KK,D
09:23:44,MYOR,RG,2410,25,D,LG,KK,D
09:23:42,MYOR,RG,2410,1,D,XL,KK,D
09:23:33,MYOR,RG,2410,1,D,XC,KK,D
09:23:13,MYOR,RG,2410,2,D,XL,KK,D
09:23:12,MYOR,RG,2410,1,D,PD,KK,D
09:23:08,MYOR,RG,2410,20,D,DR,KK,D
09:22:54,MYOR,RG,2410,5,D,XC,KK,D
09:22:53,MYOR,RG,2410,12,F,YU,KK,D
09:22:53,MYOR,RG,2410,4,F,YU,YP,D
09:22:53,MYOR,RG,2410,24,F,YU,NI,D
09:22:50,MYOR,RG,2410,1,D,PD,NI,D
09:22:31,MYOR,RG,2410,1,D,PD,NI,D
09:22:28,MYOR,RG,2410,1,D,XC,NI,D
09:22:28,MYOR,RG,2410,4,D,XC,NI,D
09:22:23,MYOR,RG,2410,8,F,CC,NI,D
09:22:23,MYOR,RG,2410,17,F,CC,YP,D
09:22:18,MYOR,RG,2410,50,D,LG,YP,D
09:22:15,MYOR,RG,2410,18,F,CC,YP,D
09:22:07,MYOR,RG,2410,5,F,CC,YP,D
09:21:58,MYOR,RG,2410,10,F,CC,YP,D
09:21:58,MYOR,RG,2410,4,F,CC,DR,D
09:21:50,MYOR,RG,2410,13,F,YU,DR,D
09:21:50,MYOR,RG,2410,17,F,YU,DR,D
09:21:47,MYOR,RG,2410,32,F,ZP,DR,D
09:21:46,MYOR,RG,2410,100,D,LG,DR,D
09:21:24,MYOR,RG,2400,8,F,BK,YP,D
09:21:24,MYOR,RG,2410,44,F,CC,DR,D
09:21:21,MYOR,RG,2410,24,F,YU,DR,D
09:21:06,MYOR,RG,2400,17,F,BK,XC,D
09:21:05,MYOR,RG,2410,2,D,XL,DR,D
09:20:55,MYOR,RG,2400,10,F,BK,YP,D
09:20:41,MYOR,RG,2400,2,F,BK,PD,D
09:20:33,MYOR,RG,2410,2,D,XL,DR,D
09:20:27,MYOR,RG,2410,41,F,YU,DR,D
09:19:51,MYOR,RG,2410,26,F,CC,DR,D
09:19:42,MYOR,RG,2410,4,F,CC,DR,D
09:19:15,MYOR,RG,2410,50,D,CC,DR,D
09:18:44,MYOR,RG,2410,50,D,LG,DR,D
09:18:38,MYOR,RG,2410,19,D,HP,DR,D
09:17:52,MYOR,RG,2410,5,D,AZ,DR,D
09:17:24,MYOR,RG,2410,10,D,DH,DR,D
09:17:12,MYOR,RG,2400,4,F,BK,XL,D
09:17:12,MYOR,RG,2410,1,D,PD,DR,D
09:17:02,MYOR,RG,2410,1,D,PD,DR,D
09:16:42,MYOR,RG,2410,1,D,XC,DR,D
09:16:41,MYOR,RG,2400,1,F,BK,XL,D
09:16:36,MYOR,RG,2410,20,D,YP,DR,D
09:16:23,MYOR,RG,2400,5,F,BK,GR,D
09:16:13,MYOR,RG,2400,7,F,BK,YB,D
09:15:49,MYOR,RG,2400,16,F,BK,CC,D
09:15:49,MYOR,RG,2400,14,D,IF,CC,D
09:15:37,MYOR,RG,2400,1,D,IF,XC,D
09:15:10,MYOR,RG,2400,1,D,IF,SQ,D
09:15:05,MYOR,RG,2410,20,F,ZP,DR,D
09:15:03,MYOR,RG,2400,30,D,IF,PD,D
09:15:03,MYOR,RG,2400,11,D,IF,PD,D
09:15:03,MYOR,RG,2400,24,D,IF,PD,D
09:15:03,MYOR,RG,2400,19,D,IF,PD,D
09:15:03,MYOR,RG,2400,8,F,BK,PD,D
09:15:03,MYOR,RG,2400,21,F,AK,PD,D
09:15:03,MYOR,RG,2400,104,F,AK,PD,D
09:15:00,MYOR,RG,2400,32,F,AK,PD,D
09:14:32,MYOR,RG,2400,21,F,AK,YP,D
09:14:19,MYOR,RG,2410,1,D,PD,DR,D
09:14:14,MYOR,RG,2410,2,D,XL,DR,D
09:13:51,MYOR,RG,2410,3,D,XL,DR,D
09:13:44,MYOR,RG,2400,20,F,AK,PD,D
09:13:22,MYOR,RG,2400,2,F,AK,PD,D
09:13:01,MYOR,RG,2410,2,D,LG,DR,D
09:12:27,MYOR,RG,2410,11,F,ZP,DR,D
09:12:25,MYOR,RG,2410,82,F,AK,DR,D
09:12:25,MYOR,RG,2400,17,F,AK,KK,D
09:12:25,MYOR,RG,2400,5,D,GR,KK,D
09:12:25,MYOR,RG,2400,3,D,LG,KK,D
09:11:50,MYOR,RG,2410,2,D,AT,DR,D
09:11:42,MYOR,RG,2410,28,D,YB,DR,D
09:11:42,MYOR,RG,2410,13,D,YB,DR,D
09:11:34,MYOR,RG,2410,1,D,AZ,DR,D
09:10:22,MYOR,RG,2410,30,D,CC,DR,D
09:10:16,MYOR,RG,2400,2,D,LG,EP,D
09:10:16,MYOR,RG,2400,4,F,ZP,EP,D
09:10:16,MYOR,RG,2400,19,D,YP,EP,D
09:10:12,MYOR,RG,2400,1,D,YP,IF,D
09:09:52,MYOR,RG,2410,1,D,SQ,DR,D
09:09:36,MYOR,RG,2410,5,D,AZ,DR,D
09:09:04,MYOR,RG,2400,20,D,YP,EP,D
09:08:19,MYOR,RG,2410,13,F,ZP,DR,D
09:08:17,MYOR,RG,2410,70,D,IF,DR,D
09:08:17,MYOR,RG,2410,74,D,IF,DR,D
09:08:17,MYOR,RG,2410,8,D,IF,DR,D
09:08:17,MYOR,RG,2410,20,D,IF,YP,D
09:08:17,MYOR,RG,2410,28,D,IF,PD,D
09:08:14,MYOR,RG,2410,1,F,ZP,PD,D
09:08:12,MYOR,RG,2410,13,D,CC,PD,D
09:07:57,MYOR,RG,2410,50,D,YP,PD,D
09:07:53,MYOR,RG,2400,6,D,YP,AK,F
09:07:53,MYOR,RG,2400,2,D,YP,YP,D
09:07:50,MYOR,RG,2400,1,D,YP,YP,D
09:07:50,MYOR,RG,2400,1,D,YP,YP,D
09:07:48,MYOR,RG,2400,5,D,YP,YP,D
09:07:46,MYOR,RG,2400,46,F,ZP,YP,D
09:07:44,MYOR,RG,2400,10,D,AZ,YP,D
09:07:44,MYOR,RG,2400,105,F,BK,YP,D
09:07:44,MYOR,RG,2400,1,F,BK,KI,D
09:07:44,MYOR,RG,2400,2,F,BK,XC,D
09:07:44,MYOR,RG,2400,100,F,BK,YP,D
09:07:44,MYOR,RG,2400,42,F,BK,YP,D
09:07:44,MYOR,RG,2400,100,D,PD,YP,D
09:07:44,MYOR,RG,2400,28,F,BK,YP,D
09:07:44,MYOR,RG,2400,7,F,BK,AK,F
09:07:44,MYOR,RG,2400,30,F,BK,AK,F
09:07:44,MYOR,RG,2400,2,F,BK,AK,F
09:07:44,MYOR,RG,2400,1,F,BK,AK,F
09:07:44,MYOR,RG,2400,2,F,BK,XC,D
09:07:44,MYOR,RG,2400,20,F,BK,XC,D
09:07:44,MYOR,RG,2400,19,F,BK,YP,D
09:07:44,MYOR,RG,2400,113,F,BK,YP,D
09:07:44,MYOR,RG,2400,28,F,BK,YP,D
09:07:43,MYOR,RG,2400,22,F,ZP,YP,D
09:07:43,MYOR,RG,2400,32,F,BK,YP,D
09:07:43,MYOR,RG,2400,24,F,BK,EP,D
09:07:43,MYOR,RG,2400,2,F,BK,XL,D
09:07:43,MYOR,RG,2400,4,F,BK,XL,D
09:07:43,MYOR,RG,2400,52,F,BK,YP,D
09:07:43,MYOR,RG,2400,63,F,BK,YP,D
09:07:43,MYOR,RG,2400,9,F,BK,YB,D
09:07:43,MYOR,RG,2400,43,F,BK,YB,D
09:07:43,MYOR,RG,2400,7,F,BK,YB,D
09:07:43,MYOR,RG,2400,14,F,BK,YB,D
09:07:42,MYOR,RG,2390,3,F,BK,XC,D
09:07:41,MYOR,RG,2400,44,F,BK,YB,D
09:07:39,MYOR,RG,2400,5,D,PD,YB,D
09:07:22,MYOR,RG,2390,4,F,BK,LG,D
09:07:19,MYOR,RG,2400,41,F,BK,YB,D
09:07:19,MYOR,RG,2400,13,F,BK,KK,D
09:07:15,MYOR,RG,2400,5,D,LG,KK,D
09:06:40,MYOR,RG,2390,10,F,BK,OD,D
09:06:39,MYOR,RG,2400,7,D,XC,KK,D
09:06:39,MYOR,RG,2400,13,D,XC,KK,D
09:06:26,MYOR,RG,2390,1,F,BK,EP,D
09:06:20,MYOR,RG,2400,1,D,XC,KK,D
09:06:18,MYOR,RG,2400,1,D,PD,KK,D
09:06:13,MYOR,RG,2400,4,F,AK,YP,D
09:06:13,MYOR,RG,2390,2,F,BK,PD,D
09:05:44,MYOR,RG,2400,1,D,XC,YP,D
09:05:30,MYOR,RG,2400,13,D,YP,YP,D
09:05:30,MYOR,RG,2400,7,D,YP,YB,D
09:05:30,MYOR,RG,2400,10,D,YP,LS,D
09:05:12,MYOR,RG,2400,20,D,YP,LS,D
09:04:53,MYOR,RG,2400,1,F,AK,LS,D
09:04:53,MYOR,RG,2390,10,F,BK,DR,D
09:04:38,MYOR,RG,2390,3,F,BK,XL,D
09:04:29,MYOR,RG,2400,1,F,AK,LS,D
09:04:29,MYOR,RG,2390,22,F,BK,PD,D
09:04:28,MYOR,RG,2400,2,F,AK,LS,D
09:04:27,MYOR,RG,2390,20,F,BK,GR,D
09:04:19,MYOR,RG,2400,5,D,HD,LS,D
09:04:18,MYOR,RG,2390,2,F,BK,BQ,D
09:04:13,MYOR,RG,2400,3,F,AK,LS,D
09:04:13,MYOR,RG,2390,19,F,BK,BQ,D
09:04:07,MYOR,RG,2400,3,D,EP,LS,D
09:04:05,MYOR,RG,2400,2,D,XC,LS,D
09:04:03,MYOR,RG,2400,5,D,YP,LS,D
09:04:02,MYOR,RG,2400,21,F,ZP,LS,D
09:04:02,MYOR,RG,2400,1,F,AK,LS,D
09:04:02,MYOR,RG,2390,10,F,BK,CC,D
09:04:00,MYOR,RG,2400,4,D,OD,LS,D
09:03:53,MYOR,RG,2400,1,F,AK,LS,D
09:03:53,MYOR,RG,2400,10,D,LG,LS,D
09:03:51,MYOR,RG,2400,1,F,AK,LS,D
09:03:51,MYOR,RG,2390,12,F,BK,AR,D
09:03:45,MYOR,RG,2390,10,F,BK,AR,D
09:03:21,MYOR,RG,2400,8,D,XC,LS,D
09:03:19,MYOR,RG,2390,67,F,BK,PD,D
09:03:19,MYOR,RG,2390,22,F,ZP,PD,D
09:03:19,MYOR,RG,2390,28,D,YP,PD,D
09:03:15,MYOR,RG,2390,1,D,YP,AZ,D
09:03:15,MYOR,RG,2390,40,D,YP,AZ,D
09:03:13,MYOR,RG,2390,8,D,YP,MG,D
09:03:12,MYOR,RG,2400,2,D,AZ,LS,D
09:03:12,MYOR,RG,2400,1,D,AZ,ZP,D
09:03:10,MYOR,RG,2390,1,D,YP,YP,D
09:03:10,MYOR,RG,2390,32,D,YP,YP,D
09:03:10,MYOR,RG,2390,2,D,YP,YP,D
09:03:10,MYOR,RG,2390,19,D,YP,YP,D
09:03:10,MYOR,RG,2390,35,D,YP,YP,D
09:03:10,MYOR,RG,2390,13,D,YP,YP,D
09:03:10,MYOR,RG,2390,13,D,YP,YP,D
09:03:10,MYOR,RG,2390,10,D,YP,DH,D
09:03:10,MYOR,RG,2390,98,D,YP,EP,D
09:03:10,MYOR,RG,2390,3,D,AZ,EP,D
09:03:09,MYOR,RG,2390,3,D,AZ,EP,D
09:03:07,MYOR,RG,2390,3,D,AZ,EP,D
09:03:07,MYOR,RG,2380,20,D,KK,XC,D
09:03:07,MYOR,RG,2380,43,D,KK,XC,D
09:03:06,MYOR,RG,2390,3,D,AZ,EP,D
09:03:04,MYOR,RG,2390,3,D,AZ,EP,D
09:03:03,MYOR,RG,2380,5,D,KK,XL,D
09:03:03,MYOR,RG,2380,2,D,KK,XL,D
09:03:03,MYOR,RG,2380,103,D,KK,PD,D
09:03:03,MYOR,RG,2380,25,D,KK,PD,D
09:03:03,MYOR,RG,2390,3,F,ZP,EP,D
09:03:03,MYOR,RG,2380,100,D,KK,YP,D
09:03:03,MYOR,RG,2380,50,D,KK,YP,D
09:03:03,MYOR,RG,2380,100,D,KK,YP,D
09:03:03,MYOR,RG,2390,2,D,XC,EP,D
09:03:03,MYOR,RG,2380,20,D,KK,YP,D
09:03:03,MYOR,RG,2380,15,D,KK,YP,D
09:03:03,MYOR,RG,2390,20,D,YP,EP,D
09:03:03,MYOR,RG,2390,37,F,ZP,EP,D
09:03:03,MYOR,RG,2390,37,F,ZP,YP,D
09:03:03,MYOR,RG,2390,37,F,ZP,YP,D
09:03:03,MYOR,RG,2390,20,F,ZP,YP,D
09:03:03,MYOR,RG,2390,5,F,ZP,KK,D
09:03:02,MYOR,RG,2390,10,D,YP,KK,D
09:03:02,MYOR,RG,2380,50,D,KK,YP,D
09:03:02,MYOR,RG,2390,5,D,AZ,KK,D
09:03:02,MYOR,RG,2380,8,D,KK,GR,D
09:03:02,MYOR,RG,2380,10,D,KK,GR,D
09:03:02,MYOR,RG,2380,18,D,KK,GR,D
09:03:02,MYOR,RG,2400,49,D,KK,ZP,D
09:03:02,MYOR,RG,2400,35,D,KK,DR,D
09:03:02,MYOR,RG,2400,34,D,KK,DR,D
09:03:02,MYOR,RG,2390,2,D,KK,YP,D
09:03:02,MYOR,RG,2390,16,F,ZP,YP,D
09:03:02,MYOR,RG,2400,26,D,YP,DR,D
09:03:02,MYOR,RG,2400,384,F,BK,DR,D
09:03:02,MYOR,RG,2390,26,F,BK,YP,D
09:03:02,MYOR,RG,2390,3,F,BK,YB,D
09:03:02,MYOR,RG,2390,63,F,BK,YB,D
09:03:02,MYOR,RG,2390,9,F,BK,YB,D
09:03:02,MYOR,RG,2390,19,F,BK,KK,D
09:03:02,MYOR,RG,2390,2,F,BK,YB,D
09:03:02,MYOR,RG,2390,20,F,BK,DR,D
09:03:02,MYOR,RG,2380,1,D,KK,YB,D
09:03:02,MYOR,RG,2380,1,D,YU,YB,D
09:03:02,MYOR,RG,2380,12,D,AZ,YB,D
09:03:02,MYOR,RG,2380,1,D,AZ,YB,D
09:03:02,MYOR,RG,2380,6,D,AZ,YB,D
09:03:02,MYOR,RG,2380,5,D,AZ,DR,D
09:03:02,MYOR,RG,2380,2,D,AZ,DR,D
09:03:02,MYOR,RG,2380,7,D,AZ,DR,D
09:03:02,MYOR,RG,2400,25,F,ZP,DR,D
09:03:02,MYOR,RG,2400,1,D,LS,DR,D
09:03:02,MYOR,RG,2400,2,D,LS,IF,D
09:03:02,MYOR,RG,2390,7,D,LS,DR,D
09:03:02,MYOR,RG,2380,15,D,AZ,YP,D
09:03:02,MYOR,RG,2390,6,D,BQ,DR,D
09:03:02,MYOR,RG,2390,64,D,YP,DR,D
09:03:02,MYOR,RG,2390,1,D,YP,DR,D
09:03:02,MYOR,RG,2390,1,D,XL,PD,D
09:03:02,MYOR,RG,2390,3,D,YP,PD,D
09:03:02,MYOR,RG,2390,6,D,YP,DR,D
09:03:02,MYOR,RG,2390,1,D,YP,PD,D
09:03:02,MYOR,RG,2390,1,D,PD,PD,D
09:03:02,MYOR,RG,2390,1,D,PD,PD,D
09:03:02,MYOR,RG,2390,1,D,PD,PD,D
09:03:02,MYOR,RG,2390,4,D,YB,PD,D
09:03:02,MYOR,RG,2390,2,D,YB,YP,D
09:03:02,MYOR,RG,2390,4,D,AZ,YP,D
09:03:02,MYOR,RG,2390,6,D,AZ,DR,D
09:03:02,MYOR,RG,2390,3,D,AZ,DR,D
09:03:02,MYOR,RG,2400,2,D,PD,DR,D
09:03:02,MYOR,RG,2400,9,D,PD,DR,D
09:03:02,MYOR,RG,2400,41,D,PD,DR,D
09:03:02,MYOR,RG,2400,10,D,CC,DR,D
09:03:02,MYOR,RG,2400,2,D,PD,DR,D
09:03:02,MYOR,RG,2400,2,D,YP,DR,D
09:03:02,MYOR,RG,2400,1,D,YP,DR,D
09:03:02,MYOR,RG,2400,1,D,XL,DR,D
09:03:02,MYOR,RG,2400,6,D,LG,DR,D
09:03:02,MYOR,RG,2400,3,D,LG,DR,D
09:03:02,MYOR,RG,2400,2,D,EP,DR,D
09:03:02,MYOR,RG,2400,7,D,PD,DR,D
09:03:02,MYOR,RG,2400,1,D,PD,DR,D
09:03:02,MYOR,RG,2400,1,D,PD,DR,D
09:03:02,MYOR,RG,2400,30,D,PD,DR,D
09:03:02,MYOR,RG,2400,4,D,PD,DR,D
09:03:02,MYOR,RG,2400,10,D,PD,DR,D
09:03:02,MYOR,RG,2400,5,D,PD,DR,D
09:03:02,MYOR,RG,2400,1,D,XC,DR,D
09:03:02,MYOR,RG,2400,23,F,YU,DR,D
09:03:02,MYOR,RG,2400,21,F,YU,PD,D
09:03:02,MYOR,RG,2410,4,F,BK,PD,D
09:03:02,MYOR,RG,2410,50,F,BK,PD,D
09:03:02,MYOR,RG,2410,63,F,BK,PD,D
09:03:02,MYOR,RG,2410,56,F,BK,PD,D
09:03:02,MYOR,RG,2410,1,F,BK,PD,D
09:03:02,MYOR,RG,2410,13,F,BK,PD,D
09:03:02,MYOR,RG,2410,135,F,BK,PD,D
09:03:02,MYOR,RG,2410,25,F,BK,PD,D
09:03:02,MYOR,RG,2410,33,F,BK,PD,D
09:03:02,MYOR,RG,2410,200,F,BK,PD,D
09:03:02,MYOR,RG,2410,30,F,BK,PD,D
09:03:02,MYOR,RG,2410,35,F,BK,PD,D
09:03:02,MYOR,RG,2410,11,F,BK,PD,D
09:03:02,MYOR,RG,2410,4,F,BK,PD,D
09:03:02,MYOR,RG,2410,16,F,BK,PD,D
09:03:02,MYOR,RG,2400,15,F,YU,PD,D
09:03:02,MYOR,RG,2400,7,F,YU,PD,D
09:03:02,MYOR,RG,2400,40,F,YU,PD,D
09:03:02,MYOR,RG,2400,37,F,YU,PD,D
09:03:02,MYOR,RG,2400,57,F,YU,PD,D
09:03:02,MYOR,RG,2400,15,F,ZP,PD,D
09:03:02,MYOR,RG,2400,1,D,XC,PD,D
09:03:02,MYOR,RG,2400,1,D,SQ,PD,D
09:03:02,MYOR,RG,2400,10,D,AZ,PD,D
09:03:02,MYOR,RG,2400,5,D,AZ,PD,D
09:03:02,MYOR,RG,2400,16,D,AZ,PD,D
09:03:02,MYOR,RG,2400,9,D,AZ,PD,D
09:03:02,MYOR,RG,2400,2,D,IF,PD,D
09:03:02,MYOR,RG,2400,1,D,AZ,PD,D
09:03:02,MYOR,RG,2400,35,D,AZ,PD,D
09:03:02,MYOR,RG,2400,21,D,AZ,PD,D
09:03:02,MYOR,RG,2400,4,D,AZ,PD,D
09:03:02,MYOR,RG,2400,2,D,AZ,PD,D
09:03:02,MYOR,RG,2400,22,D,AZ,PD,D
09:03:02,MYOR,RG,2400,15,D,AZ,PD,D
09:03:02,MYOR,RG,2400,50,D,AG,PD,D
09:03:02,MYOR,RG,2400,1,D,IP,PD,D
09:03:02,MYOR,RG,2400,29,D,IP,PD,D
09:03:02,MYOR,RG,2410,1,D,YP,PD,D
09:03:02,MYOR,RG,2410,2,D,XL,PD,D
09:03:02,MYOR,RG,2410,17,D,YP,PD,D
09:03:02,MYOR,RG,2410,83,D,YP,PD,D
09:03:02,MYOR,RG,2410,1,D,YP,PD,D
09:03:02,MYOR,RG,2410,2,D,YP,PD,D
09:03:02,MYOR,RG,2410,19,D,LG,PD,D
09:03:02,MYOR,RG,2410,12,D,LG,PD,D
09:03:02,MYOR,RG,2410,2,D,LG,PD,D
09:03:02,MYOR,RG,2410,17,D,LG,PD,D
09:03:02,MYOR,RG,2410,15,D,LG,PD,D
09:03:02,MYOR,RG,2410,5,D,XA,PD,D
09:03:02,MYOR,RG,2410,6,D,PD,PD,D
09:03:02,MYOR,RG,2410,5,D,PD,PD,D
09:03:02,MYOR,RG,2410,2,D,LG,PD,D
09:03:02,MYOR,RG,2410,5,D,LG,PD,D
09:03:02,MYOR,RG,2410,5,D,SQ,PD,D
09:03:02,MYOR,RG,2410,5,D,AZ,PD,D
09:03:02,MYOR,RG,2410,5,D,AZ,PD,D
09:03:02,MYOR,RG,2410,4,D,AZ,PD,D
09:03:02,MYOR,RG,2410,29,D,AZ,PD,D
09:03:02,MYOR,RG,2410,31,D,AZ,PD,D
09:03:02,MYOR,RG,2410,143,D,AZ,YB,D
09:03:02,MYOR,RG,2410,30,D,AZ,YB,D
09:03:02,MYOR,RG,2420,1,D,PD,PD,D
09:03:02,MYOR,RG,2420,2,D,PD,PD,D
09:03:02,MYOR,RG,2420,6,D,PD,PD,D
09:03:02,MYOR,RG,2420,2,D,KK,PD,D
09:03:02,MYOR,RG,2420,3,D,XL,PD,D
09:03:02,MYOR,RG,2420,1,D,YP,PD,D
09:03:02,MYOR,RG,2420,2,D,XL,PD,D
09:03:02,MYOR,RG,2420,2,D,XL,PD,D
09:03:02,MYOR,RG,2420,4,D,LG,PD,D
09:03:02,MYOR,RG,2420,3,D,XL,PD,D
09:03:02,MYOR,RG,2420,4,D,XA,PD,D
09:03:02,MYOR,RG,2420,6,D,PD,PD,D
09:03:02,MYOR,RG,2420,10,D,PD,PD,D
09:03:02,MYOR,RG,2420,20,D,PD,KK,D
09:03:02,MYOR,RG,2420,2,D,PD,KK,D
09:03:02,MYOR,RG,2420,2,D,PD,KK,D
09:03:02,MYOR,RG,2420,1,D,XL,KK,D
09:03:02,MYOR,RG,2420,1,D,PD,KK,D
09:03:02,MYOR,RG,2420,2,D,PD,KK,D
09:03:02,MYOR,RG,2420,5,D,PD,KK,D
09:03:01,MYOR,RG,2430,1,D,YP,PD,D
09:03:01,MYOR,RG,2430,2,D,YP,PD,D
09:03:01,MYOR,RG,2430,1,D,AT,PD,D
09:03:01,MYOR,RG,2430,5,D,PD,PD,D
09:03:01,MYOR,RG,2430,4,D,PD,PD,D
09:03:01,MYOR,RG,2430,21,D,PD,PD,D
09:02:46,MYOR,RG,2440,3,F,ZP,PD,D
09:02:45,MYOR,RG,2440,1,F,ZP,PD,D
09:02:44,MYOR,RG,2440,1,F,AK,PD,D
09:02:44,MYOR,RG,2440,10,D,CC,PD,D
09:02:44,MYOR,RG,2440,1,F,AK,PD,D
09:02:42,MYOR,RG,2450,1,D,XC,YB,D
09:02:32,MYOR,RG,2450,1,F,ZP,YB,D
09:02:31,MYOR,RG,2440,1,F,CC,PD,D
09:02:31,MYOR,RG,2440,1,D,YP,PD,D
09:02:31,MYOR,RG,2440,5,D,XL,PD,D
09:02:31,MYOR,RG,2440,19,D,XL,PD,D
09:00:17,MYOR,RG,2450,1,F,ZP,YB,D
09:00:15,MYOR,RG,2450,4,F,AK,YB,D
09:00:15,MYOR,RG,2450,2,F,AK,YB,D
09:00:14,MYOR,RG,2450,1,D,XL,YB,D
09:00:09,MYOR,RG,2450,5,D,XL,YB,D
09:00:08,MYOR,RG,2450,2,D,CC,YB,D
09:00:08,MYOR,RG,2450,7,D,CC,YB,D
09:00:08,MYOR,RG,2450,1,D,CC,XC,D
09:00:07,MYOR,RG,2450,1,D,YP,XC,D
09:00:07,MYOR,RG,2450,1,F,ZP,XC,D
09:00:06,MYOR,RG,2440,1,D,XL,PD,D
09:00:05,MYOR,RG,2440,1,D,XL,PD,D
09:00:05,MYOR,RG,2440,1,D,XL,KK,D
09:00:05,MYOR,RG,2440,4,D,PD,KK,D
09:00:05,MYOR,RG,2440,3,D,PD,KK,D
09:00:04,MYOR,RG,2440,1,D,PD,KK,D
09:00:04,MYOR,RG,2440,2,D,XL,KK,D
09:00:00,MYOR,RG,2440,1,D,SQ,KK,D
