Time,Stock,Brd,Price,Qty,BT,BC,SC,ST
15:13:51,MYOR,RG,1830,8,D,YP,YP,D
15:12:49,MYOR,RG,1830,3,D,XC,YP,D
15:12:34,MYOR,RG,1830,1,D,XL,YP,D
15:11:32,MYOR,RG,1830,3,D,CC,YP,D
15:11:32,MYOR,RG,1830,2,D,CC,PD,D
15:10:35,MYOR,RG,1830,1,D,PD,PD,D
15:07:46,MYOR,RG,1830,10,D,YP,PD,D
15:07:17,MYOR,RG,1830,7,D,XC,PD,D
15:07:17,MYOR,RG,1830,3,D,XC,DR,D
15:05:57,MYOR,RG,1830,1,D,EP,DR,D
15:05:55,MYOR,RG,1830,30,D,ZP,DR,D
15:05:49,MYOR,RG,1830,3,D,YP,DR,D
15:03:58,MYOR,RG,1830,30,D,AZ,DR,D
15:03:19,MYOR,RG,1830,13,D,CC,DR,D
15:03:19,MYOR,RG,1830,1,D,CC,XC,D
15:03:19,MYOR,RG,1830,4,D,CC,YP,D
15:02:21,MYOR,RG,1830,1,D,CC,YP,D
15:02:21,MYOR,RG,1830,25,D,PD,YP,D
15:02:21,MYOR,RG,1830,10,D,PD,LG,D
15:02:21,MYOR,RG,1830,25,D,PD,NI,D
15:01:00,MYOR,RG,1830,1,D,XC,NI,D
15:00:00,MYOR,RG,1830,9,D,PD,NI,D
15:00:00,MYOR,RG,1830,14,D,PD,TP,D
15:00:00,MYOR,RG,1830,5,D,YP,TP,D
15:00:00,MYOR,RG,1830,50,D,NI,TP,D
15:00:00,MYOR,RG,1830,15,D,NI,TP,D
15:00:00,MYOR,RG,1830,16,F,AK,TP,D
15:00:00,MYOR,RG,1830,5,F,AK,EP,D
15:00:00,MYOR,RG,1830,100,F,AK,SQ,D
15:00:00,MYOR,RG,1830,209,F,AK,XC,D
15:00:00,MYOR,RG,1830,15,F,AK,YP,D
15:00:00,MYOR,RG,1830,1,F,AK,XC,D
15:00:00,MYOR,RG,1830,10,F,AK,XC,D
15:00:00,MYOR,RG,1830,3,F,AK,XC,D
15:00:00,MYOR,RG,1830,100,F,AK,YP,D
15:00:00,MYOR,RG,1830,7,F,AK,PD,D
15:00:00,MYOR,RG,1830,1,F,AK,XL,D
15:00:00,MYOR,RG,1830,30,F,AK,PD,D
15:00:00,MYOR,RG,1830,15,F,AK,YP,D
15:00:00,MYOR,RG,1830,375,F,AK,YP,D
15:00:00,MYOR,RG,1830,289,F,AK,BK,F
15:00:00,MYOR,RG,1830,21,F,AK,BK,F
15:00:00,MYOR,RG,1830,18,F,AK,BK,F
15:00:00,MYOR,RG,1830,30,D,BB,BK,F
15:00:00,MYOR,RG,1830,314,D,ZP,BK,F
15:00:00,MYOR,RG,1830,16,D,ZP,AK,F
14:49:26,MYOR,RG,1820,68,D,PD,BK,F
14:49:25,MYOR,RG,1820,249,D,PD,AZ,D
14:49:25,MYOR,RG,1825,43,F,AK,AZ,D
14:49:25,MYOR,RG,1825,74,F,AK,AZ,D
14:49:25,MYOR,RG,1825,54,F,AK,AZ,D
14:49:02,MYOR,RG,1825,13,F,AK,BK,F
14:49:00,MYOR,RG,1830,135,F,AK,AZ,D
14:48:45,MYOR,RG,1830,112,F,AK,AZ,D
14:48:16,MYOR,RG,1830,35,D,BB,AZ,D
14:48:15,MYOR,RG,1820,26,D,PD,BK,F
14:48:14,MYOR,RG,1830,3,D,KK,AZ,D
14:48:12,MYOR,RG,1830,158,D,BB,AZ,D
14:48:12,MYOR,RG,1830,1,D,BB,AZ,D
14:48:09,MYOR,RG,1830,1,D,BB,AZ,D
14:48:07,MYOR,RG,1830,4,D,BB,AZ,D
14:48:05,MYOR,RG,1820,9,D,PD,BK,F
14:48:03,MYOR,RG,1830,28,D,BB,AZ,D
14:48:00,MYOR,RG,1830,6,D,BB,AZ,D
14:47:56,MYOR,RG,1820,8,D,PD,BK,F
14:47:52,MYOR,RG,1830,36,D,BB,AZ,D
14:47:51,MYOR,RG,1830,8,D,BB,AZ,D
14:47:39,MYOR,RG,1820,8,D,PD,BK,F
14:47:38,MYOR,RG,1830,24,D,BB,AZ,D
14:47:38,MYOR,RG,1830,4,D,BB,AZ,D
14:47:33,MYOR,RG,1820,9,D,PD,BK,F
14:47:31,MYOR,RG,1820,11,D,PD,BK,F
14:47:30,MYOR,RG,1830,8,D,BB,AZ,D
14:47:29,MYOR,RG,1830,22,D,BB,AZ,D
14:47:28,MYOR,RG,1820,22,D,PD,BK,F
14:47:25,MYOR,RG,1825,4,D,CC,BK,F
14:47:25,MYOR,RG,1825,3,D,CC,XC,D
14:47:25,MYOR,RG,1825,14,D,CC,XC,D
14:47:25,MYOR,RG,1825,27,D,CC,YP,D
14:47:25,MYOR,RG,1825,6,D,CC,XL,D
14:47:25,MYOR,RG,1825,81,D,CC,AZ,D
14:47:21,MYOR,RG,1825,24,D,BB,AZ,D
14:47:17,MYOR,RG,1825,5,D,BB,AZ,D
14:47:11,MYOR,RG,1825,73,D,BB,AZ,D
14:47:10,MYOR,RG,1825,5,D,BB,AZ,D
14:47:02,MYOR,RG,1825,41,D,BB,AZ,D
14:46:43,MYOR,RG,1825,420,D,BB,AZ,D
14:46:38,MYOR,RG,1820,1,D,PD,XC,D
14:46:37,MYOR,RG,1820,22,D,PD,BK,F
14:46:33,MYOR,RG,1820,117,D,PD,BK,F
14:46:30,MYOR,RG,1825,351,F,AK,AZ,D
14:46:30,MYOR,RG,1825,246,F,AK,AZ,D
14:45:54,MYOR,RG,1825,130,D,BB,AZ,D
14:45:46,MYOR,RG,1825,1,D,YB,AZ,D
14:45:40,MYOR,RG,1825,1,D,YB,AZ,D
14:45:30,MYOR,RG,1820,1,D,PD,YP,D
14:45:30,MYOR,RG,1825,122,F,AK,AZ,D
14:45:30,MYOR,RG,1825,3,F,AK,PD,D
14:45:30,MYOR,RG,1825,7,F,AK,PD,D
14:45:30,MYOR,RG,1825,57,F,AK,SQ,D
14:44:37,MYOR,RG,1825,15,D,YP,SQ,D
14:44:15,MYOR,RG,1825,193,F,AK,SQ,D
14:44:13,MYOR,RG,1820,80,D,PD,BK,F
14:44:09,MYOR,RG,1825,395,D,RX,SQ,D
14:44:04,MYOR,RG,1820,91,D,PD,BK,F
14:44:00,MYOR,RG,1825,445,D,BB,SQ,D
14:43:23,MYOR,RG,1820,7,D,PD,YP,D
14:43:17,MYOR,RG,1820,7,D,PD,BK,F
14:43:17,MYOR,RG,1820,4,D,KZ,BK,F
14:43:15,MYOR,RG,1820,10,D,KZ,YP,D
14:42:45,MYOR,RG,1820,6,D,KZ,SQ,D
14:42:26,MYOR,RG,1820,13,D,KZ,BK,F
14:42:22,MYOR,RG,1825,173,D,BB,SQ,D
14:42:00,MYOR,RG,1825,138,F,AK,SQ,D
14:42:00,MYOR,RG,1825,65,F,AK,YP,D
14:42:00,MYOR,RG,1825,28,F,AK,BK,F
14:41:34,MYOR,RG,1820,43,D,KZ,CC,D
14:41:25,MYOR,RG,1820,2,D,KZ,XL,D
14:41:02,MYOR,RG,1820,1,D,KZ,XC,D
14:40:49,MYOR,RG,1820,91,D,KZ,NI,D
14:40:30,MYOR,RG,1820,10,D,KZ,YB,D
14:40:29,MYOR,RG,1825,54,D,YP,BK,F
14:40:23,MYOR,RG,1825,1,D,XL,BK,F
14:40:00,MYOR,RG,1825,82,F,AK,BK,F
14:40:00,MYOR,RG,1825,5,F,AK,DR,D
14:40:00,MYOR,RG,1825,143,F,AK,AZ,D
14:39:55,MYOR,RG,1825,5,D,XC,AZ,D
14:39:42,MYOR,RG,1825,15,D,PD,AZ,D
14:39:20,MYOR,RG,1820,8,D,KZ,AZ,D
14:39:20,MYOR,RG,1820,100,D,KZ,AZ,D
14:39:20,MYOR,RG,1820,392,D,BB,AZ,D
14:38:36,MYOR,RG,1825,350,D,BB,AZ,D
14:38:36,MYOR,RG,1825,100,D,BB,EP,D
14:38:36,MYOR,RG,1825,188,D,BB,BK,F
14:38:36,MYOR,RG,1825,362,D,BB,AZ,D
14:38:21,MYOR,RG,1820,6,D,BB,PD,D
14:38:14,MYOR,RG,1825,1,D,PD,AZ,D
14:38:07,MYOR,RG,1825,1,D,NI,AZ,D
14:36:42,MYOR,RG,1825,1,D,XL,AZ,D
14:36:26,MYOR,RG,1825,5,D,XC,AZ,D
14:36:26,MYOR,RG,1825,7,D,CC,AZ,D
14:36:26,MYOR,RG,1825,1,F,CC,AZ,D
14:36:26,MYOR,RG,1825,5,D,BB,AZ,D
14:36:26,MYOR,RG,1825,28,D,BB,AZ,D
14:36:26,MYOR,RG,1825,1,D,KZ,AZ,D
14:36:26,MYOR,RG,1825,1,D,KZ,AZ,D
14:36:26,MYOR,RG,1825,46,D,KZ,AZ,D
14:36:26,MYOR,RG,1825,6,D,KZ,AZ,D
14:36:26,MYOR,RG,1825,35,D,KZ,AZ,D
14:35:26,MYOR,RG,1825,23,D,KZ,NI,D
14:35:26,MYOR,RG,1825,1,D,BB,NI,D
14:35:26,MYOR,RG,1825,35,D,KZ,NI,D
14:35:26,MYOR,RG,1825,5,D,KZ,NI,D
14:35:26,MYOR,RG,1825,5,D,BB,NI,D
14:35:26,MYOR,RG,1825,7,D,KZ,NI,D
14:35:26,MYOR,RG,1825,14,D,KZ,NI,D
14:35:26,MYOR,RG,1825,17,D,KZ,NI,D
14:35:25,MYOR,RG,1825,1,D,KZ,CC,F
14:35:25,MYOR,RG,1825,14,D,KZ,YP,D
14:35:25,MYOR,RG,1825,2,D,KZ,YP,D
14:35:25,MYOR,RG,1825,14,D,KZ,YP,D
14:35:25,MYOR,RG,1825,37,D,KZ,YP,D
14:35:25,MYOR,RG,1825,30,D,KZ,NI,D
14:35:25,MYOR,RG,1825,6,D,KZ,YP,D
14:35:25,MYOR,RG,1825,113,D,KZ,AK,F
14:35:25,MYOR,RG,1825,12,D,KZ,AK,F
14:35:25,MYOR,RG,1825,3,D,KZ,AK,F
14:35:25,MYOR,RG,1825,18,D,KZ,AK,F
14:35:25,MYOR,RG,1825,46,D,KZ,AZ,D
14:35:25,MYOR,RG,1825,10,D,KZ,AZ,D
14:35:25,MYOR,RG,1825,13,D,KZ,AZ,D
14:35:25,MYOR,RG,1825,9,D,KZ,AZ,D
14:35:25,MYOR,RG,1825,18,D,KZ,AZ,D
14:35:24,MYOR,RG,1825,5,D,KZ,AZ,D
14:35:24,MYOR,RG,1825,18,D,XC,AZ,D
14:35:16,MYOR,RG,1825,136,D,BB,AZ,D
14:35:10,MYOR,RG,1825,6,D,XC,AZ,D
14:35:07,MYOR,RG,1820,1,D,KZ,BK,F
14:35:05,MYOR,RG,1820,4,D,KZ,BK,F
14:35:02,MYOR,RG,1820,3,D,KZ,BK,F
14:35:02,MYOR,RG,1820,4,D,KZ,BK,F
14:35:02,MYOR,RG,1820,1,D,KZ,BK,F
14:34:57,MYOR,RG,1820,21,D,KZ,BK,F
14:34:57,MYOR,RG,1820,15,F,AK,BK,F
14:34:56,MYOR,RG,1825,15,D,KZ,AZ,D
14:34:56,MYOR,RG,1825,1,D,KZ,AZ,D
14:34:56,MYOR,RG,1825,3,D,KZ,AZ,D
14:34:56,MYOR,RG,1825,1,D,KZ,AZ,D
14:34:56,MYOR,RG,1825,2,D,KZ,AZ,D
14:34:56,MYOR,RG,1825,15,D,KZ,AZ,D
14:34:56,MYOR,RG,1825,1,D,KZ,AZ,D
14:34:56,MYOR,RG,1825,1,D,KZ,AZ,D
14:34:56,MYOR,RG,1825,3,D,KZ,AZ,D
14:34:56,MYOR,RG,1825,11,D,KZ,AZ,D
14:34:56,MYOR,RG,1825,2,D,KZ,AZ,D
14:34:56,MYOR,RG,1825,50,D,KZ,AZ,D
14:34:56,MYOR,RG,1825,9,D,KZ,AZ,D
14:34:56,MYOR,RG,1825,14,D,KZ,AZ,D
14:34:56,MYOR,RG,1825,3,D,KZ,AZ,D
14:34:56,MYOR,RG,1825,3,D,KZ,AZ,D
14:34:56,MYOR,RG,1825,1,D,KZ,AZ,D
14:34:56,MYOR,RG,1825,1,D,KZ,AZ,D
14:34:56,MYOR,RG,1825,1,D,KZ,AZ,D
14:34:55,MYOR,RG,1825,3,D,KZ,AZ,D
14:34:51,MYOR,RG,1825,17,D,KZ,AZ,D
14:34:51,MYOR,RG,1825,7,D,KZ,AZ,D
14:34:51,MYOR,RG,1825,1,D,KZ,AZ,D
14:34:51,MYOR,RG,1825,6,D,KZ,AZ,D
14:34:51,MYOR,RG,1825,1,D,KZ,AZ,D
14:34:51,MYOR,RG,1825,2,D,KZ,AZ,D
14:34:51,MYOR,RG,1825,3,D,KZ,AZ,D
14:34:51,MYOR,RG,1825,1,D,KZ,AZ,D
14:34:51,MYOR,RG,1825,18,D,KZ,AZ,D
14:34:51,MYOR,RG,1825,8,D,KZ,AZ,D
14:34:51,MYOR,RG,1825,1,D,KZ,AZ,D
14:34:51,MYOR,RG,1825,1,D,KZ,AZ,D
14:34:51,MYOR,RG,1825,3,D,KZ,AZ,D
14:34:51,MYOR,RG,1825,1,D,KZ,AZ,D
14:34:51,MYOR,RG,1825,13,D,KZ,AZ,D
14:34:51,MYOR,RG,1825,6,D,KZ,AZ,D
14:34:51,MYOR,RG,1825,3,D,KZ,AZ,D
14:34:51,MYOR,RG,1825,1,D,KZ,AZ,D
14:34:51,MYOR,RG,1825,6,D,KZ,AZ,D
14:34:51,MYOR,RG,1825,8,D,KZ,BK,F
14:34:51,MYOR,RG,1825,5,D,KZ,BK,F
14:34:51,MYOR,RG,1825,52,D,KZ,BK,F
14:34:51,MYOR,RG,1825,24,D,KZ,BK,F
14:34:51,MYOR,RG,1825,15,D,KZ,BK,F
14:34:51,MYOR,RG,1825,7,D,KZ,BK,F
14:34:51,MYOR,RG,1825,3,D,KZ,BK,F
14:34:51,MYOR,RG,1825,1,D,KZ,BK,F
14:34:51,MYOR,RG,1825,4,D,KZ,BK,F
14:34:51,MYOR,RG,1825,1,D,KZ,BK,F
14:34:50,MYOR,RG,1825,1,D,KZ,BK,F
14:34:50,MYOR,RG,1825,1,D,KZ,BK,F
14:34:50,MYOR,RG,1825,2,D,KZ,BK,F
14:34:50,MYOR,RG,1825,1,D,KZ,BK,F
14:34:50,MYOR,RG,1825,4,D,KZ,BK,F
14:34:50,MYOR,RG,1825,1,D,KZ,BK,F
14:34:49,MYOR,RG,1825,21,D,KZ,BK,F
14:34:49,MYOR,RG,1825,5,D,KZ,BK,F
14:34:49,MYOR,RG,1825,22,D,KZ,BK,F
14:34:49,MYOR,RG,1825,79,D,KZ,AZ,D
14:34:49,MYOR,RG,1825,31,D,KZ,AZ,D
14:34:48,MYOR,RG,1825,7,D,KZ,AZ,D
14:34:48,MYOR,RG,1825,29,D,KZ,AZ,D
14:34:48,MYOR,RG,1825,24,D,KZ,AZ,D
14:34:48,MYOR,RG,1825,2,D,KZ,AZ,D
14:34:48,MYOR,RG,1825,3,D,KZ,AZ,D
14:34:48,MYOR,RG,1825,6,D,KZ,AZ,D
14:34:48,MYOR,RG,1825,2,D,KZ,AZ,D
14:34:48,MYOR,RG,1825,1,D,KZ,AZ,D
14:34:48,MYOR,RG,1825,33,D,KZ,AZ,D
14:34:48,MYOR,RG,1825,6,D,KZ,AZ,D
14:34:48,MYOR,RG,1825,4,D,KZ,AZ,D
14:34:48,MYOR,RG,1825,8,D,KZ,AZ,D
14:34:48,MYOR,RG,1825,4,D,KZ,AZ,D
14:34:48,MYOR,RG,1825,2,D,KZ,AZ,D
14:34:29,MYOR,RG,1820,18,F,AK,BK,F
14:34:25,MYOR,RG,1825,1,D,XC,AZ,D
14:34:25,MYOR,RG,1820,1,F,AK,PD,D
14:34:24,MYOR,RG,1820,25,F,AK,BK,F
14:34:22,MYOR,RG,1820,27,F,AK,BK,F
14:34:22,MYOR,RG,1820,72,F,AK,BK,F
14:34:22,MYOR,RG,1820,12,D,KZ,BK,F
14:34:20,MYOR,RG,1820,2,D,KZ,AZ,D
14:34:20,MYOR,RG,1820,17,D,KZ,AZ,D
14:34:20,MYOR,RG,1820,2,D,KZ,AZ,D
14:34:20,MYOR,RG,1820,2,D,KZ,AZ,D
14:34:20,MYOR,RG,1820,1,D,KZ,AZ,D
14:34:20,MYOR,RG,1820,10,D,KZ,AZ,D
14:34:20,MYOR,RG,1820,3,D,KZ,AZ,D
14:34:20,MYOR,RG,1820,1,D,KZ,AZ,D
14:34:20,MYOR,RG,1820,12,D,KZ,AZ,D
14:34:20,MYOR,RG,1820,74,F,AK,AZ,D
14:34:20,MYOR,RG,1820,62,D,KZ,AZ,D
14:34:20,MYOR,RG,1820,151,D,BB,AZ,D
14:34:20,MYOR,RG,1820,30,D,KZ,AZ,D
14:34:20,MYOR,RG,1820,73,F,AK,AZ,D
14:34:20,MYOR,RG,1820,60,D,KZ,AZ,D
14:34:15,MYOR,RG,1820,1,D,KZ,XC,D
14:33:52,MYOR,RG,1820,12,D,KZ,BK,F
14:33:48,MYOR,RG,1820,32,D,KZ,BK,F
14:33:47,MYOR,RG,1825,153,D,PP,AZ,D
14:33:26,MYOR,RG,1820,30,D,KZ,GR,D
14:33:07,MYOR,RG,1820,14,D,KZ,BK,F
14:33:02,MYOR,RG,1820,11,D,KZ,BK,F
14:32:59,MYOR,RG,1820,44,D,KZ,BK,F
14:32:58,MYOR,RG,1825,17,D,KZ,AZ,D
14:32:58,MYOR,RG,1825,4,D,KZ,AZ,D
14:32:58,MYOR,RG,1825,84,D,KZ,AZ,D
14:32:58,MYOR,RG,1825,2,D,KZ,YP,D
14:32:58,MYOR,RG,1825,24,D,KZ,AZ,D
14:32:58,MYOR,RG,1825,6,D,KZ,AZ,D
14:32:58,MYOR,RG,1825,24,D,KZ,AZ,D
14:32:58,MYOR,RG,1825,20,D,KZ,AZ,D
14:32:58,MYOR,RG,1825,1,D,KZ,AZ,D
14:32:58,MYOR,RG,1825,2,D,KZ,AZ,D
14:32:58,MYOR,RG,1825,5,D,KZ,AZ,D
14:32:58,MYOR,RG,1825,2,D,KZ,AZ,D
14:32:58,MYOR,RG,1825,1,D,KZ,AZ,D
14:32:58,MYOR,RG,1825,27,D,KZ,AZ,D
14:32:58,MYOR,RG,1825,5,D,KZ,AZ,D
14:32:58,MYOR,RG,1825,4,D,KZ,AZ,D
14:32:58,MYOR,RG,1825,3,D,KZ,AZ,D
14:32:58,MYOR,RG,1825,6,D,KZ,AZ,D
14:32:58,MYOR,RG,1825,2,D,KZ,AZ,D
14:32:02,MYOR,RG,1825,5,D,XC,AZ,D
14:30:47,MYOR,RG,1825,1,D,YB,AZ,D
14:29:53,MYOR,RG,1820,19,D,KZ,BK,F
14:29:50,MYOR,RG,1820,30,D,KZ,BK,F
14:29:49,MYOR,RG,1825,192,D,DP,AZ,D
14:29:33,MYOR,RG,1820,22,D,KZ,BK,F
14:29:29,MYOR,RG,1820,15,D,KZ,BK,F
14:29:25,MYOR,RG,1820,68,D,KZ,BK,F
14:29:25,MYOR,RG,1825,1,F,AK,AZ,D
14:29:25,MYOR,RG,1825,1,F,AK,AZ,D
14:29:25,MYOR,RG,1825,2,F,AK,AZ,D
14:29:24,MYOR,RG,1825,5,F,AK,AZ,D
14:29:24,MYOR,RG,1825,10,F,AK,AZ,D
14:29:24,MYOR,RG,1825,11,F,AK,AZ,D
14:29:24,MYOR,RG,1825,8,F,AK,AZ,D
14:29:24,MYOR,RG,1825,22,F,AK,AZ,D
14:29:24,MYOR,RG,1825,17,F,AK,AZ,D
14:29:24,MYOR,RG,1825,93,D,DP,AZ,D
14:29:24,MYOR,RG,1825,2,D,DP,PD,D
14:29:24,MYOR,RG,1825,1,D,DP,CC,D
14:29:24,MYOR,RG,1825,10,D,DP,PD,D
14:29:24,MYOR,RG,1825,19,D,DP,XC,D
14:29:24,MYOR,RG,1825,100,D,DP,YP,D
14:29:24,MYOR,RG,1825,500,D,DP,AZ,D
14:29:24,MYOR,RG,1825,14,D,DP,AK,F
14:28:26,MYOR,RG,1820,15,D,KZ,EP,D
14:27:06,MYOR,RG,1825,2,D,XC,AK,F
14:27:00,MYOR,RG,1825,126,F,AK,AK,F
14:27:00,MYOR,RG,1825,148,F,AK,BK,F
14:26:57,MYOR,RG,1825,17,D,KZ,BK,F
14:26:57,MYOR,RG,1825,4,D,KZ,BK,F
14:26:57,MYOR,RG,1825,37,D,KZ,BK,F
14:26:57,MYOR,RG,1825,47,D,KZ,AZ,D
14:26:57,MYOR,RG,1825,26,D,KZ,AZ,D
14:26:57,MYOR,RG,1825,2,D,KZ,AZ,D
14:26:57,MYOR,RG,1825,24,D,KZ,AZ,D
14:26:57,MYOR,RG,1825,20,D,KZ,AZ,D
14:26:57,MYOR,RG,1825,1,D,KZ,AZ,D
14:26:57,MYOR,RG,1825,2,D,KZ,AZ,D
14:26:57,MYOR,RG,1825,5,D,KZ,AZ,D
14:26:57,MYOR,RG,1825,6,D,KZ,AZ,D
14:26:57,MYOR,RG,1825,1,D,KZ,AZ,D
14:26:57,MYOR,RG,1825,27,D,KZ,AZ,D
14:26:57,MYOR,RG,1825,5,D,KZ,AZ,D
14:26:57,MYOR,RG,1825,4,D,KZ,AZ,D
14:26:57,MYOR,RG,1825,3,D,KZ,AZ,D
14:26:57,MYOR,RG,1825,6,D,KZ,AZ,D
14:26:57,MYOR,RG,1825,2,D,KZ,AZ,D
14:26:41,MYOR,RG,1820,17,D,KZ,BK,F
14:26:37,MYOR,RG,1820,100,D,KZ,YP,D
14:25:49,MYOR,RG,1820,17,D,KZ,BK,F
14:25:49,MYOR,RG,1825,20,D,BB,AZ,D
14:25:47,MYOR,RG,1820,6,D,KZ,XL,D
14:25:32,MYOR,RG,1820,128,D,KZ,AZ,D
14:25:32,MYOR,RG,1820,301,D,BB,AZ,D
14:25:32,MYOR,RG,1820,5,D,KZ,AZ,D
14:25:32,MYOR,RG,1820,1,D,KZ,AZ,D
14:25:32,MYOR,RG,1820,2,D,KZ,AZ,D
14:25:32,MYOR,RG,1820,13,D,KZ,AZ,D
14:25:32,MYOR,RG,1820,3,D,KZ,AZ,D
14:25:32,MYOR,RG,1820,3,D,KZ,AZ,D
14:25:32,MYOR,RG,1820,5,D,KZ,AZ,D
14:25:32,MYOR,RG,1820,19,D,KZ,AZ,D
14:25:32,MYOR,RG,1820,16,D,KZ,AZ,D
14:25:32,MYOR,RG,1820,2,D,KZ,AZ,D
14:25:32,MYOR,RG,1820,1,D,KZ,AZ,D
14:25:32,MYOR,RG,1820,1,D,KZ,AZ,D
14:24:15,MYOR,RG,1825,104,F,AK,AZ,D
14:22:51,MYOR,RG,1825,1,D,XL,AZ,D
14:22:43,MYOR,RG,1825,1,D,XL,AZ,D
14:22:43,MYOR,RG,1820,10,D,KZ,YP,D
14:21:50,MYOR,RG,1820,22,D,KZ,BK,F
14:21:48,MYOR,RG,1820,22,D,KZ,BK,F
14:21:48,MYOR,RG,1820,4,D,KZ,BK,F
14:21:46,MYOR,RG,1820,1,D,KZ,AZ,D
14:21:46,MYOR,RG,1820,12,D,KZ,AZ,D
14:21:46,MYOR,RG,1820,18,D,KZ,AZ,D
14:21:46,MYOR,RG,1820,469,D,PD,AZ,D
14:21:32,MYOR,RG,1820,76,D,PD,XC,D
14:21:09,MYOR,RG,1825,134,D,PP,AZ,D
14:20:37,MYOR,RG,1825,2,D,XC,AZ,D
14:20:27,MYOR,RG,1825,2,D,NI,AZ,D
14:19:34,MYOR,RG,1825,5,D,XL,AZ,D
14:19:10,MYOR,RG,1820,22,D,PD,BK,F
14:19:05,MYOR,RG,1820,79,D,PD,XL,D
14:17:50,MYOR,RG,1825,1,D,XL,AZ,D
14:17:44,MYOR,RG,1820,19,D,PD,BK,F
14:17:38,MYOR,RG,1820,43,D,PD,BK,F
14:17:35,MYOR,RG,1820,204,D,PD,BK,F
14:17:32,MYOR,RG,1820,88,D,PD,AZ,D
14:17:32,MYOR,RG,1820,1,D,KZ,AZ,D
14:17:32,MYOR,RG,1820,2,D,KZ,AZ,D
14:17:32,MYOR,RG,1820,1,D,KZ,AZ,D
14:17:32,MYOR,RG,1820,10,D,YP,AZ,D
14:17:32,MYOR,RG,1820,1,D,KZ,AZ,D
14:17:32,MYOR,RG,1820,36,D,KZ,AZ,D
14:17:32,MYOR,RG,1820,5,D,XC,AZ,D
14:17:32,MYOR,RG,1820,1,D,EP,AZ,D
14:17:32,MYOR,RG,1820,8,D,KZ,AZ,D
14:17:32,MYOR,RG,1820,3,D,KZ,AZ,D
14:17:32,MYOR,RG,1820,1,D,KZ,AZ,D
14:17:32,MYOR,RG,1820,1,D,KZ,AZ,D
14:17:32,MYOR,RG,1820,10,D,KZ,AZ,D
14:17:32,MYOR,RG,1820,10,D,KZ,AZ,D
14:17:32,MYOR,RG,1820,1,D,KZ,AZ,D
14:17:32,MYOR,RG,1820,2,D,KZ,AZ,D
14:17:32,MYOR,RG,1820,2,D,KZ,AZ,D
14:17:32,MYOR,RG,1820,32,D,KZ,AZ,D
14:17:32,MYOR,RG,1820,2,D,KZ,AZ,D
14:17:32,MYOR,RG,1820,2,D,KZ,AZ,D
14:17:32,MYOR,RG,1820,2,D,KZ,AZ,D
14:17:32,MYOR,RG,1820,1,D,KZ,AZ,D
14:17:32,MYOR,RG,1820,10,D,KZ,AZ,D
14:17:32,MYOR,RG,1820,6,D,KZ,AZ,D
14:17:32,MYOR,RG,1820,1,D,KZ,AZ,D
14:17:32,MYOR,RG,1820,2,D,KZ,AZ,D
14:17:32,MYOR,RG,1820,76,F,AK,AZ,D
14:17:32,MYOR,RG,1820,1,D,PD,AZ,D
14:17:32,MYOR,RG,1820,157,D,KZ,AZ,D
14:17:32,MYOR,RG,1820,386,D,BB,AZ,D
14:17:32,MYOR,RG,1820,96,D,KZ,AZ,D
14:17:32,MYOR,RG,1820,43,F,AK,AZ,D
14:17:05,MYOR,RG,1820,23,F,AK,BK,F
14:17:01,MYOR,RG,1820,14,F,AK,BK,F
14:17:01,MYOR,RG,1820,1,D,NI,BK,F
14:17:01,MYOR,RG,1820,7,D,KZ,BK,F
14:17:01,MYOR,RG,1820,6,D,KZ,BK,F
14:17:01,MYOR,RG,1820,1,D,KZ,BK,F
14:17:01,MYOR,RG,1820,1,D,KZ,BK,F
14:17:01,MYOR,RG,1820,2,D,KZ,BK,F
14:17:01,MYOR,RG,1820,1,D,KZ,BK,F
14:17:01,MYOR,RG,1820,1,D,KZ,BK,F
14:17:01,MYOR,RG,1820,3,D,KZ,BK,F
14:16:57,MYOR,RG,1820,5,D,KZ,AZ,D
14:16:57,MYOR,RG,1820,1,D,KZ,AZ,D
14:16:57,MYOR,RG,1820,6,D,KZ,AZ,D
14:16:57,MYOR,RG,1820,2,D,KZ,AZ,D
14:16:57,MYOR,RG,1820,26,D,KZ,AZ,D
14:16:57,MYOR,RG,1820,2,D,KZ,AZ,D
14:16:57,MYOR,RG,1820,1,D,KZ,AZ,D
14:16:57,MYOR,RG,1820,2,D,KZ,AZ,D
14:16:57,MYOR,RG,1820,1,D,KZ,AZ,D
14:16:57,MYOR,RG,1820,2,D,KZ,AZ,D
14:16:57,MYOR,RG,1820,9,D,KZ,AZ,D
14:16:57,MYOR,RG,1820,2,D,KZ,AZ,D
14:16:57,MYOR,RG,1820,210,D,BB,AZ,D
14:16:57,MYOR,RG,1820,95,F,AK,AZ,D
14:16:57,MYOR,RG,1820,2,D,PD,AZ,D
14:16:57,MYOR,RG,1820,1,D,KZ,AZ,D
14:16:57,MYOR,RG,1820,64,D,KZ,AZ,D
14:16:57,MYOR,RG,1820,69,D,BB,AZ,D
14:15:15,MYOR,RG,1825,49,D,PP,AZ,D
14:15:15,MYOR,RG,1825,85,D,PP,BK,F
14:15:00,MYOR,RG,1820,23,D,BB,BK,F
14:14:54,MYOR,RG,1820,21,D,BB,BK,F
14:14:54,MYOR,RG,1820,43,D,BB,YP,D
14:14:54,MYOR,RG,1820,40,D,KZ,YP,D
14:14:54,MYOR,RG,1820,17,F,AK,YP,D
14:14:51,MYOR,RG,1820,4,F,AK,KK,D
14:14:30,MYOR,RG,1820,13,F,AK,BK,F
14:14:28,MYOR,RG,1820,64,F,AK,YP,D
14:14:28,MYOR,RG,1820,2,D,KZ,YP,D
14:14:28,MYOR,RG,1820,34,D,KZ,YP,D
14:13:55,MYOR,RG,1820,23,D,KZ,BK,F
14:13:49,MYOR,RG,1820,3,D,KZ,BK,F
14:13:49,MYOR,RG,1820,26,D,KZ,BK,F
14:13:48,MYOR,RG,1820,6,D,KZ,AZ,D
14:13:48,MYOR,RG,1820,252,D,KZ,AZ,D
14:13:48,MYOR,RG,1820,188,D,PD,AZ,D
14:13:38,MYOR,RG,1820,5,D,PD,DH,D
14:13:26,MYOR,RG,1825,4,D,XC,BK,F
14:11:17,MYOR,RG,1825,14,D,KK,BK,F
14:10:18,MYOR,RG,1825,68,D,BB,BK,F
14:10:18,MYOR,RG,1825,3,D,BB,YP,D
14:10:18,MYOR,RG,1825,4,D,BB,XC,D
14:09:52,MYOR,RG,1820,31,D,PD,BK,F
14:09:47,MYOR,RG,1820,101,D,PD,BK,F
14:09:45,MYOR,RG,1820,500,D,PD,AZ,D
14:09:40,MYOR,RG,1820,10,D,PD,DH,D
14:08:49,MYOR,RG,1820,29,D,PD,BK,F
14:08:48,MYOR,RG,1825,7,D,XL,GR,D
14:08:48,MYOR,RG,1825,72,D,XL,YP,D
14:08:15,MYOR,RG,1820,5,D,PD,NI,D
14:08:04,MYOR,RG,1820,57,D,PD,YP,D
14:07:06,MYOR,RG,1820,28,D,PD,BK,F
14:07:03,MYOR,RG,1820,38,D,PD,BK,F
14:06:57,MYOR,RG,1820,8,D,PD,CC,D
14:06:57,MYOR,RG,1820,119,D,KZ,CC,D
14:06:57,MYOR,RG,1820,75,D,BB,CC,D
14:06:02,MYOR,RG,1820,11,D,BB,BK,F
14:05:56,MYOR,RG,1820,15,D,BB,BK,F
14:05:52,MYOR,RG,1820,68,D,BB,BK,F
14:05:49,MYOR,RG,1820,356,D,BB,AZ,D
14:05:49,MYOR,RG,1820,119,F,AK,AZ,D
14:05:49,MYOR,RG,1820,25,D,KZ,AZ,D
14:03:00,MYOR,RG,1825,102,D,KZ,YP,D
14:03:00,MYOR,RG,1825,26,D,KZ,YP,D
14:03:00,MYOR,RG,1825,57,D,KZ,BK,F
14:03:00,MYOR,RG,1825,5,D,KZ,BK,F
14:02:59,MYOR,RG,1825,8,D,KZ,BK,F
14:02:59,MYOR,RG,1825,21,D,KZ,BK,F
14:02:59,MYOR,RG,1825,81,D,KZ,BK,F
14:02:59,MYOR,RG,1825,14,D,KZ,BK,F
14:02:59,MYOR,RG,1825,6,D,KZ,BK,F
14:02:59,MYOR,RG,1825,393,D,KZ,AZ,D
14:02:59,MYOR,RG,1825,1,D,KZ,AZ,D
14:02:59,MYOR,RG,1825,106,D,KZ,AZ,D
14:02:59,MYOR,RG,1825,28,D,KZ,AZ,D
14:02:59,MYOR,RG,1825,19,D,KZ,AZ,D
14:02:59,MYOR,RG,1825,6,D,KZ,AZ,D
14:02:59,MYOR,RG,1825,2,D,KZ,AZ,D
14:02:59,MYOR,RG,1825,127,D,KZ,AZ,D
14:02:59,MYOR,RG,1825,17,D,KZ,AZ,D
14:02:59,MYOR,RG,1825,1,D,KZ,AZ,D
14:02:59,MYOR,RG,1825,5,D,KZ,NI,D
14:02:59,MYOR,RG,1825,11,D,KZ,BK,F
14:02:59,MYOR,RG,1825,16,D,KZ,BK,F
14:02:59,MYOR,RG,1825,31,D,KZ,BK,F
14:02:59,MYOR,RG,1825,6,D,KZ,BK,F
14:01:17,MYOR,RG,1820,7,D,KZ,BK,F
14:01:17,MYOR,RG,1820,15,D,BB,BK,F
14:01:12,MYOR,RG,1820,15,D,BB,BK,F
14:01:10,MYOR,RG,1820,34,D,BB,YP,D
14:01:10,MYOR,RG,1820,43,D,KZ,YP,D
14:01:10,MYOR,RG,1820,23,F,AK,YP,D
14:00:46,MYOR,RG,1820,3,F,AK,PD,D
14:00:44,MYOR,RG,1820,18,F,AK,BK,F
14:00:39,MYOR,RG,1820,25,F,AK,BK,F
14:00:39,MYOR,RG,1820,7,D,BB,BK,F
14:00:34,MYOR,RG,1820,100,D,BB,BK,F
14:00:34,MYOR,RG,1820,42,F,AK,BK,F
14:00:32,MYOR,RG,1820,26,F,AK,AZ,D
14:00:32,MYOR,RG,1820,222,D,KZ,AZ,D
14:00:32,MYOR,RG,1820,21,D,PD,AZ,D
14:00:32,MYOR,RG,1820,2,D,PD,AZ,D
14:00:32,MYOR,RG,1820,20,D,PD,AZ,D
14:00:32,MYOR,RG,1820,5,D,KZ,AZ,D
14:00:32,MYOR,RG,1820,5,D,PD,AZ,D
14:00:32,MYOR,RG,1820,2,D,KZ,AZ,D
14:00:32,MYOR,RG,1820,82,D,KZ,AZ,D
14:00:32,MYOR,RG,1820,1,D,KZ,AZ,D
14:00:32,MYOR,RG,1820,1,D,KZ,AZ,D
14:00:32,MYOR,RG,1820,4,D,KZ,AZ,D
14:00:32,MYOR,RG,1820,4,D,KZ,AZ,D
14:00:32,MYOR,RG,1820,6,D,KZ,AZ,D
14:00:32,MYOR,RG,1820,18,D,KZ,AZ,D
14:00:32,MYOR,RG,1820,22,D,KZ,AZ,D
14:00:32,MYOR,RG,1820,5,D,KZ,AZ,D
14:00:32,MYOR,RG,1820,3,D,KZ,AZ,D
14:00:32,MYOR,RG,1820,26,D,KZ,AZ,D
14:00:32,MYOR,RG,1820,26,D,KZ,AZ,D
14:00:32,MYOR,RG,1820,3,D,KZ,AZ,D
14:00:32,MYOR,RG,1820,1,D,KZ,AZ,D
14:00:32,MYOR,RG,1820,19,D,KZ,AZ,D
14:00:32,MYOR,RG,1820,1,D,KZ,AZ,D
14:00:32,MYOR,RG,1820,3,D,SQ,AZ,D
14:00:32,MYOR,RG,1820,72,F,AK,AZ,D
14:00:32,MYOR,RG,1820,2,F,CC,AZ,D
14:00:32,MYOR,RG,1820,30,D,YB,AZ,D
14:00:32,MYOR,RG,1820,27,D,XL,AZ,D
14:00:32,MYOR,RG,1820,30,D,YB,AZ,D
14:00:32,MYOR,RG,1820,1,D,DR,AZ,D
14:00:32,MYOR,RG,1820,310,D,KZ,AZ,D
13:57:16,MYOR,RG,1825,110,D,CC,BK,F
13:57:11,MYOR,RG,1820,27,D,KZ,BK,F
13:57:05,MYOR,RG,1820,102,D,KZ,BK,F
13:57:03,MYOR,RG,1820,53,D,KZ,AZ,D
13:57:03,MYOR,RG,1820,447,D,PD,AZ,D
13:56:37,MYOR,RG,1825,1,D,XL,BK,F
13:56:00,MYOR,RG,1820,15,D,PD,BK,F
13:55:57,MYOR,RG,1820,12,D,PD,BK,F
13:55:51,MYOR,RG,1820,49,D,PD,BK,F
13:55:45,MYOR,RG,1820,218,D,PD,BK,F
13:55:44,MYOR,RG,1820,1,D,PD,XC,D
13:55:42,MYOR,RG,1820,258,D,PD,AZ,D
13:55:42,MYOR,RG,1820,1,D,KZ,AZ,D
13:55:42,MYOR,RG,1820,1,D,KZ,AZ,D
13:55:42,MYOR,RG,1820,81,D,KZ,AZ,D
13:55:42,MYOR,RG,1820,93,D,BB,AZ,D
13:55:42,MYOR,RG,1820,10,D,CC,AZ,D
13:55:42,MYOR,RG,1820,71,F,AK,AZ,D
13:55:42,MYOR,RG,1820,113,D,KZ,AZ,D
13:55:42,MYOR,RG,1820,1,D,XC,AZ,D
13:55:42,MYOR,RG,1820,230,D,BB,AZ,D
13:55:42,MYOR,RG,1820,13,D,KZ,AZ,D
13:55:42,MYOR,RG,1820,25,D,DR,AZ,D
13:55:42,MYOR,RG,1820,98,D,KZ,AZ,D
13:55:42,MYOR,RG,1820,5,D,KZ,AZ,D
13:55:04,MYOR,RG,1820,15,D,KZ,BK,F
13:55:00,MYOR,RG,1820,22,D,KZ,BK,F
13:54:54,MYOR,RG,1820,54,D,KZ,BK,F
13:54:54,MYOR,RG,1820,5,D,KZ,BK,F
13:54:54,MYOR,RG,1820,2,D,KZ,BK,F
13:54:54,MYOR,RG,1820,1,D,KZ,BK,F
13:54:54,MYOR,RG,1820,35,F,AK,BK,F
13:54:51,MYOR,RG,1820,35,F,AK,AZ,D
13:54:51,MYOR,RG,1820,25,D,KZ,AZ,D
13:54:51,MYOR,RG,1820,1,D,KZ,AZ,D
13:54:51,MYOR,RG,1820,63,D,KZ,AZ,D
13:54:51,MYOR,RG,1820,4,D,KZ,AZ,D
13:54:51,MYOR,RG,1820,4,D,KZ,AZ,D
13:54:51,MYOR,RG,1820,7,D,KZ,AZ,D
13:54:51,MYOR,RG,1820,20,D,KZ,AZ,D
13:54:51,MYOR,RG,1820,4,D,KZ,AZ,D
13:54:51,MYOR,RG,1820,4,D,KZ,AZ,D
13:54:51,MYOR,RG,1820,30,D,KZ,AZ,D
13:54:51,MYOR,RG,1820,20,D,KZ,AZ,D
13:54:51,MYOR,RG,1820,4,D,KZ,AZ,D
13:54:51,MYOR,RG,1820,30,D,KZ,AZ,D
13:54:51,MYOR,RG,1820,38,D,KZ,AZ,D
13:54:51,MYOR,RG,1820,1,D,KZ,AZ,D
13:54:51,MYOR,RG,1820,1,D,KZ,AZ,D
13:54:51,MYOR,RG,1820,75,F,AK,AZ,D
13:54:51,MYOR,RG,1820,3,D,KZ,AZ,D
13:54:51,MYOR,RG,1820,2,D,YB,AZ,D
13:54:51,MYOR,RG,1820,22,D,KZ,AZ,D
13:54:51,MYOR,RG,1820,40,D,KZ,AZ,D
13:54:51,MYOR,RG,1820,4,D,BB,AZ,D
13:54:51,MYOR,RG,1820,63,D,KZ,AZ,D
13:54:20,MYOR,RG,1820,16,D,KZ,BK,F
13:54:20,MYOR,RG,1820,5,D,KZ,BK,F
13:54:18,MYOR,RG,1825,38,D,BB,BK,F
13:54:18,MYOR,RG,1825,200,D,BB,AZ,D
13:53:41,MYOR,RG,1820,6,D,KZ,BK,F
13:53:41,MYOR,RG,1820,1,D,KZ,BK,F
13:53:41,MYOR,RG,1820,13,D,KZ,BK,F
13:53:41,MYOR,RG,1830,5,D,XL,AZ,D
13:53:39,MYOR,RG,1830,58,D,BB,AZ,D
13:51:14,MYOR,RG,1830,245,D,BB,AZ,D
13:50:31,MYOR,RG,1830,57,D,BB,AZ,D
13:49:51,MYOR,RG,1830,20,D,PD,AZ,D
13:48:31,MYOR,RG,1825,50,D,KZ,BK,F
13:48:31,MYOR,RG,1825,98,D,KZ,BK,F
13:48:31,MYOR,RG,1825,149,D,KZ,AZ,D
13:48:31,MYOR,RG,1825,83,D,KZ,AZ,D
13:48:31,MYOR,RG,1825,4,D,KZ,AZ,D
13:48:31,MYOR,RG,1825,1,D,KZ,AZ,D
13:48:31,MYOR,RG,1825,78,D,KZ,AZ,D
13:48:31,MYOR,RG,1825,10,D,KZ,AZ,D
13:48:31,MYOR,RG,1825,19,D,KZ,AZ,D
13:48:31,MYOR,RG,1825,10,D,KZ,AZ,D
13:48:31,MYOR,RG,1825,4,D,KZ,AZ,D
13:48:31,MYOR,RG,1825,63,D,KZ,AZ,D
13:48:31,MYOR,RG,1825,52,D,KZ,AZ,D
13:48:31,MYOR,RG,1825,3,D,KZ,AZ,D
13:48:31,MYOR,RG,1825,5,D,KZ,AZ,D
13:48:31,MYOR,RG,1825,13,D,KZ,AZ,D
13:48:05,MYOR,RG,1825,159,D,BB,AZ,D
13:47:23,MYOR,RG,1825,56,D,BB,AZ,D
13:46:29,MYOR,RG,1820,2,D,KZ,PD,D
13:46:29,MYOR,RG,1820,2,D,KZ,PD,D
13:46:29,MYOR,RG,1820,6,D,KZ,PD,D
13:46:13,MYOR,RG,1825,5,D,YB,AZ,D
13:45:06,MYOR,RG,1820,1,D,KZ,PD,D
13:45:06,MYOR,RG,1820,70,D,KZ,BK,F
13:45:05,MYOR,RG,1820,258,D,KZ,BK,F
13:45:05,MYOR,RG,1820,10,D,KZ,KK,D
13:45:05,MYOR,RG,1820,767,D,KZ,AZ,D
13:45:05,MYOR,RG,1820,26,D,KZ,AZ,D
13:45:05,MYOR,RG,1820,19,D,KZ,AZ,D
13:45:05,MYOR,RG,1820,16,D,KZ,AZ,D
13:45:05,MYOR,RG,1820,1,D,KZ,AZ,D
13:45:05,MYOR,RG,1820,1,D,KZ,AZ,D
13:45:05,MYOR,RG,1820,4,D,KZ,AZ,D
13:45:05,MYOR,RG,1820,3,D,KZ,AZ,D
13:45:05,MYOR,RG,1820,3,D,KZ,AZ,D
13:45:05,MYOR,RG,1820,6,D,KZ,AZ,D
13:45:05,MYOR,RG,1820,1,D,KZ,AZ,D
13:45:05,MYOR,RG,1820,1,D,KZ,AZ,D
13:45:05,MYOR,RG,1820,3,D,KZ,AZ,D
13:45:05,MYOR,RG,1820,24,D,KZ,AZ,D
13:45:05,MYOR,RG,1820,3,D,KZ,AZ,D
13:45:04,MYOR,RG,1820,73,D,KZ,AZ,D
13:45:04,MYOR,RG,1820,24,D,KZ,AZ,D
13:45:04,MYOR,RG,1820,25,D,KZ,AZ,D
13:45:04,MYOR,RG,1820,41,D,KZ,YP,D
13:44:21,MYOR,RG,1820,17,D,KZ,YP,D
13:44:21,MYOR,RG,1820,34,D,BB,YP,D
13:43:49,MYOR,RG,1820,26,D,KZ,YP,D
13:43:46,MYOR,RG,1815,10,D,KZ,CC,D
13:43:46,MYOR,RG,1815,268,D,KZ,BK,F
13:43:46,MYOR,RG,1815,290,D,KZ,AZ,D
13:43:46,MYOR,RG,1815,21,D,KZ,AZ,D
13:43:46,MYOR,RG,1815,2,D,KZ,AZ,D
13:43:46,MYOR,RG,1815,2,D,KZ,AZ,D
13:43:46,MYOR,RG,1815,4,D,KZ,AZ,D
13:43:46,MYOR,RG,1815,1,D,KZ,AZ,D
13:43:46,MYOR,RG,1815,1,D,KZ,AZ,D
13:43:46,MYOR,RG,1815,2,D,KZ,AZ,D
13:43:46,MYOR,RG,1815,19,D,KZ,AZ,D
13:43:46,MYOR,RG,1815,2,D,KZ,AZ,D
13:43:45,MYOR,RG,1815,1,D,XL,AZ,D
13:43:40,MYOR,RG,1810,8,D,KZ,BK,F
13:43:40,MYOR,RG,1810,3,D,KZ,BK,F
13:43:40,MYOR,RG,1810,5,D,KZ,BK,F
13:43:35,MYOR,RG,1810,13,D,KZ,BK,F
13:43:35,MYOR,RG,1810,3,D,KZ,BK,F
13:43:35,MYOR,RG,1810,10,D,KZ,BK,F
13:43:30,MYOR,RG,1815,134,D,PP,AZ,D
13:43:11,MYOR,RG,1810,6,D,KZ,XC,D
13:42:53,MYOR,RG,1810,10,D,KZ,BK,F
13:42:51,MYOR,RG,1815,20,D,GR,AZ,D
13:42:50,MYOR,RG,1810,11,D,KZ,BK,F
13:42:49,MYOR,RG,1810,50,D,KZ,CC,D
13:42:48,MYOR,RG,1815,1,D,YB,AZ,D
13:42:41,MYOR,RG,1810,2,D,KZ,PD,D
13:42:25,MYOR,RG,1810,1,D,KZ,XC,D
13:42:25,MYOR,RG,1810,8,D,KZ,XC,D
13:42:01,MYOR,RG,1810,16,D,KZ,BK,F
13:41:56,MYOR,RG,1810,6,D,KZ,BK,F
13:41:56,MYOR,RG,1810,4,D,KZ,BK,F
13:41:56,MYOR,RG,1810,7,D,KZ,BK,F
13:41:56,MYOR,RG,1810,3,D,KZ,BK,F
13:41:56,MYOR,RG,1810,1,D,KZ,BK,F
13:41:54,MYOR,RG,1815,3,D,BB,BK,F
13:41:54,MYOR,RG,1815,1,D,KZ,BK,F
13:41:54,MYOR,RG,1815,11,D,AI,BK,F
13:41:52,MYOR,RG,1815,39,D,AI,AZ,D
13:41:52,MYOR,RG,1815,1,D,KZ,AZ,D
13:41:52,MYOR,RG,1815,1,D,YP,AZ,D
13:41:52,MYOR,RG,1815,67,F,AK,AZ,D
13:41:52,MYOR,RG,1815,12,D,BB,AZ,D
13:41:52,MYOR,RG,1815,64,D,KZ,AZ,D
13:41:52,MYOR,RG,1815,15,D,KZ,AZ,D
13:41:52,MYOR,RG,1815,1,D,BB,AZ,D
13:41:27,MYOR,RG,1815,1,D,BB,XC,D
13:41:19,MYOR,RG,1815,16,D,BB,BK,F
13:41:16,MYOR,RG,1815,16,D,BB,BK,F
13:41:14,MYOR,RG,1815,5,D,BB,XL,D
13:41:13,MYOR,RG,1815,52,D,BB,BK,F
13:41:11,MYOR,RG,1815,72,D,BB,BK,F
13:41:11,MYOR,RG,1815,35,D,KZ,BK,F
13:41:11,MYOR,RG,1815,71,F,AK,BK,F
13:41:11,MYOR,RG,1815,7,D,KZ,BK,F
13:41:11,MYOR,RG,1815,10,D,BB,BK,F
13:41:11,MYOR,RG,1815,2,D,KZ,BK,F
13:41:11,MYOR,RG,1815,5,D,YB,BK,F
13:41:11,MYOR,RG,1815,1,D,KZ,BK,F
13:41:11,MYOR,RG,1815,3,D,XC,BK,F
13:41:11,MYOR,RG,1815,1,D,KZ,BK,F
13:41:11,MYOR,RG,1815,2,D,BB,BK,F
13:41:11,MYOR,RG,1815,8,D,KZ,BK,F
13:41:11,MYOR,RG,1815,13,D,YB,BK,F
13:41:08,MYOR,RG,1815,2,D,YB,AZ,D
13:41:08,MYOR,RG,1815,122,D,KZ,AZ,D
13:41:08,MYOR,RG,1815,19,D,KZ,AZ,D
13:41:08,MYOR,RG,1815,3,D,KZ,AZ,D
13:41:08,MYOR,RG,1815,93,D,KZ,AZ,D
13:41:08,MYOR,RG,1815,761,D,KZ,AZ,D
13:41:05,MYOR,RG,1815,21,D,KZ,BK,F
13:41:02,MYOR,RG,1815,94,D,KZ,BK,F
13:40:59,MYOR,RG,1815,366,D,KZ,AZ,D
13:40:59,MYOR,RG,1815,31,D,KZ,AZ,D
13:40:59,MYOR,RG,1815,23,D,KZ,AZ,D
13:40:59,MYOR,RG,1815,19,D,KZ,AZ,D
13:40:59,MYOR,RG,1815,1,D,KZ,AZ,D
13:40:59,MYOR,RG,1815,2,D,KZ,AZ,D
13:40:59,MYOR,RG,1815,4,D,KZ,AZ,D
13:40:59,MYOR,RG,1815,1,D,KZ,AZ,D
13:40:59,MYOR,RG,1815,4,D,KZ,AZ,D
13:40:59,MYOR,RG,1815,29,D,KZ,AZ,D
13:40:59,MYOR,RG,1815,4,D,KZ,AZ,D
13:40:59,MYOR,RG,1815,4,D,KZ,AZ,D
13:40:59,MYOR,RG,1815,3,D,KZ,AZ,D
13:40:59,MYOR,RG,1815,7,D,KZ,AZ,D
13:40:59,MYOR,RG,1815,1,D,KZ,AZ,D
13:40:59,MYOR,RG,1815,1,D,XL,AZ,D
13:38:51,MYOR,RG,1820,1,D,BB,YP,D
13:38:51,MYOR,RG,1820,14,D,KZ,YP,D
13:38:51,MYOR,RG,1820,17,D,BB,YP,D
13:38:29,MYOR,RG,1820,7,D,BB,XC,D
13:38:29,MYOR,RG,1820,4,D,BB,XC,D
13:38:29,MYOR,RG,1820,1,D,KZ,XC,D
13:38:15,MYOR,RG,1820,1,D,KZ,AZ,D
13:38:15,MYOR,RG,1820,114,D,KZ,AZ,D
13:38:15,MYOR,RG,1820,99,D,KZ,AZ,D
13:38:15,MYOR,RG,1820,5,D,KZ,AZ,D
13:38:15,MYOR,RG,1820,4,D,KZ,AZ,D
13:38:15,MYOR,RG,1820,1,D,KZ,AZ,D
13:38:15,MYOR,RG,1820,20,D,KZ,AZ,D
13:38:15,MYOR,RG,1820,4,D,KZ,AZ,D
13:38:15,MYOR,RG,1820,7,D,KZ,AZ,D
13:38:15,MYOR,RG,1820,25,D,KZ,AZ,D
13:38:15,MYOR,RG,1820,4,D,KZ,AZ,D
13:38:15,MYOR,RG,1820,1,D,KZ,AZ,D
13:38:15,MYOR,RG,1820,3,D,KZ,AZ,D
13:38:15,MYOR,RG,1820,4,D,KZ,AZ,D
13:38:15,MYOR,RG,1820,16,D,KZ,AZ,D
13:38:15,MYOR,RG,1820,1,D,KZ,AZ,D
13:38:15,MYOR,RG,1820,1,D,KZ,AZ,D
13:38:15,MYOR,RG,1820,31,D,KZ,AZ,D
13:38:15,MYOR,RG,1820,21,D,KZ,AZ,D
13:38:15,MYOR,RG,1820,33,D,KZ,AZ,D
13:38:15,MYOR,RG,1820,5,D,KZ,AZ,D
13:38:07,MYOR,RG,1820,3,D,KZ,NI,D
13:38:07,MYOR,RG,1820,1,D,BB,NI,D
13:37:57,MYOR,RG,1820,5,D,BB,AZ,D
13:37:57,MYOR,RG,1820,10,D,PD,AZ,D
13:37:57,MYOR,RG,1820,34,D,KZ,AZ,D
13:37:57,MYOR,RG,1820,51,F,AK,AZ,D
13:36:57,MYOR,RG,1820,18,F,AK,AZ,D
13:36:57,MYOR,RG,1820,147,D,KZ,AZ,D
13:36:57,MYOR,RG,1820,300,D,YP,AZ,D
13:36:57,MYOR,RG,1820,35,D,KZ,AZ,D
13:35:52,MYOR,RG,1820,1,D,KZ,XC,D
13:35:46,MYOR,RG,1820,30,D,KZ,YP,D
13:35:44,MYOR,RG,1820,134,D,PP,YP,D
13:35:44,MYOR,RG,1820,36,D,KZ,YP,D
13:35:36,MYOR,RG,1820,10,D,KZ,YB,D
13:35:36,MYOR,RG,1820,10,D,KZ,CC,D
13:35:36,MYOR,RG,1820,45,D,KZ,NI,D
13:35:34,MYOR,RG,1820,5,D,KZ,NI,D
13:35:33,MYOR,RG,1820,20,D,KZ,BK,F
13:35:33,MYOR,RG,1820,1,D,KZ,BK,F
13:35:33,MYOR,RG,1820,16,D,KZ,BK,F
13:35:33,MYOR,RG,1820,15,D,KZ,BK,F
13:35:33,MYOR,RG,1820,4,D,KZ,BK,F
13:35:33,MYOR,RG,1820,1,D,KZ,BK,F
13:35:32,MYOR,RG,1820,2,D,KZ,BK,F
13:35:32,MYOR,RG,1820,77,D,KZ,BK,F
13:35:32,MYOR,RG,1820,118,D,KZ,BK,F
13:35:32,MYOR,RG,1820,920,D,KZ,AZ,D
13:35:32,MYOR,RG,1820,26,D,KZ,AZ,D
13:35:32,MYOR,RG,1820,3,D,KZ,AZ,D
13:35:32,MYOR,RG,1820,3,D,KZ,AZ,D
13:35:32,MYOR,RG,1820,1,D,KZ,AZ,D
13:35:32,MYOR,RG,1820,6,D,KZ,AZ,D
13:35:32,MYOR,RG,1820,1,D,KZ,AZ,D
13:35:32,MYOR,RG,1820,3,D,KZ,AZ,D
13:35:32,MYOR,RG,1820,24,D,KZ,AZ,D
13:35:32,MYOR,RG,1820,3,D,KZ,AZ,D
13:35:06,MYOR,RG,1820,10,D,CC,AZ,D
13:34:06,MYOR,RG,1820,83,D,KZ,AK,F
13:34:06,MYOR,RG,1820,162,D,KZ,BK,F
13:34:06,MYOR,RG,1820,10,D,KZ,YP,D
13:34:04,MYOR,RG,1810,53,D,KZ,BK,F
13:34:04,MYOR,RG,1810,14,D,KZ,DR,D
13:34:02,MYOR,RG,1805,43,D,KZ,BK,F
13:34:02,MYOR,RG,1805,8,D,KZ,BK,F
13:34:02,MYOR,RG,1805,50,D,YB,BK,F
13:34:02,MYOR,RG,1805,7,F,AK,BK,F
13:34:00,MYOR,RG,1805,66,F,AK,AZ,D
13:34:00,MYOR,RG,1805,7,D,BB,AZ,D
13:34:00,MYOR,RG,1805,50,D,CC,AZ,D
13:34:00,MYOR,RG,1805,5,D,KK,AZ,D
13:34:00,MYOR,RG,1805,5,D,XC,AZ,D
13:34:00,MYOR,RG,1805,4,D,XC,AZ,D
13:34:00,MYOR,RG,1805,1,D,XL,AZ,D
13:34:00,MYOR,RG,1805,1,D,PD,AZ,D
13:34:00,MYOR,RG,1805,6,D,PD,AZ,D
13:34:00,MYOR,RG,1805,20,D,PD,AZ,D
13:34:00,MYOR,RG,1805,5,D,EP,AZ,D
13:34:00,MYOR,RG,1805,1,D,PD,AZ,D
13:34:00,MYOR,RG,1805,5,D,YP,AZ,D
13:34:00,MYOR,RG,1805,5,D,BQ,AZ,D
13:34:00,MYOR,RG,1805,20,D,YP,AZ,D
13:34:00,MYOR,RG,1805,10,D,NI,AZ,D
13:34:00,MYOR,RG,1805,10,D,PD,AZ,D
13:34:00,MYOR,RG,1805,1,D,YP,AZ,D
13:34:00,MYOR,RG,1805,100,D,CC,AZ,D
13:34:00,MYOR,RG,1805,1,D,YB,AZ,D
13:34:00,MYOR,RG,1805,10,D,YB,AZ,D
13:34:00,MYOR,RG,1805,20,D,PD,AZ,D
13:34:00,MYOR,RG,1805,10,D,PD,AZ,D
13:34:00,MYOR,RG,1805,56,D,CC,AZ,D
13:34:00,MYOR,RG,1805,25,D,EP,AZ,D
13:34:00,MYOR,RG,1805,5,D,YB,AZ,D
13:34:00,MYOR,RG,1805,1,D,XL,AZ,D
13:34:00,MYOR,RG,1805,2,D,PD,AZ,D
13:34:00,MYOR,RG,1805,11,D,DR,AZ,D
13:34:00,MYOR,RG,1805,12,D,XC,AZ,D
13:34:00,MYOR,RG,1805,1,D,NI,AZ,D
13:34:00,MYOR,RG,1805,24,D,PD,AZ,D
13:33:55,MYOR,RG,1805,3,D,PD,BK,F
13:33:55,MYOR,RG,1805,13,D,PD,BK,F
13:33:52,MYOR,RG,1805,34,D,PD,BK,F
13:33:47,MYOR,RG,1805,3,D,PD,BK,F
13:33:47,MYOR,RG,1805,1,D,YP,BK,F
13:33:47,MYOR,RG,1805,5,D,YP,BK,F
13:33:47,MYOR,RG,1805,5,F,YP,BK,F
13:33:47,MYOR,RG,1805,100,D,NI,BK,F
13:33:47,MYOR,RG,1805,5,D,DX,BK,F
13:33:47,MYOR,RG,1805,1,D,EP,BK,F
13:33:47,MYOR,RG,1805,10,D,KK,BK,F
13:33:47,MYOR,RG,1805,1,D,YP,BK,F
13:33:47,MYOR,RG,1805,2,D,YP,BK,F
13:33:47,MYOR,RG,1805,1,D,PD,BK,F
13:33:47,MYOR,RG,1805,16,D,PD,BK,F
13:33:45,MYOR,RG,1810,13,D,KZ,DR,D
13:33:45,MYOR,RG,1810,27,D,PD,DR,D
13:33:45,MYOR,RG,1810,5,D,KZ,DR,D
13:33:45,MYOR,RG,1810,10,D,ZP,DR,D
13:33:45,MYOR,RG,1810,23,D,KZ,DR,D
13:33:45,MYOR,RG,1810,5,D,YP,DR,D
13:33:45,MYOR,RG,1810,50,D,YU,DR,D
13:33:45,MYOR,RG,1810,1,D,EP,DR,D
13:33:45,MYOR,RG,1810,5,D,PD,DR,D
13:33:45,MYOR,RG,1810,4,D,XC,DR,D
13:33:45,MYOR,RG,1810,1,D,KZ,DR,D
13:33:45,MYOR,RG,1810,175,D,BB,DR,D
13:33:45,MYOR,RG,1810,1,D,KZ,DR,D
13:33:45,MYOR,RG,1810,213,D,KZ,DR,D
13:33:45,MYOR,RG,1810,2,D,XL,DR,D
13:33:45,MYOR,RG,1810,10,D,YP,DR,D
13:33:45,MYOR,RG,1810,1,D,XL,DR,D
13:33:45,MYOR,RG,1810,2,D,XL,DR,D
13:33:45,MYOR,RG,1810,6,D,LG,DR,D
13:33:45,MYOR,RG,1810,10,D,PD,DR,D
13:33:45,MYOR,RG,1810,6,D,PD,DR,D
13:33:45,MYOR,RG,1810,20,D,PD,DR,D
13:33:45,MYOR,RG,1810,5,D,EP,DR,D
13:33:45,MYOR,RG,1810,50,D,YB,DR,D
13:33:45,MYOR,RG,1810,1,D,PD,DR,D
13:33:45,MYOR,RG,1810,1,D,PD,DR,D
13:33:45,MYOR,RG,1810,5,D,YP,DR,D
13:33:45,MYOR,RG,1810,5,D,BQ,DR,D
13:33:45,MYOR,RG,1810,2,D,AZ,DR,D
13:33:45,MYOR,RG,1810,1,D,PD,DR,D
13:33:45,MYOR,RG,1810,20,D,YP,DR,D
13:33:45,MYOR,RG,1810,23,D,XC,DR,D
13:33:45,MYOR,RG,1810,1,D,YP,DR,D
13:33:45,MYOR,RG,1810,10,D,KK,DR,D
13:33:45,MYOR,RG,1810,1,D,YB,DR,D
13:33:45,MYOR,RG,1810,27,D,PD,DR,D
13:33:45,MYOR,RG,1810,10,D,YB,DR,D
13:33:45,MYOR,RG,1810,5,D,YB,DR,D
13:33:45,MYOR,RG,1810,4,D,PD,DR,D
13:33:45,MYOR,RG,1810,5,D,XC,DR,D
13:33:45,MYOR,RG,1810,1,D,KK,DR,D
13:33:45,MYOR,RG,1810,10,D,CC,DR,D
13:33:45,MYOR,RG,1815,5,D,PD,DR,D
13:33:45,MYOR,RG,1815,1,D,XL,DR,D
13:33:45,MYOR,RG,1815,57,D,KZ,DR,D
13:33:45,MYOR,RG,1815,95,D,PP,DR,D
13:33:45,MYOR,RG,1820,23,D,KZ,DR,D
13:33:45,MYOR,RG,1820,2,D,KZ,DR,D
13:33:45,MYOR,RG,1820,13,D,BB,DR,D
13:33:45,MYOR,RG,1820,10,D,KZ,DR,D
13:33:09,MYOR,RG,1820,24,D,KZ,AZ,D
13:33:09,MYOR,RG,1820,68,F,AK,AZ,D
13:33:09,MYOR,RG,1820,49,D,KZ,AZ,D
13:33:09,MYOR,RG,1820,25,D,KZ,AZ,D
13:33:09,MYOR,RG,1820,15,D,KZ,AZ,D
13:33:09,MYOR,RG,1820,13,D,KZ,AZ,D
13:33:09,MYOR,RG,1820,1,D,KZ,AZ,D
13:33:09,MYOR,RG,1820,3,D,KZ,AZ,D
13:33:09,MYOR,RG,1820,2,D,KZ,AZ,D
13:33:02,MYOR,RG,1820,10,D,KZ,YP,D
13:32:42,MYOR,RG,1820,2,D,KZ,NI,D
13:32:42,MYOR,RG,1820,4,D,KZ,NI,D
13:32:35,MYOR,RG,1820,2,D,KZ,CC,D
13:32:23,MYOR,RG,1820,1,D,KZ,BK,F
13:32:23,MYOR,RG,1820,2,D,KZ,BK,F
13:32:23,MYOR,RG,1820,62,D,KZ,BK,F
13:32:23,MYOR,RG,1820,144,D,KZ,BK,F
13:32:23,MYOR,RG,1820,340,D,KZ,AK,F
13:32:23,MYOR,RG,1820,344,D,KZ,AZ,D
13:32:23,MYOR,RG,1820,21,D,KZ,AZ,D
13:32:23,MYOR,RG,1820,2,D,KZ,AZ,D
13:32:23,MYOR,RG,1820,1,D,KZ,AZ,D
13:32:23,MYOR,RG,1820,19,D,KZ,AZ,D
13:32:23,MYOR,RG,1820,2,D,KZ,AZ,D
13:31:45,MYOR,RG,1815,14,D,PP,BK,F
13:31:42,MYOR,RG,1815,25,D,PP,BK,F
13:31:37,MYOR,RG,1815,1,D,KZ,BK,F
13:31:37,MYOR,RG,1815,3,D,XC,BK,F
13:31:36,MYOR,RG,1820,93,D,KZ,AZ,D
13:31:34,MYOR,RG,1820,1,D,KZ,AZ,D
13:31:31,MYOR,RG,1810,2,D,NI,BK,F
13:31:31,MYOR,RG,1810,5,D,LG,BK,F
13:31:31,MYOR,RG,1810,27,D,YP,BK,F
13:31:26,MYOR,RG,1810,10,D,PD,BK,F
13:31:26,MYOR,RG,1810,1,D,KZ,BK,F
13:31:26,MYOR,RG,1810,4,D,KZ,BK,F
13:31:26,MYOR,RG,1810,2,D,KZ,BK,F
13:31:26,MYOR,RG,1810,1,D,KZ,BK,F
13:31:26,MYOR,RG,1810,2,D,KZ,BK,F
13:31:26,MYOR,RG,1810,2,D,KZ,BK,F
13:31:26,MYOR,RG,1810,1,D,KZ,BK,F
13:31:26,MYOR,RG,1810,1,D,KZ,BK,F
13:31:26,MYOR,RG,1810,2,D,KZ,BK,F
13:31:26,MYOR,RG,1810,1,D,PD,BK,F
13:31:26,MYOR,RG,1810,3,D,YP,BK,F
13:31:26,MYOR,RG,1810,4,D,KZ,BK,F
13:31:26,MYOR,RG,1810,24,D,KZ,BK,F
13:31:26,MYOR,RG,1810,1,D,KZ,BK,F
13:31:26,MYOR,RG,1810,7,D,KZ,BK,F
13:31:26,MYOR,RG,1810,5,D,KZ,BK,F
13:31:26,MYOR,RG,1810,4,D,KZ,BK,F
13:31:26,MYOR,RG,1810,1,D,KZ,BK,F
13:31:26,MYOR,RG,1810,1,D,KZ,BK,F
13:31:26,MYOR,RG,1810,7,D,KZ,BK,F
13:31:26,MYOR,RG,1810,5,F,YP,BK,F
13:31:26,MYOR,RG,1810,5,D,YP,BK,F
13:31:26,MYOR,RG,1810,1,D,EP,BK,F
13:31:26,MYOR,RG,1810,10,D,KK,BK,F
13:31:26,MYOR,RG,1810,50,D,PD,BK,F
13:31:24,MYOR,RG,1815,7,D,KZ,AK,F
13:31:24,MYOR,RG,1815,12,D,KZ,AK,F
13:31:24,MYOR,RG,1815,25,D,BB,AK,F
13:31:24,MYOR,RG,1815,221,D,KZ,AK,F
13:31:24,MYOR,RG,1815,5,D,KZ,AK,F
13:31:24,MYOR,RG,1815,28,D,KZ,AK,F
13:31:24,MYOR,RG,1815,1,D,KZ,AK,F
13:31:24,MYOR,RG,1815,8,D,KZ,AK,F
13:31:24,MYOR,RG,1815,1,D,KZ,AK,F
13:31:24,MYOR,RG,1815,6,D,KZ,AK,F
13:31:24,MYOR,RG,1815,5,D,KZ,AK,F
13:31:24,MYOR,RG,1815,1,D,KZ,AK,F
13:31:24,MYOR,RG,1815,1,D,KZ,AK,F
13:31:24,MYOR,RG,1815,9,D,KZ,AK,F
13:31:24,MYOR,RG,1815,3,D,XC,AK,F
13:31:24,MYOR,RG,1815,1,D,XL,AK,F
13:31:24,MYOR,RG,1815,33,D,YP,AK,F
13:31:24,MYOR,RG,1815,67,D,YP,BK,F
13:31:24,MYOR,RG,1815,10,D,PD,BK,F
13:31:24,MYOR,RG,1815,6,D,PD,BK,F
13:31:24,MYOR,RG,1815,20,D,PD,BK,F
13:31:24,MYOR,RG,1815,5,D,EP,BK,F
13:31:24,MYOR,RG,1815,1,D,PD,BK,F
13:31:24,MYOR,RG,1815,3,D,KK,BK,F
13:31:24,MYOR,RG,1815,5,D,YP,BK,F
13:31:24,MYOR,RG,1815,5,D,BQ,BK,F
13:31:24,MYOR,RG,1815,2,D,KK,BK,F
13:31:24,MYOR,RG,1815,1,D,PD,BK,F
13:31:24,MYOR,RG,1815,10,D,YP,BK,F
13:31:24,MYOR,RG,1815,22,D,XC,BK,F
13:31:24,MYOR,RG,1815,14,D,XC,BK,F
13:31:24,MYOR,RG,1815,100,D,CC,BK,F
13:31:24,MYOR,RG,1815,1,D,YB,BK,F
13:31:24,MYOR,RG,1815,10,D,YB,BK,F
13:31:24,MYOR,RG,1815,1,D,NI,BK,F
13:31:24,MYOR,RG,1815,5,D,YB,BK,F
13:31:24,MYOR,RG,1815,1,D,KZ,BK,F
13:31:24,MYOR,RG,1815,1,D,KZ,BK,F
13:31:24,MYOR,RG,1815,1,D,KZ,BK,F
13:31:24,MYOR,RG,1815,1,D,KZ,BK,F
13:31:24,MYOR,RG,1815,5,D,NI,BK,F
13:31:24,MYOR,RG,1815,2,D,KK,BK,F
13:31:24,MYOR,RG,1815,4,D,CC,BK,F
13:31:24,MYOR,RG,1815,3,D,YP,BK,F
13:31:24,MYOR,RG,1815,1,D,DH,BK,F
13:31:24,MYOR,RG,1815,1,D,YP,BK,F
13:31:24,MYOR,RG,1815,10,D,EP,BK,F
13:31:24,MYOR,RG,1815,1,D,EP,BK,F
13:31:24,MYOR,RG,1815,27,D,PD,BK,F
13:31:24,MYOR,RG,1815,1,D,KZ,BK,F
13:31:20,MYOR,RG,1820,1,D,KZ,AZ,D
13:31:20,MYOR,RG,1820,242,D,KZ,AZ,D
13:31:20,MYOR,RG,1820,3,D,KZ,AZ,D
13:31:20,MYOR,RG,1820,1,D,KZ,AZ,D
13:31:20,MYOR,RG,1820,57,D,KZ,AZ,D
13:31:20,MYOR,RG,1820,7,D,KZ,AZ,D
13:31:20,MYOR,RG,1820,8,D,KZ,AZ,D
13:31:20,MYOR,RG,1820,7,D,KZ,AZ,D
13:31:20,MYOR,RG,1820,14,D,KZ,AZ,D
13:31:20,MYOR,RG,1820,2,D,KZ,AZ,D
13:31:20,MYOR,RG,1820,37,D,KZ,AZ,D
13:31:20,MYOR,RG,1820,6,D,KZ,AZ,D
13:31:20,MYOR,RG,1820,181,D,KZ,AZ,D
13:31:20,MYOR,RG,1820,61,D,KZ,AZ,D
13:31:20,MYOR,RG,1820,8,D,KZ,AZ,D
13:31:20,MYOR,RG,1820,46,D,KZ,AZ,D
13:31:20,MYOR,RG,1820,38,D,KZ,AZ,D
13:31:20,MYOR,RG,1820,2,D,KZ,AZ,D
13:31:20,MYOR,RG,1820,4,D,KZ,AZ,D
13:31:20,MYOR,RG,1820,9,D,KZ,AZ,D
13:31:20,MYOR,RG,1820,183,D,KZ,AZ,D
13:31:20,MYOR,RG,1820,193,D,BB,AZ,D
13:31:20,MYOR,RG,1820,10,D,PD,AZ,D
13:31:20,MYOR,RG,1820,11,D,KZ,AZ,D
13:31:20,MYOR,RG,1820,1,D,KZ,AZ,D
13:31:20,MYOR,RG,1820,72,D,KZ,AZ,D
13:31:20,MYOR,RG,1820,2,D,KZ,AZ,D
13:31:20,MYOR,RG,1820,1,D,KZ,AZ,D
13:31:20,MYOR,RG,1820,23,D,KZ,AZ,D
13:31:20,MYOR,RG,1820,3,D,KZ,AZ,D
13:31:20,MYOR,RG,1820,18,D,KZ,AZ,D
13:31:20,MYOR,RG,1820,11,D,KZ,AZ,D
13:31:20,MYOR,RG,1820,1,D,KZ,AZ,D
13:31:20,MYOR,RG,1820,2,D,KZ,AZ,D
13:31:20,MYOR,RG,1820,4,D,KZ,AZ,D
13:31:20,MYOR,RG,1820,2,D,KZ,AZ,D
13:31:20,MYOR,RG,1820,1,D,KZ,AZ,D
13:31:20,MYOR,RG,1820,6,D,KZ,AZ,D
13:31:20,MYOR,RG,1820,1,D,KZ,AZ,D
13:31:20,MYOR,RG,1820,24,D,KZ,AZ,D
13:31:20,MYOR,RG,1820,3,D,KZ,AZ,D
13:31:20,MYOR,RG,1820,33,D,BB,AZ,D
13:31:20,MYOR,RG,1820,42,D,KZ,AZ,D
13:31:20,MYOR,RG,1820,17,D,KZ,AZ,D
13:31:20,MYOR,RG,1820,2,D,XL,AZ,D
13:31:20,MYOR,RG,1820,117,D,KZ,AZ,D
13:31:19,MYOR,RG,1820,83,D,KZ,BK,F
13:31:16,MYOR,RG,1820,37,D,KZ,AK,F
13:31:16,MYOR,RG,1820,6,D,KZ,AK,F
13:31:16,MYOR,RG,1820,1,D,KZ,AK,F
13:31:16,MYOR,RG,1820,29,D,KZ,AK,F
13:31:16,MYOR,RG,1820,2,D,KZ,AK,F
13:31:16,MYOR,RG,1820,10,D,KZ,AK,F
13:31:16,MYOR,RG,1820,2,D,KZ,AK,F
13:31:16,MYOR,RG,1820,8,D,KZ,AK,F
13:31:16,MYOR,RG,1820,6,D,KZ,AK,F
13:31:16,MYOR,RG,1820,1,D,KZ,AK,F
13:31:16,MYOR,RG,1820,2,D,KZ,AK,F
13:31:16,MYOR,RG,1820,2,D,KZ,AK,F
13:31:16,MYOR,RG,1820,2,D,KZ,AK,F
13:31:16,MYOR,RG,1820,10,D,KZ,AK,F
13:31:16,MYOR,RG,1820,3,D,XC,AK,F
13:31:16,MYOR,RG,1820,250,D,KZ,AK,F
13:31:16,MYOR,RG,1820,10,D,OD,AK,F
13:31:16,MYOR,RG,1820,1,D,XL,AK,F
13:31:16,MYOR,RG,1820,2,D,XC,AK,F
13:31:16,MYOR,RG,1820,1,D,XL,AK,F
13:31:16,MYOR,RG,1820,2,D,XL,AK,F
13:31:16,MYOR,RG,1820,2,D,XL,AK,F
13:31:16,MYOR,RG,1820,5,D,XC,AK,F
13:31:16,MYOR,RG,1820,1,D,XC,AK,F
13:31:16,MYOR,RG,1820,50,D,PD,AK,F
13:31:16,MYOR,RG,1820,1,D,PD,AK,F
13:31:16,MYOR,RG,1820,33,D,PD,AK,F
13:31:16,MYOR,RG,1820,8,D,PD,AK,F
13:31:16,MYOR,RG,1820,4,D,XL,AK,F
13:31:16,MYOR,RG,1820,6,D,PD,AK,F
13:31:16,MYOR,RG,1820,3,D,PD,AK,F
13:31:16,MYOR,RG,1820,1,D,PD,PD,D
13:30:29,MYOR,RG,1825,1,D,XL,AZ,D
13:30:27,MYOR,RG,1820,16,D,PD,CC,D
13:30:27,MYOR,RG,1820,1,D,XC,CC,D
13:30:27,MYOR,RG,1820,10,D,PD,CC,D
13:30:27,MYOR,RG,1820,8,D,BB,CC,D
13:30:27,MYOR,RG,1820,1,D,BB,CC,D
13:30:27,MYOR,RG,1820,5,D,EP,CC,D
13:30:27,MYOR,RG,1820,3,D,XC,CC,D
13:30:27,MYOR,RG,1820,1,D,KZ,CC,D
13:30:27,MYOR,RG,1820,1,D,KZ,CC,D
13:30:27,MYOR,RG,1820,1,D,XC,CC,D
13:30:27,MYOR,RG,1820,5,D,XC,CC,D
13:30:27,MYOR,RG,1820,1,D,XC,CC,D
13:30:27,MYOR,RG,1820,1,D,PD,CC,D
13:30:27,MYOR,RG,1820,1,D,PD,CC,D
13:30:27,MYOR,RG,1820,3,D,KK,CC,D
13:30:27,MYOR,RG,1820,5,D,BQ,CC,D
13:30:27,MYOR,RG,1820,1,D,PD,CC,D
13:30:27,MYOR,RG,1820,2,D,AZ,CC,D
13:30:27,MYOR,RG,1820,10,D,YP,CC,D
13:30:27,MYOR,RG,1820,3,D,NI,CC,D
13:30:27,MYOR,RG,1820,4,D,XC,CC,D
13:30:27,MYOR,RG,1820,1,D,XL,CC,D
13:30:27,MYOR,RG,1820,16,D,XC,CC,D
13:30:05,MYOR,RG,1825,74,F,AK,AZ,D
13:30:05,MYOR,RG,1825,18,D,KZ,AZ,D
13:30:05,MYOR,RG,1825,4,D,KZ,AZ,D
13:30:05,MYOR,RG,1825,69,D,KZ,AZ,D
13:30:05,MYOR,RG,1825,6,D,KZ,AZ,D
13:30:05,MYOR,RG,1825,20,D,KZ,AZ,D
13:30:05,MYOR,RG,1825,4,D,KZ,AZ,D
13:30:05,MYOR,RG,1825,17,D,KZ,AZ,D
13:30:05,MYOR,RG,1825,18,D,KZ,AZ,D
13:30:05,MYOR,RG,1825,1,D,KZ,AZ,D
13:30:05,MYOR,RG,1825,5,D,KZ,AZ,D
13:30:05,MYOR,RG,1825,4,D,KZ,AZ,D
13:30:05,MYOR,RG,1825,4,D,KZ,AZ,D
13:30:05,MYOR,RG,1825,10,D,KZ,AZ,D
13:30:05,MYOR,RG,1825,1,D,KZ,AZ,D
13:30:05,MYOR,RG,1825,22,D,KZ,AZ,D
13:30:05,MYOR,RG,1825,8,F,AK,AZ,D
13:30:04,MYOR,RG,1825,20,F,AK,YP,D
13:30:03,MYOR,RG,1825,4,F,AK,CC,D
13:30:03,MYOR,RG,1825,2,F,AK,OD,F
13:30:03,MYOR,RG,1825,10,F,AK,YP,D
13:30:03,MYOR,RG,1825,100,F,AK,YP,D
13:30:03,MYOR,RG,1825,32,F,AK,BK,F
13:30:03,MYOR,RG,1825,5,D,YP,BK,F
13:30:02,MYOR,RG,1820,3,D,XC,YP,D
13:30:02,MYOR,RG,1820,10,D,YB,YP,D
13:30:02,MYOR,RG,1820,1,D,YB,YP,D
13:30:02,MYOR,RG,1820,6,D,PD,YP,D
13:30:02,MYOR,RG,1825,2,D,XL,BK,F
13:30:02,MYOR,RG,1825,1,D,XL,EP,D
13:30:02,MYOR,RG,1820,1,D,PD,XC,D
13:30:02,MYOR,RG,1825,2,F,AK,EP,D
13:30:02,MYOR,RG,1825,1,F,AK,EP,D
13:30:01,MYOR,RG,1820,1,D,PD,XC,D
13:30:01,MYOR,RG,1825,1,D,PD,EP,D
13:30:01,MYOR,RG,1825,3,D,PD,EP,D
13:30:01,MYOR,RG,1825,5,D,PD,YP,D
13:30:01,MYOR,RG,1825,1,D,PD,YP,D
13:30:01,MYOR,RG,1825,1,D,PD,YP,D
13:30:01,MYOR,RG,1820,2,D,PD,PD,D
13:30:01,MYOR,RG,1825,3,D,PD,YP,D
13:30:01,MYOR,RG,1825,3,D,PD,YP,D
13:30:01,MYOR,RG,1825,40,D,PD,YP,D
13:30:01,MYOR,RG,1820,9,D,PD,SQ,D
13:30:01,MYOR,RG,1820,8,D,PD,EP,D
13:30:01,MYOR,RG,1820,10,D,YB,EP,D
13:30:01,MYOR,RG,1820,2,D,YB,EP,D
11:29:47,MYOR,RG,1820,3,D,YB,BK,F
11:29:47,MYOR,RG,1820,5,D,YB,BK,F
11:29:47,MYOR,RG,1820,1,D,XL,BK,F
11:29:47,MYOR,RG,1820,5,D,YP,BK,F
11:29:47,MYOR,RG,1820,3,D,XC,BK,F
11:29:43,MYOR,RG,1820,7,D,XC,BK,F
11:29:43,MYOR,RG,1820,8,D,EP,BK,F
11:29:43,MYOR,RG,1820,1,D,PD,BK,F
11:29:43,MYOR,RG,1820,1,D,XC,BK,F
11:29:43,MYOR,RG,1820,3,D,PD,BK,F
11:29:43,MYOR,RG,1820,1,D,KZ,BK,F
11:29:43,MYOR,RG,1820,1,D,KZ,BK,F
11:29:43,MYOR,RG,1820,5,D,XL,BK,F
11:29:43,MYOR,RG,1820,1,D,SQ,BK,F
11:29:43,MYOR,RG,1820,1,D,DH,BK,F
11:29:43,MYOR,RG,1820,10,D,XC,BK,F
11:29:43,MYOR,RG,1820,5,D,MG,BK,F
11:29:41,MYOR,RG,1820,120,D,MG,DR,D
11:29:41,MYOR,RG,1820,75,D,MG,BK,F
11:29:41,MYOR,RG,1820,1,D,EP,BK,F
11:29:41,MYOR,RG,1820,4,D,NI,BK,F
11:29:41,MYOR,RG,1820,2,D,EP,BK,F
11:29:39,MYOR,RG,1830,1,D,XC,AZ,D
11:29:37,MYOR,RG,1825,2,F,AK,BK,F
11:29:37,MYOR,RG,1825,2,D,KZ,BK,F
11:29:37,MYOR,RG,1825,7,D,XC,BK,F
11:29:37,MYOR,RG,1825,1,D,XC,BK,F
11:29:37,MYOR,RG,1825,1,D,KZ,BK,F
11:29:37,MYOR,RG,1825,5,F,AK,BK,F
11:29:37,MYOR,RG,1825,3,D,KZ,BK,F
11:29:37,MYOR,RG,1825,1,D,DH,BK,F
11:29:37,MYOR,RG,1825,7,D,KZ,BK,F
11:29:37,MYOR,RG,1825,3,D,KZ,BK,F
11:29:37,MYOR,RG,1825,43,D,YP,BK,F
11:29:37,MYOR,RG,1825,1,D,KZ,BK,F
11:29:37,MYOR,RG,1825,9,F,AK,BK,F
11:29:37,MYOR,RG,1825,1,D,KZ,BK,F
11:29:37,MYOR,RG,1825,2,D,KZ,BK,F
11:29:37,MYOR,RG,1825,1,D,KZ,BK,F
11:29:37,MYOR,RG,1825,1,D,KZ,BK,F
11:29:37,MYOR,RG,1825,1,D,KZ,BK,F
11:29:37,MYOR,RG,1825,2,D,KZ,BK,F
11:29:37,MYOR,RG,1825,10,D,YP,BK,F
11:29:37,MYOR,RG,1825,10,D,PD,BK,F
11:29:37,MYOR,RG,1825,10,D,CC,BK,F
11:29:37,MYOR,RG,1825,2,D,KZ,BK,F
11:29:37,MYOR,RG,1825,3,D,KZ,BK,F
11:29:37,MYOR,RG,1825,4,D,KZ,BK,F
11:29:37,MYOR,RG,1825,20,D,KZ,BK,F
11:29:37,MYOR,RG,1825,16,D,KZ,BK,F
11:29:35,MYOR,RG,1825,14,D,KZ,AZ,D
11:29:35,MYOR,RG,1825,3,D,KZ,AZ,D
11:29:35,MYOR,RG,1825,14,D,KZ,AZ,D
11:29:35,MYOR,RG,1825,4,D,KZ,AZ,D
11:29:35,MYOR,RG,1825,5,D,KZ,AZ,D
11:29:35,MYOR,RG,1825,3,D,KZ,AZ,D
11:29:35,MYOR,RG,1825,21,D,KZ,AZ,D
11:29:35,MYOR,RG,1825,18,D,KZ,AZ,D
11:29:35,MYOR,RG,1825,1,D,KZ,AZ,D
11:29:35,MYOR,RG,1825,2,D,KZ,AZ,D
11:29:35,MYOR,RG,1825,14,D,KZ,AZ,D
11:29:35,MYOR,RG,1825,1,D,PD,AZ,D
11:29:35,MYOR,RG,1825,1,D,PD,AZ,D
11:29:35,MYOR,RG,1825,2,D,KK,AZ,D
11:29:35,MYOR,RG,1825,2,D,KZ,AZ,D
11:29:35,MYOR,RG,1825,2,D,KZ,AZ,D
11:29:35,MYOR,RG,1825,3,D,KZ,AZ,D
11:29:35,MYOR,RG,1825,5,D,BQ,AZ,D
11:29:35,MYOR,RG,1825,11,D,KZ,AZ,D
11:29:35,MYOR,RG,1825,34,D,KZ,AZ,D
11:29:35,MYOR,RG,1825,2,D,KZ,AZ,D
11:29:35,MYOR,RG,1825,1,D,CC,AZ,D
11:29:35,MYOR,RG,1825,2,D,KZ,AZ,D
11:29:35,MYOR,RG,1825,7,D,KZ,AZ,D
11:29:35,MYOR,RG,1825,2,D,KZ,AZ,D
11:29:35,MYOR,RG,1825,2,D,KZ,AZ,D
11:29:35,MYOR,RG,1825,1,D,KZ,AZ,D
11:29:35,MYOR,RG,1825,1,D,KZ,AZ,D
11:29:35,MYOR,RG,1825,10,D,KZ,AZ,D
11:29:35,MYOR,RG,1825,1,D,KZ,AZ,D
11:29:35,MYOR,RG,1825,6,D,KZ,AZ,D
11:29:35,MYOR,RG,1825,8,D,KZ,AZ,D
11:29:35,MYOR,RG,1825,2,D,OD,AZ,D
11:29:35,MYOR,RG,1825,10,D,YP,AZ,D
11:29:35,MYOR,RG,1825,3,D,NI,AZ,D
11:29:35,MYOR,RG,1825,50,D,YB,AZ,D
11:29:35,MYOR,RG,1825,1,D,KZ,AZ,D
11:29:35,MYOR,RG,1825,3,D,KZ,AZ,D
11:29:35,MYOR,RG,1825,4,D,KZ,AZ,D
11:29:35,MYOR,RG,1825,5,D,KZ,AZ,D
11:29:35,MYOR,RG,1825,4,D,KZ,AZ,D
11:29:35,MYOR,RG,1825,4,D,KZ,AZ,D
11:29:35,MYOR,RG,1825,4,D,KZ,AZ,D
11:29:35,MYOR,RG,1825,26,D,KZ,AZ,D
11:29:35,MYOR,RG,1825,77,D,KZ,AZ,D
11:29:35,MYOR,RG,1825,16,D,KZ,AZ,D
11:29:35,MYOR,RG,1825,6,D,KZ,AZ,D
11:29:35,MYOR,RG,1825,1,D,KZ,AZ,D
11:29:35,MYOR,RG,1825,1,D,KZ,AZ,D
11:29:35,MYOR,RG,1825,24,D,KZ,AZ,D
11:29:35,MYOR,RG,1825,1,D,KZ,AZ,D
11:29:35,MYOR,RG,1825,1,D,KZ,AZ,D
11:29:35,MYOR,RG,1825,19,D,KZ,AZ,D
11:29:35,MYOR,RG,1825,15,D,KZ,AZ,D
11:29:35,MYOR,RG,1825,25,D,XC,AZ,D
11:29:35,MYOR,RG,1825,2,D,AZ,AZ,D
11:29:35,MYOR,RG,1825,10,D,NI,AZ,D
11:29:35,MYOR,RG,1825,10,D,NI,AZ,D
11:29:35,MYOR,RG,1825,1,D,YB,AZ,D
11:29:35,MYOR,RG,1825,100,D,CC,AZ,D
11:29:35,MYOR,RG,1825,5,D,YB,AZ,D
11:29:35,MYOR,RG,1825,5,D,YB,AZ,D
11:29:35,MYOR,RG,1825,27,D,PD,AZ,D
11:29:35,MYOR,RG,1825,10,D,DR,AZ,D
11:29:35,MYOR,RG,1825,2,D,KZ,AZ,D
11:29:35,MYOR,RG,1825,2,D,KZ,AZ,D
11:29:35,MYOR,RG,1825,3,D,KZ,AZ,D
11:29:35,MYOR,RG,1825,2,D,KZ,AZ,D
11:29:35,MYOR,RG,1825,10,D,KZ,AZ,D
11:29:35,MYOR,RG,1825,2,D,KZ,AZ,D
11:29:35,MYOR,RG,1825,51,D,KZ,AZ,D
11:29:35,MYOR,RG,1825,4,D,KZ,AZ,D
11:29:35,MYOR,RG,1825,17,D,KZ,AZ,D
11:29:35,MYOR,RG,1825,1,D,KZ,AZ,D
11:29:35,MYOR,RG,1825,2,D,KZ,AZ,D
11:29:35,MYOR,RG,1825,1,D,KZ,AZ,D
11:29:35,MYOR,RG,1825,1,D,KZ,AZ,D
11:29:35,MYOR,RG,1825,13,D,KZ,AZ,D
11:29:35,MYOR,RG,1825,1,D,KZ,AZ,D
11:29:35,MYOR,RG,1825,10,D,KZ,AZ,D
11:29:35,MYOR,RG,1825,16,D,KZ,AZ,D
11:29:35,MYOR,RG,1825,1,D,KZ,AZ,D
11:29:35,MYOR,RG,1825,3,D,KZ,AZ,D
11:29:35,MYOR,RG,1825,3,D,KZ,AZ,D
11:29:35,MYOR,RG,1825,3,D,KZ,AZ,D
11:29:35,MYOR,RG,1825,55,D,KZ,AZ,D
11:29:35,MYOR,RG,1825,12,D,KZ,AZ,D
11:29:35,MYOR,RG,1825,2,D,KZ,AZ,D
11:29:35,MYOR,RG,1825,1,D,KZ,AZ,D
11:29:35,MYOR,RG,1825,2,D,KZ,AZ,D
11:29:35,MYOR,RG,1825,1,D,KZ,AZ,D
11:29:35,MYOR,RG,1825,3,D,KZ,AZ,D
11:29:35,MYOR,RG,1825,19,D,KZ,AZ,D
11:29:35,MYOR,RG,1825,2,D,KZ,AZ,D
11:29:35,MYOR,RG,1825,4,D,KZ,AZ,D
11:29:35,MYOR,RG,1825,11,D,KZ,AZ,D
11:29:35,MYOR,RG,1825,14,D,KZ,AZ,D
11:29:35,MYOR,RG,1825,1,D,XC,AZ,D
11:29:35,MYOR,RG,1825,18,D,KZ,AZ,D
11:29:35,MYOR,RG,1825,1,D,EP,AZ,D
11:29:35,MYOR,RG,1825,10,D,CC,AZ,D
11:29:35,MYOR,RG,1825,1,D,NI,AZ,D
11:29:35,MYOR,RG,1825,1,D,XL,AZ,D
11:29:35,MYOR,RG,1825,1,D,NI,AZ,D
11:29:35,MYOR,RG,1825,3,D,KZ,AZ,D
11:29:35,MYOR,RG,1825,2,D,KZ,AZ,D
11:29:35,MYOR,RG,1825,3,D,KZ,AZ,D
11:29:35,MYOR,RG,1825,10,D,KZ,AZ,D
11:29:31,MYOR,RG,1830,10,D,RX,AZ,D
11:29:31,MYOR,RG,1830,18,D,RX,AZ,D
11:29:30,MYOR,RG,1830,4,D,XC,AZ,D
11:29:00,MYOR,RG,1825,2,D,KZ,YP,D
11:29:00,MYOR,RG,1825,4,D,KZ,YP,D
11:29:00,MYOR,RG,1825,4,D,KZ,YP,D
11:28:14,MYOR,RG,1825,8,D,KZ,BK,F
11:28:14,MYOR,RG,1825,15,D,KZ,BK,F
11:28:08,MYOR,RG,1825,25,D,KZ,BK,F
11:28:02,MYOR,RG,1825,20,D,KZ,BK,F
11:28:02,MYOR,RG,1825,2,D,KZ,BK,F
11:28:02,MYOR,RG,1825,1,D,KZ,BK,F
11:28:02,MYOR,RG,1825,2,D,KZ,BK,F
11:28:02,MYOR,RG,1825,15,D,KZ,BK,F
11:28:02,MYOR,RG,1825,2,D,KZ,BK,F
11:28:02,MYOR,RG,1825,20,D,KZ,BK,F
11:28:02,MYOR,RG,1825,2,D,KZ,BK,F
11:28:02,MYOR,RG,1825,1,D,KZ,BK,F
11:28:02,MYOR,RG,1825,2,D,KZ,BK,F
11:28:02,MYOR,RG,1825,18,D,KZ,BK,F
11:28:02,MYOR,RG,1825,20,D,CC,BK,F
11:28:02,MYOR,RG,1825,1,D,KZ,BK,F
11:28:02,MYOR,RG,1825,3,D,KZ,BK,F
11:28:02,MYOR,RG,1825,2,D,KZ,BK,F
11:28:02,MYOR,RG,1825,3,D,KZ,BK,F
11:28:02,MYOR,RG,1825,1,D,KZ,BK,F
11:28:00,MYOR,RG,1830,17,F,AK,AZ,D
11:28:00,MYOR,RG,1830,10,D,YP,AZ,D
11:28:00,MYOR,RG,1830,3,D,DR,AZ,D
11:28:00,MYOR,RG,1830,10,D,PD,AZ,D
11:28:00,MYOR,RG,1830,5,D,XC,AZ,D
11:28:00,MYOR,RG,1830,30,D,CC,AZ,D
11:28:00,MYOR,RG,1830,26,F,AK,AZ,D
11:28:00,MYOR,RG,1830,20,F,CC,AZ,D
11:28:00,MYOR,RG,1830,2,D,PD,AZ,D
11:28:00,MYOR,RG,1830,1,D,XC,AZ,D
11:28:00,MYOR,RG,1830,1,D,PD,AZ,D
11:28:00,MYOR,RG,1830,25,D,LG,AZ,D
11:28:00,MYOR,RG,1830,28,D,BB,AZ,D
11:28:00,MYOR,RG,1830,200,D,YU,AZ,D
11:28:00,MYOR,RG,1830,1,D,EP,AZ,D
11:28:00,MYOR,RG,1830,2,D,YB,AZ,D
11:28:00,MYOR,RG,1830,2,D,XC,AZ,D
11:28:00,MYOR,RG,1830,2,D,XC,AZ,D
11:28:00,MYOR,RG,1830,5,D,BQ,AZ,D
11:28:00,MYOR,RG,1830,12,D,PD,AZ,D
11:28:00,MYOR,RG,1830,5,D,PD,AZ,D
11:28:00,MYOR,RG,1830,25,D,BB,AZ,D
11:28:00,MYOR,RG,1830,3,D,XC,AZ,D
11:28:00,MYOR,RG,1830,142,D,BB,AZ,D
11:27:58,MYOR,RG,1830,24,D,BB,BK,F
11:27:53,MYOR,RG,1835,43,D,BB,AZ,D
11:27:46,MYOR,RG,1830,20,D,BB,YP,D
11:27:02,MYOR,RG,1835,10,D,PD,AZ,D
11:27:01,MYOR,RG,1835,5,D,XL,AZ,D
11:25:43,MYOR,RG,1830,23,D,BB,BK,F
11:25:39,MYOR,RG,1830,45,D,BB,BK,F
11:25:35,MYOR,RG,1835,219,D,BB,AZ,D
11:25:32,MYOR,RG,1830,8,D,BB,BK,F
11:25:32,MYOR,RG,1830,4,F,AK,BK,F
11:25:30,MYOR,RG,1835,86,D,BB,AZ,D
11:24:46,MYOR,RG,1830,21,F,AK,BK,F
11:24:43,MYOR,RG,1830,20,F,AK,BK,F
11:24:38,MYOR,RG,1830,95,F,AK,BK,F
11:24:34,MYOR,RG,1835,3,D,XL,AZ,D
11:24:34,MYOR,RG,1835,5,D,XL,AZ,D
11:24:34,MYOR,RG,1835,8,D,LG,AZ,D
11:24:34,MYOR,RG,1835,137,D,BB,AZ,D
11:24:34,MYOR,RG,1835,67,F,AK,AZ,D
11:24:34,MYOR,RG,1835,66,D,RX,AZ,D
11:24:34,MYOR,RG,1835,107,D,RX,AZ,D
11:24:34,MYOR,RG,1835,2,F,CC,AZ,D
11:24:34,MYOR,RG,1835,104,F,AK,AZ,D
11:24:34,MYOR,RG,1835,29,D,BB,AZ,D
11:24:34,MYOR,RG,1835,5,D,BB,AZ,D
11:24:34,MYOR,RG,1835,91,D,YP,AZ,D
11:24:32,MYOR,RG,1840,5,D,NI,PD,D
11:24:31,MYOR,RG,1840,70,F,AK,PD,D
11:24:31,MYOR,RG,1840,1,F,AK,PD,D
11:24:31,MYOR,RG,1840,20,F,AK,YP,D
11:24:31,MYOR,RG,1840,5,F,AK,YP,D
11:24:31,MYOR,RG,1840,3,F,AK,PD,D
11:24:31,MYOR,RG,1840,3,F,AK,XC,D
11:24:31,MYOR,RG,1840,1,F,AK,SQ,D
11:24:28,MYOR,RG,1835,1,D,YP,PD,D
11:24:16,MYOR,RG,1840,4,D,RX,SQ,D
11:24:16,MYOR,RG,1840,1,D,RX,DR,D
11:24:16,MYOR,RG,1840,7,D,RX,YP,D
11:24:16,MYOR,RG,1840,2,F,AK,YP,D
11:24:16,MYOR,RG,1840,3,F,AK,XC,D
11:24:16,MYOR,RG,1840,3,F,AK,EP,D
11:23:59,MYOR,RG,1840,1,D,RX,YP,D
11:23:59,MYOR,RG,1840,2,D,RX,AZ,D
11:23:59,MYOR,RG,1840,2,D,RX,XL,D
11:23:59,MYOR,RG,1840,1,D,RX,XC,D
11:23:59,MYOR,RG,1840,8,D,RX,PD,D
11:23:43,MYOR,RG,1840,11,D,RX,PD,D
11:23:31,MYOR,RG,1840,44,F,AK,PD,D
11:23:11,MYOR,RG,1840,10,D,RX,PD,D
11:22:50,MYOR,RG,1840,2,D,XC,PD,D
11:22:50,MYOR,RG,1840,1,D,XC,PD,D
11:22:46,MYOR,RG,1840,1,D,RX,XC,D
11:22:46,MYOR,RG,1840,10,D,RX,OD,D
11:22:40,MYOR,RG,1840,20,D,RX,OD,D
11:22:16,MYOR,RG,1840,1,F,AK,YP,D
11:22:16,MYOR,RG,1840,57,F,AK,SQ,D
11:21:12,MYOR,RG,1835,100,D,YP,YP,D
11:21:12,MYOR,RG,1835,6,D,YP,NI,D
11:21:12,MYOR,RG,1835,2,D,YP,BK,F
11:21:00,MYOR,RG,1835,8,D,RX,BK,F
11:20:58,MYOR,RG,1835,12,D,RX,BK,F
11:20:58,MYOR,RG,1835,18,D,RX,ZP,F
11:20:51,MYOR,RG,1835,11,D,RX,ZP,F
11:20:49,MYOR,RG,1835,20,D,RX,ZP,F
11:20:46,MYOR,RG,1835,31,D,BB,ZP,F
11:20:46,MYOR,RG,1835,1,D,BB,PD,D
11:20:40,MYOR,RG,1835,36,F,AK,PD,D
11:20:40,MYOR,RG,1835,31,F,AK,ZP,F
11:20:40,MYOR,RG,1835,135,F,AK,AK,F
11:20:40,MYOR,RG,1835,1,F,AK,SQ,D
11:20:40,MYOR,RG,1835,34,F,AK,ZP,F
11:20:40,MYOR,RG,1835,1,F,AK,NI,D
11:20:40,MYOR,RG,1835,82,F,AK,ZP,F
11:20:40,MYOR,RG,1835,35,F,AK,CC,D
11:20:40,MYOR,RG,1835,20,F,AK,IF,D
11:20:40,MYOR,RG,1835,337,F,AK,BK,F
11:20:40,MYOR,RG,1835,1,F,AK,DR,D
11:20:40,MYOR,RG,1835,1,F,AK,DR,D
11:20:40,MYOR,RG,1835,136,F,AK,ZP,F
11:20:40,MYOR,RG,1835,30,F,AK,CC,D
11:20:40,MYOR,RG,1835,20,F,AK,NI,D
11:20:40,MYOR,RG,1835,45,F,AK,BK,F
11:20:40,MYOR,RG,1835,14,F,AK,YP,D
11:20:40,MYOR,RG,1835,1,F,AK,YP,D
11:20:40,MYOR,RG,1835,2,F,AK,ZP,D
11:20:40,MYOR,RG,1835,1,F,AK,PD,D
11:20:40,MYOR,RG,1835,1,F,AK,EP,D
11:20:40,MYOR,RG,1835,1,F,AK,XC,D
11:20:40,MYOR,RG,1835,1,F,AK,XC,D
11:20:40,MYOR,RG,1835,1,F,AK,CC,D
11:20:40,MYOR,RG,1835,33,F,AK,NI,D
11:20:40,MYOR,RG,1835,23,D,BB,NI,D
11:20:40,MYOR,RG,1835,91,D,BB,NI,D
11:20:40,MYOR,RG,1830,50,F,AK,BK,F
11:20:35,MYOR,RG,1830,233,F,AK,BK,F
11:20:31,MYOR,RG,1835,9,F,AK,NI,D
11:20:31,MYOR,RG,1835,280,F,AK,OD,D
11:20:31,MYOR,RG,1835,221,F,AK,XL,D
11:20:31,MYOR,RG,1835,11,F,AK,LG,D
11:20:31,MYOR,RG,1835,10,F,AK,BR,D
11:20:31,MYOR,RG,1835,13,F,AK,AI,D
11:20:31,MYOR,RG,1835,2,F,AK,YP,D
11:20:31,MYOR,RG,1835,3,F,AK,XC,D
11:20:31,MYOR,RG,1835,50,F,AK,KK,D
11:20:31,MYOR,RG,1835,5,F,AK,XC,D
11:20:31,MYOR,RG,1835,10,F,AK,DR,D
11:20:31,MYOR,RG,1835,5,F,AK,YP,D
11:20:31,MYOR,RG,1835,1,F,AK,YP,D
11:20:31,MYOR,RG,1835,142,F,AK,KK,D
11:20:31,MYOR,RG,1835,5,F,AK,XC,D
11:20:31,MYOR,RG,1835,67,F,AK,YP,D
11:20:31,MYOR,RG,1835,11,F,AK,NI,D
11:20:31,MYOR,RG,1835,10,F,AK,YP,D
11:20:31,MYOR,RG,1835,1,F,AK,YP,D
11:20:31,MYOR,RG,1835,1,F,AK,NI,D
11:20:31,MYOR,RG,1835,1,F,AK,XC,D
11:20:31,MYOR,RG,1835,20,F,AK,OD,D
11:20:31,MYOR,RG,1835,25,F,AK,CC,D
11:20:31,MYOR,RG,1835,97,F,AK,SQ,D
11:20:31,MYOR,RG,1835,2,D,BB,SQ,D
11:20:31,MYOR,RG,1835,100,D,PP,SQ,D
11:20:26,MYOR,RG,1835,7,D,BB,SQ,D
11:20:23,MYOR,RG,1835,7,D,BB,SQ,D
11:20:23,MYOR,RG,1830,13,F,AK,BK,F
11:20:19,MYOR,RG,1835,24,D,BB,SQ,D
11:20:19,MYOR,RG,1835,4,D,XL,SQ,D
11:20:17,MYOR,RG,1830,16,F,AK,BK,F
11:20:16,MYOR,RG,1835,69,F,AK,SQ,D
11:20:11,MYOR,RG,1830,12,F,AK,BK,F
11:20:11,MYOR,RG,1835,17,D,RX,SQ,D
11:20:10,MYOR,RG,1835,19,D,BB,SQ,D
11:20:10,MYOR,RG,1835,3,D,BB,SQ,D
11:19:38,MYOR,RG,1835,2,D,BB,SQ,D
11:19:38,MYOR,RG,1835,7,D,BB,SQ,D
11:19:38,MYOR,RG,1830,1,F,AK,PD,D
11:19:27,MYOR,RG,1835,12,D,BB,SQ,D
11:19:13,MYOR,RG,1830,19,F,AK,BK,F
11:19:12,MYOR,RG,1835,7,D,BB,SQ,D
11:19:12,MYOR,RG,1835,20,D,RX,SQ,D
11:19:00,MYOR,RG,1835,13,D,BB,SQ,D
11:18:46,MYOR,RG,1835,5,D,BB,SQ,D
11:18:46,MYOR,RG,1835,49,F,AK,SQ,D
11:18:01,MYOR,RG,1830,22,F,AK,BK,F
11:17:58,MYOR,RG,1835,10,D,RX,SQ,D
11:17:38,MYOR,RG,1835,13,D,RX,SQ,D
11:16:05,MYOR,RG,1830,11,F,AK,BK,F
11:16:01,MYOR,RG,1835,13,F,AK,SQ,D
11:16:01,MYOR,RG,1835,15,F,AK,CC,D
11:16:01,MYOR,RG,1835,10,F,AK,DH,D
11:16:01,MYOR,RG,1835,2,F,AK,YP,D
11:16:01,MYOR,RG,1835,26,F,AK,XC,D
11:14:18,MYOR,RG,1835,2,D,XC,XC,D
11:13:07,MYOR,RG,1835,11,D,GR,XC,D
11:12:46,MYOR,RG,1835,1,D,PD,XC,D
11:12:46,MYOR,RG,1835,3,D,PD,XC,D
11:12:46,MYOR,RG,1835,7,D,PD,PD,D
11:12:42,MYOR,RG,1830,1,F,AK,XC,D
11:12:23,MYOR,RG,1830,23,F,AK,BK,F
11:12:22,MYOR,RG,1835,11,D,EP,PD,D
11:12:22,MYOR,RG,1835,11,D,XC,PD,D
11:11:22,MYOR,RG,1830,2,F,AK,DR,D
11:10:11,MYOR,RG,1830,12,F,AK,BK,F
11:10:06,MYOR,RG,1830,29,F,AK,BK,F
11:10:04,MYOR,RG,1830,156,F,AK,XC,D
11:10:04,MYOR,RG,1830,10,D,PD,XC,D
11:10:04,MYOR,RG,1830,36,F,AK,XC,D
11:10:04,MYOR,RG,1830,1,F,CC,XC,D
11:10:04,MYOR,RG,1830,71,D,RX,XC,D
11:10:04,MYOR,RG,1830,41,D,RX,XC,D
11:10:04,MYOR,RG,1830,6,D,NI,XC,D
11:10:04,MYOR,RG,1830,50,D,CC,XC,D
11:10:04,MYOR,RG,1830,15,D,BB,XC,D
11:10:04,MYOR,RG,1830,5,D,PD,XC,D
11:10:04,MYOR,RG,1830,4,D,XC,XC,D
11:10:04,MYOR,RG,1830,2,D,YB,XC,D
11:10:04,MYOR,RG,1830,91,D,BB,XC,D
11:10:04,MYOR,RG,1830,12,D,PP,XC,D
11:08:44,MYOR,RG,1830,1,D,PP,XC,D
11:07:54,MYOR,RG,1830,2,D,PP,XC,D
11:07:37,MYOR,RG,1830,65,D,PP,YP,D
11:07:37,MYOR,RG,1830,35,F,AK,YP,D
11:07:02,MYOR,RG,1830,11,F,AK,BK,F
11:06:59,MYOR,RG,1835,1,D,NI,PD,D
11:06:08,MYOR,RG,1830,9,F,AK,BK,F
11:06:03,MYOR,RG,1830,8,F,AK,XC,D
11:06:03,MYOR,RG,1830,7,F,AK,XC,D
11:06:02,MYOR,RG,1830,15,F,AK,BK,F
11:06:02,MYOR,RG,1830,25,F,AK,AZ,D
11:06:02,MYOR,RG,1830,1,D,NI,AZ,D
11:06:02,MYOR,RG,1830,11,D,BB,AZ,D
11:06:02,MYOR,RG,1830,54,D,RX,AZ,D
11:06:02,MYOR,RG,1830,9,D,RX,AZ,D
11:05:06,MYOR,RG,1830,10,D,RX,BK,F
11:05:02,MYOR,RG,1830,10,D,RX,BK,F
11:05:01,MYOR,RG,1835,58,F,AK,PD,D
11:04:18,MYOR,RG,1830,76,D,RX,YU,D
11:04:18,MYOR,RG,1830,18,D,CC,YU,D
11:04:18,MYOR,RG,1830,1,D,BB,YU,D
11:04:18,MYOR,RG,1830,5,F,CC,YU,D
11:02:44,MYOR,RG,1830,5,D,BB,XC,D
11:02:44,MYOR,RG,1830,20,D,BB,EP,D
11:02:44,MYOR,RG,1830,50,D,BB,EP,D
11:02:44,MYOR,RG,1830,418,D,BB,DH,D
11:02:44,MYOR,RG,1830,259,D,BB,BK,F
11:02:44,MYOR,RG,1830,171,D,BB,BK,F
11:02:44,MYOR,RG,1830,5,D,BB,NI,D
11:02:44,MYOR,RG,1830,6,D,BB,NI,D
11:02:44,MYOR,RG,1830,10,D,BB,NI,D
11:02:44,MYOR,RG,1830,3,D,BB,XC,D
11:02:44,MYOR,RG,1830,28,D,BB,XL,D
11:02:44,MYOR,RG,1830,5,D,BB,XC,D
11:02:44,MYOR,RG,1830,622,D,BB,ZP,F
11:02:44,MYOR,RG,1830,3,D,BB,EP,D
11:02:44,MYOR,RG,1830,50,D,BB,PD,D
11:02:44,MYOR,RG,1830,2,D,BB,SQ,D
11:02:44,MYOR,RG,1830,1,D,BB,PD,D
11:02:44,MYOR,RG,1830,100,D,BB,YP,D
11:02:44,MYOR,RG,1830,6,D,BB,XC,D
11:02:44,MYOR,RG,1830,24,D,BB,EP,D
11:02:44,MYOR,RG,1830,10,D,BB,NI,D
11:02:44,MYOR,RG,1830,10,D,BB,XC,D
11:02:44,MYOR,RG,1830,289,D,BB,ZP,F
11:02:44,MYOR,RG,1830,50,D,BB,OD,D
11:02:44,MYOR,RG,1830,5,D,BB,PD,D
11:02:44,MYOR,RG,1830,11,D,BB,GR,D
11:02:44,MYOR,RG,1830,1,D,BB,PD,D
11:02:44,MYOR,RG,1830,200,D,BB,XA,D
11:02:44,MYOR,RG,1830,6,D,BB,KK,D
11:02:44,MYOR,RG,1830,65,D,BB,YP,D
11:02:44,MYOR,RG,1830,1,D,BB,EP,D
11:02:44,MYOR,RG,1830,4,D,BB,NI,D
11:02:44,MYOR,RG,1830,4,D,BB,YP,D
11:02:44,MYOR,RG,1830,514,D,BB,BK,F
11:02:44,MYOR,RG,1830,1,D,BB,YP,D
11:02:44,MYOR,RG,1830,959,D,BB,CC,D
11:02:11,MYOR,RG,1830,6,D,BB,CC,D
11:02:03,MYOR,RG,1830,1,D,BB,CC,D
11:02:03,MYOR,RG,1830,13,D,RX,CC,D
11:02:00,MYOR,RG,1830,3,D,BB,CC,D
11:01:38,MYOR,RG,1830,6,D,BB,CC,D
11:01:37,MYOR,RG,1825,22,D,BB,BK,F
11:01:32,MYOR,RG,1825,20,D,BB,BK,F
11:01:31,MYOR,RG,1830,3,D,BB,CC,D
11:01:31,MYOR,RG,1830,13,D,BB,CC,D
11:01:31,MYOR,RG,1830,77,F,AK,CC,D
11:01:05,MYOR,RG,1830,4,D,BB,CC,D
11:01:01,MYOR,RG,1830,1,D,BB,CC,D
11:01:01,MYOR,RG,1830,13,D,RX,CC,D
11:01:00,MYOR,RG,1830,3,D,BB,CC,D
11:00:59,MYOR,RG,1830,1,D,YB,CC,D
11:00:48,MYOR,RG,1830,8,D,BB,CC,D
11:00:48,MYOR,RG,1825,11,D,BB,BK,F
11:00:44,MYOR,RG,1830,3,D,BB,CC,D
11:00:44,MYOR,RG,1830,5,D,BB,CC,D
11:00:44,MYOR,RG,1830,5,D,XL,CC,D
11:00:29,MYOR,RG,1830,9,D,BB,CC,D
11:00:25,MYOR,RG,1830,2,D,BB,CC,D
11:00:16,MYOR,RG,1830,1,D,BB,CC,D
11:00:16,MYOR,RG,1830,1,D,BB,CC,D
11:00:01,MYOR,RG,1830,5,D,BB,CC,D
10:59:56,MYOR,RG,1825,18,D,BB,BK,F
10:59:56,MYOR,RG,1830,17,D,BB,CC,D
10:59:56,MYOR,RG,1830,23,D,RX,CC,D
10:59:52,MYOR,RG,1830,5,D,YB,CC,D
10:59:50,MYOR,RG,1830,9,D,BB,CC,D
10:59:50,MYOR,RG,1830,3,D,BB,CC,D
10:59:50,MYOR,RG,1830,37,D,RX,CC,D
10:59:30,MYOR,RG,1830,1,D,BB,CC,D
10:59:28,MYOR,RG,1830,7,D,BB,CC,D
10:59:28,MYOR,RG,1830,5,D,BB,CC,D
10:58:55,MYOR,RG,1825,19,D,BB,BK,F
10:58:53,MYOR,RG,1830,8,D,BB,CC,D
10:58:52,MYOR,RG,1830,1,D,XL,CC,D
10:58:47,MYOR,RG,1830,2,D,BB,CC,D
10:58:47,MYOR,RG,1830,9,D,BB,CC,D
10:58:30,MYOR,RG,1830,6,D,BB,CC,D
10:58:30,MYOR,RG,1830,7,D,BB,CC,D
10:58:03,MYOR,RG,1830,2,D,BB,CC,D
10:58:03,MYOR,RG,1825,6,D,BB,EP,D
10:57:48,MYOR,RG,1825,10,D,BB,BK,F
10:57:47,MYOR,RG,1830,2,D,BB,CC,D
10:57:35,MYOR,RG,1830,4,D,BB,CC,D
10:57:35,MYOR,RG,1825,17,D,BB,BK,F
10:57:35,MYOR,RG,1830,22,D,BB,CC,D
10:57:31,MYOR,RG,1830,4,D,BB,CC,D
10:57:31,MYOR,RG,1830,86,F,AK,CC,D
10:57:01,MYOR,RG,1825,17,D,BB,BK,F
10:56:59,MYOR,RG,1830,2,D,BB,CC,D
10:56:59,MYOR,RG,1830,3,D,BB,CC,D
10:56:51,MYOR,RG,1830,3,D,BB,CC,D
10:56:51,MYOR,RG,1830,23,D,RX,CC,D
10:56:50,MYOR,RG,1830,1,D,XL,CC,D
10:56:45,MYOR,RG,1825,16,D,BB,BK,F
10:56:45,MYOR,RG,1830,1,D,BB,CC,D
10:56:45,MYOR,RG,1830,9,D,BB,CC,D
10:56:45,MYOR,RG,1830,38,D,RX,CC,D
10:56:29,MYOR,RG,1830,4,D,BB,CC,D
10:56:25,MYOR,RG,1830,2,D,BB,CC,D
10:56:14,MYOR,RG,1830,5,D,BB,CC,D
10:56:14,MYOR,RG,1830,28,D,BB,CC,D
10:55:39,MYOR,RG,1825,19,D,KZ,BK,F
10:55:37,MYOR,RG,1825,1,D,KZ,BK,F
10:55:37,MYOR,RG,1825,12,D,KZ,BK,F
10:55:34,MYOR,RG,1830,2,D,BB,CC,D
10:55:34,MYOR,RG,1830,4,D,BB,CC,D
10:55:34,MYOR,RG,1830,80,D,PP,CC,D
10:55:17,MYOR,RG,1830,2,D,BB,CC,D
10:55:17,MYOR,RG,1825,11,D,KZ,BK,F
10:55:15,MYOR,RG,1830,2,D,BB,CC,D
10:55:15,MYOR,RG,1830,9,D,BB,CC,D
10:55:04,MYOR,RG,1825,12,D,KZ,BK,F
10:55:01,MYOR,RG,1830,1,D,BB,CC,D
10:55:01,MYOR,RG,1830,6,D,BB,CC,D
10:55:01,MYOR,RG,1830,37,D,RX,CC,D
10:54:52,MYOR,RG,1830,23,D,BB,CC,D
10:54:52,MYOR,RG,1830,5,D,BB,CC,D
10:54:52,MYOR,RG,1830,11,D,RX,CC,D
10:53:43,MYOR,RG,1830,1,D,BB,CC,D
10:53:43,MYOR,RG,1825,17,D,KZ,BK,F
10:53:41,MYOR,RG,1830,2,D,BB,CC,D
10:53:41,MYOR,RG,1830,25,D,BB,CC,D
10:53:12,MYOR,RG,1830,4,D,BB,CC,D
10:53:12,MYOR,RG,1830,13,D,RX,CC,D
10:53:04,MYOR,RG,1825,12,D,KZ,BK,F
10:53:01,MYOR,RG,1825,20,D,KZ,BK,F
10:53:01,MYOR,RG,1830,15,D,BB,CC,D
10:53:01,MYOR,RG,1830,3,D,BB,CC,D
10:53:01,MYOR,RG,1830,81,F,AK,CC,D
10:52:07,MYOR,RG,1830,2,D,BB,CC,D
10:52:07,MYOR,RG,1830,11,D,BB,CC,D
10:52:07,MYOR,RG,1825,5,D,KZ,NI,D
10:52:03,MYOR,RG,1825,8,D,KZ,BK,F
10:52:03,MYOR,RG,1825,9,D,KZ,BK,F
10:52:02,MYOR,RG,1830,10,D,BB,CC,D
10:52:02,MYOR,RG,1830,2,D,BB,CC,D
10:52:02,MYOR,RG,1830,50,D,RX,CC,D
10:51:24,MYOR,RG,1830,7,D,BB,CC,D
10:51:24,MYOR,RG,1830,2,D,BB,CC,D
10:50:57,MYOR,RG,1830,7,D,BB,CC,D
10:50:57,MYOR,RG,1830,2,D,BB,CC,D
10:50:43,MYOR,RG,1830,7,D,BB,CC,D
10:50:43,MYOR,RG,1825,1,D,KZ,KK,D
10:50:30,MYOR,RG,1825,17,D,KZ,BK,F
10:50:28,MYOR,RG,1830,2,D,BB,CC,D
10:50:24,MYOR,RG,1830,3,D,BB,CC,D
10:50:24,MYOR,RG,1825,4,D,KZ,SQ,D
10:50:24,MYOR,RG,1825,4,D,KZ,SQ,D
10:50:24,MYOR,RG,1825,5,D,KZ,SQ,D
10:50:18,MYOR,RG,1830,2,D,BB,CC,D
10:50:18,MYOR,RG,1830,6,D,BB,CC,D
10:49:52,MYOR,RG,1830,3,D,BB,CC,D
10:49:43,MYOR,RG,1830,4,D,BB,CC,D
10:49:43,MYOR,RG,1830,18,D,BB,CC,D
10:49:26,MYOR,RG,1825,20,D,KZ,BK,F
10:49:26,MYOR,RG,1825,4,D,KZ,BK,F
10:49:23,MYOR,RG,1825,10,D,KZ,YP,D
10:49:22,MYOR,RG,1830,4,D,BB,CC,D
10:49:22,MYOR,RG,1830,16,D,BB,CC,D
10:49:21,MYOR,RG,1825,6,D,KZ,XL,D
10:49:21,MYOR,RG,1825,1,D,KZ,XL,D
10:49:21,MYOR,RG,1825,2,D,KZ,XL,D
10:49:21,MYOR,RG,1825,4,D,KZ,XL,D
10:49:21,MYOR,RG,1825,4,D,KZ,XL,D
10:49:21,MYOR,RG,1825,7,D,KZ,XL,D
10:49:21,MYOR,RG,1825,1,D,KZ,XL,D
10:49:21,MYOR,RG,1825,33,D,KZ,XL,D
10:48:39,MYOR,RG,1830,13,D,RX,CC,D
10:48:38,MYOR,RG,1830,6,D,BB,CC,D
10:48:38,MYOR,RG,1825,2,D,KZ,BK,F
10:48:38,MYOR,RG,1825,18,F,AK,BK,F
10:48:37,MYOR,RG,1830,1,D,BB,CC,D
10:48:37,MYOR,RG,1830,18,D,RX,CC,D
10:48:25,MYOR,RG,1830,3,D,BB,CC,D
10:48:18,MYOR,RG,1830,1,D,BB,CC,D
10:48:18,MYOR,RG,1830,6,D,BB,CC,D
10:48:10,MYOR,RG,1830,8,D,BB,CC,D
10:48:10,MYOR,RG,1830,15,D,XC,CC,D
10:47:37,MYOR,RG,1830,1,D,BB,CC,D
10:46:14,MYOR,RG,1825,10,F,AK,YB,D
10:45:22,MYOR,RG,1825,11,F,AK,BK,F
10:45:22,MYOR,RG,1825,6,D,RX,BK,F
10:45:17,MYOR,RG,1825,19,D,RX,BK,F
10:45:16,MYOR,RG,1830,86,F,AK,CC,D
10:44:58,MYOR,RG,1825,5,D,RX,EP,D
10:44:58,MYOR,RG,1825,5,D,RX,EP,D
10:44:36,MYOR,RG,1825,15,D,RX,YP,D
10:44:24,MYOR,RG,1830,10,D,DR,CC,D
10:43:54,MYOR,RG,1825,17,D,RX,BK,F
10:43:49,MYOR,RG,1825,17,D,RX,BK,F
10:43:49,MYOR,RG,1830,80,D,PP,CC,D
10:43:36,MYOR,RG,1830,23,D,RX,CC,D
10:43:21,MYOR,RG,1825,10,D,RX,BK,F
10:43:17,MYOR,RG,1825,14,D,RX,BK,F
10:43:15,MYOR,RG,1830,11,D,RX,CC,D
10:43:15,MYOR,RG,1830,80,D,PP,CC,D
10:43:07,MYOR,RG,1830,1,D,GR,CC,D
10:41:20,MYOR,RG,1825,12,D,RX,BK,F
10:41:17,MYOR,RG,1825,1,D,RX,PD,D
10:41:17,MYOR,RG,1825,1,D,EP,PD,D
10:41:17,MYOR,RG,1825,1,F,CC,PD,D
10:41:17,MYOR,RG,1825,1,D,CC,PD,D
10:41:16,MYOR,RG,1825,13,D,CC,XL,D
10:40:09,MYOR,RG,1825,12,D,CC,BK,F
10:40:09,MYOR,RG,1825,10,D,CC,PD,D
10:40:06,MYOR,RG,1825,10,D,CC,XL,D
10:40:03,MYOR,RG,1825,20,D,CC,BK,F
10:40:01,MYOR,RG,1830,122,F,AK,CC,D
10:39:40,MYOR,RG,1825,1,D,CC,XC,D
10:39:08,MYOR,RG,1825,1,D,CC,NI,D
10:38:02,MYOR,RG,1825,3,D,CC,YP,D
10:37:57,MYOR,RG,1825,12,D,CC,EP,D
10:37:42,MYOR,RG,1825,19,D,CC,BK,F
10:37:41,MYOR,RG,1825,30,D,CC,YP,D
10:37:35,MYOR,RG,1825,15,D,CC,XC,D
10:36:35,MYOR,RG,1825,12,D,CC,BK,F
10:36:32,MYOR,RG,1825,18,D,CC,BK,F
10:36:32,MYOR,RG,1825,100,D,CC,YP,D
10:36:12,MYOR,RG,1825,3,D,CC,SS,D
10:36:04,MYOR,RG,1825,2,D,CC,TF,D
10:35:46,MYOR,RG,1825,1,D,CC,XL,D
10:35:44,MYOR,RG,1825,1,D,CC,XL,D
10:35:33,MYOR,RG,1825,16,D,CC,CC,D
10:35:33,MYOR,RG,1825,4,D,KK,CC,D
10:35:33,MYOR,RG,1825,15,D,DH,CC,D
10:35:14,MYOR,RG,1825,4,D,DH,KK,D
10:35:12,MYOR,RG,1825,1,D,DH,XL,D
10:35:07,MYOR,RG,1825,1,D,YB,BK,F
10:35:07,MYOR,RG,1825,10,D,BB,BK,F
10:35:07,MYOR,RG,1825,11,D,BB,BK,F
10:35:04,MYOR,RG,1825,25,D,BB,BK,F
10:35:01,MYOR,RG,1825,22,D,BB,BK,F
10:35:01,MYOR,RG,1825,44,F,AK,BK,F
10:35:01,MYOR,RG,1825,42,D,RX,BK,F
10:34:58,MYOR,RG,1830,10,D,YJ,CC,D
10:34:58,MYOR,RG,1830,3,D,YJ,CC,D
10:34:58,MYOR,RG,1830,100,D,YJ,YP,D
10:34:58,MYOR,RG,1830,225,D,YJ,YP,D
10:34:58,MYOR,RG,1830,2,D,YJ,OD,F
10:34:58,MYOR,RG,1830,67,D,YJ,PD,D
10:34:58,MYOR,RG,1830,133,D,YJ,PD,D
10:31:33,MYOR,RG,1830,1,D,XL,PD,D
10:30:52,MYOR,RG,1825,1,D,RX,YP,D
10:30:50,MYOR,RG,1830,20,D,XL,PD,D
10:29:52,MYOR,RG,1825,22,D,RX,BK,F
10:29:46,MYOR,RG,1825,2,D,RX,ZP,D
10:29:46,MYOR,RG,1825,36,D,RX,ZP,D
10:29:16,MYOR,RG,1830,12,D,RX,PD,D
10:28:41,MYOR,RG,1830,234,F,AK,PD,D
10:28:40,MYOR,RG,1825,30,D,RX,CC,D
10:28:26,MYOR,RG,1825,46,D,RX,CC,D
10:28:26,MYOR,RG,1825,5,F,CC,CC,D
10:28:26,MYOR,RG,1825,14,D,KZ,CC,D
10:28:26,MYOR,RG,1825,2,D,KZ,CC,D
10:28:26,MYOR,RG,1825,2,D,KZ,CC,D
10:28:26,MYOR,RG,1825,1,D,KZ,CC,D
10:28:26,MYOR,RG,1825,3,D,KZ,CC,D
10:28:26,MYOR,RG,1825,2,D,KZ,CC,D
10:28:26,MYOR,RG,1825,2,D,KZ,CC,D
10:28:26,MYOR,RG,1825,1,D,KZ,CC,D
10:28:26,MYOR,RG,1825,23,D,KZ,CC,D
10:28:26,MYOR,RG,1825,10,D,BB,CC,D
10:28:26,MYOR,RG,1825,42,D,BB,CC,D
10:28:26,MYOR,RG,1825,12,D,KZ,CC,D
10:28:26,MYOR,RG,1825,4,D,KZ,CC,D
10:28:26,MYOR,RG,1825,51,D,KZ,CC,D
10:28:26,MYOR,RG,1825,6,D,KZ,CC,D
10:28:26,MYOR,RG,1825,1,D,KZ,CC,D
10:28:26,MYOR,RG,1825,19,D,KZ,CC,D
10:28:26,MYOR,RG,1825,2,D,KZ,CC,D
10:28:26,MYOR,RG,1825,15,D,KZ,CC,D
10:28:26,MYOR,RG,1825,1,D,KZ,CC,D
10:28:26,MYOR,RG,1825,1,D,KZ,CC,D
10:28:26,MYOR,RG,1825,7,D,KZ,CC,D
10:28:26,MYOR,RG,1825,12,D,KZ,CC,D
10:28:26,MYOR,RG,1825,2,D,KZ,CC,D
10:28:26,MYOR,RG,1825,1,D,KZ,CC,D
10:28:25,MYOR,RG,1830,11,D,RX,AK,F
10:28:07,MYOR,RG,1830,1,D,GR,AK,F
10:27:52,MYOR,RG,1830,18,D,RX,AK,F
10:27:52,MYOR,RG,1830,3,D,RX,XL,D
10:27:48,MYOR,RG,1825,1,D,KZ,KK,D
10:27:48,MYOR,RG,1825,4,D,KZ,KK,D
10:27:48,MYOR,RG,1825,1,D,KZ,KK,D
10:27:47,MYOR,RG,1825,1,D,KZ,KK,D
10:27:47,MYOR,RG,1825,10,D,KZ,PD,D
10:27:47,MYOR,RG,1825,9,D,KZ,BK,F
10:27:47,MYOR,RG,1825,2,D,KZ,BK,F
10:27:45,MYOR,RG,1825,4,D,BB,BK,F
10:27:45,MYOR,RG,1825,3,D,BB,XC,D
10:27:45,MYOR,RG,1825,32,D,BB,ZP,F
10:27:45,MYOR,RG,1825,9,D,BB,ZP,F
10:27:42,MYOR,RG,1825,58,D,KZ,ZP,F
10:27:41,MYOR,RG,1825,3,D,BB,ZP,F
10:27:41,MYOR,RG,1825,13,D,BB,ZP,F
10:27:41,MYOR,RG,1825,3,D,BB,XL,D
10:27:41,MYOR,RG,1825,2,D,RX,XL,D
10:27:41,MYOR,RG,1825,6,D,RX,CC,D
10:27:41,MYOR,RG,1825,3,D,RX,CC,D
10:27:02,MYOR,RG,1825,9,D,BB,CC,D
10:27:02,MYOR,RG,1825,2,D,BB,CC,D
10:27:02,MYOR,RG,1825,16,D,RX,CC,D
10:27:02,MYOR,RG,1825,6,D,RX,DR,D
10:26:57,MYOR,RG,1825,2,D,BB,DR,D
10:26:57,MYOR,RG,1825,5,D,BB,DR,D
10:26:57,MYOR,RG,1825,3,D,RX,DR,D
10:26:57,MYOR,RG,1825,16,D,RX,YP,D
10:26:42,MYOR,RG,1825,13,D,BB,YP,D
10:26:42,MYOR,RG,1825,4,D,BB,YP,D
10:26:32,MYOR,RG,1825,5,D,BB,YP,D
10:26:32,MYOR,RG,1825,32,D,BB,YP,D
10:26:32,MYOR,RG,1825,10,D,BB,XL,D
10:26:32,MYOR,RG,1825,5,D,BB,YP,D
10:26:32,MYOR,RG,1825,13,D,BB,YP,D
10:26:03,MYOR,RG,1825,7,D,BB,YP,D
10:26:03,MYOR,RG,1825,51,D,XL,YP,D
10:25:59,MYOR,RG,1825,28,D,PD,YP,D
10:25:58,MYOR,RG,1825,1,D,PD,YP,D
10:25:58,MYOR,RG,1825,10,D,PD,YP,D
10:25:58,MYOR,RG,1825,13,D,PD,YP,D
10:25:58,MYOR,RG,1825,4,D,PD,CC,D
10:25:57,MYOR,RG,1825,28,D,HP,CC,D
10:25:56,MYOR,RG,1825,1,D,BB,CC,D
10:25:55,MYOR,RG,1825,28,D,HP,CC,D
10:25:48,MYOR,RG,1825,3,D,BB,CC,D
10:25:48,MYOR,RG,1825,14,D,BB,CC,D
10:25:38,MYOR,RG,1825,22,D,PD,CC,D
10:25:38,MYOR,RG,1825,11,D,PD,BK,F
10:25:34,MYOR,RG,1825,1,D,BB,BK,F
10:25:34,MYOR,RG,1825,1,D,BB,BK,F
10:25:22,MYOR,RG,1825,2,D,PD,BK,F
10:25:21,MYOR,RG,1825,15,D,RX,BK,F
10:24:41,MYOR,RG,1825,3,D,RX,BK,F
10:24:41,MYOR,RG,1825,11,D,RX,CC,D
10:24:34,MYOR,RG,1825,4,D,RX,CC,D
10:24:34,MYOR,RG,1825,25,D,RX,YP,D
10:24:23,MYOR,RG,1825,83,F,AK,YP,D
10:24:23,MYOR,RG,1825,25,D,KZ,YP,D
10:24:23,MYOR,RG,1825,67,D,KZ,YP,D
10:24:23,MYOR,RG,1825,5,D,KZ,YP,D
10:24:23,MYOR,RG,1825,6,D,KZ,EP,D
10:24:23,MYOR,RG,1825,19,D,KZ,NI,D
10:24:23,MYOR,RG,1825,2,D,KZ,OD,F
10:24:23,MYOR,RG,1825,26,D,KZ,CC,D
10:24:23,MYOR,RG,1825,1,D,KZ,XC,D
10:24:23,MYOR,RG,1825,1,D,KZ,XC,D
10:24:23,MYOR,RG,1825,1,D,KZ,GR,D
10:24:23,MYOR,RG,1825,19,D,KZ,GR,D
10:24:23,MYOR,RG,1825,1,D,KZ,XC,D
10:24:23,MYOR,RG,1825,20,D,KZ,BK,F
10:24:23,MYOR,RG,1825,5,D,KZ,BK,F
10:24:23,MYOR,RG,1825,33,D,KZ,BK,F
10:24:23,MYOR,RG,1825,26,D,KZ,BK,F
10:24:23,MYOR,RG,1825,2,D,KZ,BK,F
10:24:23,MYOR,RG,1825,3,D,KZ,BK,F
10:24:23,MYOR,RG,1825,5,D,KZ,BK,F
10:24:23,MYOR,RG,1825,5,D,KZ,BK,F
10:24:22,MYOR,RG,1825,10,D,KZ,BK,F
10:24:22,MYOR,RG,1825,3,D,KZ,BK,F
10:24:22,MYOR,RG,1825,1,D,KZ,BK,F
10:24:22,MYOR,RG,1825,1,D,KZ,BK,F
10:24:22,MYOR,RG,1825,42,D,KZ,BK,F
10:24:22,MYOR,RG,1825,2,D,KZ,BK,F
10:24:21,MYOR,RG,1825,1,F,AK,BK,F
10:24:21,MYOR,RG,1820,4,D,KZ,YP,D
10:24:09,MYOR,RG,1820,1,D,KZ,DH,D
10:23:16,MYOR,RG,1825,21,F,AK,BK,F
10:22:44,MYOR,RG,1825,3,D,LG,BK,F
10:22:36,MYOR,RG,1825,80,D,PP,BK,F
10:20:46,MYOR,RG,1825,52,F,AK,ZP,F
10:20:32,MYOR,RG,1820,11,D,KZ,YP,D
10:20:32,MYOR,RG,1820,14,D,KZ,YP,D
10:20:32,MYOR,RG,1820,1,D,KZ,YP,D
10:20:32,MYOR,RG,1820,21,D,KZ,YP,D
10:20:32,MYOR,RG,1820,17,D,KZ,YP,D
10:20:32,MYOR,RG,1820,3,D,KZ,YP,D
10:20:32,MYOR,RG,1820,1,D,KZ,YP,D
10:20:32,MYOR,RG,1820,1,D,KZ,YP,D
10:20:32,MYOR,RG,1820,5,D,KZ,YP,D
10:20:32,MYOR,RG,1820,1,D,CC,YP,D
10:20:32,MYOR,RG,1820,22,D,BB,YP,D
10:20:32,MYOR,RG,1820,3,D,PD,YP,D
10:18:36,MYOR,RG,1820,2,D,PD,NI,D
10:18:36,MYOR,RG,1820,48,D,RX,NI,D
10:18:36,MYOR,RG,1820,45,D,RX,NI,D
10:18:08,MYOR,RG,1820,10,D,RX,XL,D
10:17:39,MYOR,RG,1820,4,D,RX,NI,D
10:16:17,MYOR,RG,1820,18,D,RX,BK,F
10:16:14,MYOR,RG,1825,50,D,RX,ZP,F
10:16:12,MYOR,RG,1825,47,D,RX,ZP,F
10:16:12,MYOR,RG,1825,10,D,RX,YP,D
10:15:36,MYOR,RG,1820,4,D,RX,BK,F
10:15:36,MYOR,RG,1820,16,F,AK,BK,F
10:15:34,MYOR,RG,1820,14,F,AK,BK,F
10:15:33,MYOR,RG,1820,3,F,AK,XC,D
10:15:33,MYOR,RG,1820,1,D,KZ,XC,D
10:15:31,MYOR,RG,1825,15,F,AK,YP,D
10:15:31,MYOR,RG,1825,1,F,AK,PD,D
10:15:31,MYOR,RG,1825,50,F,AK,AI,D
10:15:31,MYOR,RG,1825,8,F,AK,PD,D
10:13:51,MYOR,RG,1820,6,D,CC,PD,D
10:13:51,MYOR,RG,1820,2,D,KZ,PD,D
10:13:51,MYOR,RG,1820,1,D,KZ,PD,D
10:13:51,MYOR,RG,1820,11,D,BB,PD,D
10:12:50,MYOR,RG,1820,1,D,BB,LG,D
10:11:35,MYOR,RG,1820,1,D,BB,XL,D
10:11:23,MYOR,RG,1820,5,D,BB,PD,D
10:11:02,MYOR,RG,1820,10,D,BB,PD,D
10:10:09,MYOR,RG,1820,11,D,BB,BK,F
10:10:07,MYOR,RG,1825,2,D,KZ,PD,D
10:10:07,MYOR,RG,1825,3,D,KZ,PD,D
10:10:07,MYOR,RG,1825,3,D,KZ,PD,D
10:08:31,MYOR,RG,1820,1,D,BB,XC,D
10:08:09,MYOR,RG,1820,20,D,BB,XC,D
10:07:31,MYOR,RG,1820,21,D,BB,NI,D
10:07:27,MYOR,RG,1820,10,D,BB,XL,D
10:07:21,MYOR,RG,1820,15,D,BB,BK,F
10:07:21,MYOR,RG,1820,7,D,KZ,BK,F
10:07:19,MYOR,RG,1820,5,D,KZ,BK,F
10:07:19,MYOR,RG,1820,1,D,KZ,BK,F
10:07:19,MYOR,RG,1820,1,D,KZ,BK,F
10:07:19,MYOR,RG,1820,3,D,YP,BK,F
10:07:19,MYOR,RG,1820,10,D,PD,BK,F
10:07:19,MYOR,RG,1820,1,F,AK,BK,F
10:07:19,MYOR,RG,1820,12,F,AK,BK,F
10:07:17,MYOR,RG,1820,116,F,AK,AK,F
10:07:17,MYOR,RG,1820,19,D,BB,AK,F
10:07:17,MYOR,RG,1820,65,D,BB,AK,F
10:07:06,MYOR,RG,1820,4,D,BB,GR,D
10:06:32,MYOR,RG,1820,10,D,BB,XC,D
10:06:27,MYOR,RG,1820,13,D,BB,BK,F
10:06:24,MYOR,RG,1820,8,D,BB,BK,F
10:06:24,MYOR,RG,1820,8,D,NI,BK,F
10:06:22,MYOR,RG,1820,42,D,NI,YP,D
10:06:22,MYOR,RG,1820,1,D,DH,YP,D
10:06:22,MYOR,RG,1820,3,D,XC,YP,D
10:06:22,MYOR,RG,1820,5,D,CC,YP,D
10:06:22,MYOR,RG,1820,1,D,KZ,YP,D
10:06:22,MYOR,RG,1820,1,D,KZ,YP,D
10:06:22,MYOR,RG,1820,1,D,KZ,YP,D
10:06:22,MYOR,RG,1820,1,D,KZ,YP,D
10:06:22,MYOR,RG,1820,10,D,KZ,YP,D
10:06:22,MYOR,RG,1820,33,D,KZ,YP,D
10:06:22,MYOR,RG,1820,2,D,KZ,YP,D
10:06:15,MYOR,RG,1820,1,D,KZ,XC,D
10:06:03,MYOR,RG,1820,1,D,KZ,XC,D
10:05:31,MYOR,RG,1825,5,D,XL,PD,D
10:05:18,MYOR,RG,1820,7,D,KZ,BK,F
10:05:18,MYOR,RG,1820,6,D,KZ,BK,F
10:05:17,MYOR,RG,1820,1,D,KZ,YP,D
10:05:17,MYOR,RG,1820,1,D,KZ,YP,D
10:05:17,MYOR,RG,1820,8,D,KZ,YP,D
10:05:17,MYOR,RG,1820,2,D,KZ,YP,D
10:05:17,MYOR,RG,1820,1,D,KZ,YP,D
10:05:17,MYOR,RG,1820,7,D,KZ,YP,D
10:05:17,MYOR,RG,1820,73,D,RX,YP,D
10:05:17,MYOR,RG,1820,7,D,RX,YP,D
10:04:29,MYOR,RG,1820,21,D,RX,BK,F
10:04:29,MYOR,RG,1825,20,D,PD,PD,D
10:04:05,MYOR,RG,1825,9,D,RX,PD,D
10:04:05,MYOR,RG,1825,14,D,RX,KK,D
10:03:56,MYOR,RG,1820,10,D,RX,BK,F
10:03:56,MYOR,RG,1820,2,D,GR,BK,F
10:03:56,MYOR,RG,1820,2,D,PD,BK,F
10:03:52,MYOR,RG,1825,8,D,KZ,KK,D
10:03:52,MYOR,RG,1825,39,D,KZ,KK,D
10:03:52,MYOR,RG,1825,1,D,KZ,KK,D
10:03:52,MYOR,RG,1825,1,D,KZ,KK,D
10:03:52,MYOR,RG,1825,1,D,KZ,KK,D
10:03:52,MYOR,RG,1825,13,D,KZ,KK,D
10:03:52,MYOR,RG,1825,1,D,KZ,KK,D
10:03:47,MYOR,RG,1825,10,D,KZ,KK,D
10:03:47,MYOR,RG,1825,1,D,KZ,KK,D
10:03:47,MYOR,RG,1825,3,D,KZ,KK,D
10:03:42,MYOR,RG,1825,8,D,KZ,KK,D
10:03:33,MYOR,RG,1820,1,D,PD,NI,D
10:02:47,MYOR,RG,1820,1,D,DR,XC,D
10:02:37,MYOR,RG,1820,1,D,DR,BK,F
10:02:37,MYOR,RG,1820,1,D,SQ,BK,F
10:02:37,MYOR,RG,1820,11,D,YU,BK,F
10:02:36,MYOR,RG,1825,14,D,RX,KK,D
10:02:19,MYOR,RG,1825,15,D,RX,KK,D
10:01:11,MYOR,RG,1820,12,D,YU,BK,F
10:01:09,MYOR,RG,1825,80,D,PP,KK,D
10:01:06,MYOR,RG,1825,11,D,RX,KK,D
10:00:54,MYOR,RG,1825,1,D,GR,KK,D
09:59:59,MYOR,RG,1820,2,D,YU,PD,D
09:59:55,MYOR,RG,1825,3,D,YP,KK,D
09:58:46,MYOR,RG,1825,6,F,AK,KK,D
09:58:31,MYOR,RG,1820,25,D,YU,YP,D
09:56:59,MYOR,RG,1820,20,D,BB,XC,D
09:56:54,MYOR,RG,1825,10,D,YP,KK,D
09:55:01,MYOR,RG,1825,9,D,BB,KK,D
09:55:01,MYOR,RG,1825,31,D,BB,BK,F
09:54:39,MYOR,RG,1820,56,D,BB,YP,D
09:54:39,MYOR,RG,1820,5,D,CC,YP,D
09:54:39,MYOR,RG,1820,2,D,DR,YP,D
09:54:39,MYOR,RG,1820,10,D,PD,YP,D
09:54:39,MYOR,RG,1820,27,D,GR,YP,D
09:54:00,MYOR,RG,1820,20,D,GR,YP,D
09:53:47,MYOR,RG,1820,3,D,GR,NI,D
09:53:47,MYOR,RG,1820,37,D,RX,NI,D
09:53:45,MYOR,RG,1825,45,D,PP,BK,F
09:53:45,MYOR,RG,1825,35,D,PP,ZP,F
09:53:43,MYOR,RG,1820,10,D,RX,BK,F
09:53:39,MYOR,RG,1820,20,D,RX,BK,F
09:53:39,MYOR,RG,1820,1,D,RX,YP,D
09:53:39,MYOR,RG,1820,39,D,RX,YP,D
09:53:39,MYOR,RG,1820,2,D,KZ,YP,D
09:53:39,MYOR,RG,1820,14,D,KZ,YP,D
09:53:39,MYOR,RG,1820,1,D,KZ,YP,D
09:53:39,MYOR,RG,1820,2,D,KZ,YP,D
09:53:39,MYOR,RG,1820,2,D,KZ,YP,D
09:53:39,MYOR,RG,1820,9,D,KZ,YP,D
09:53:39,MYOR,RG,1820,1,D,KZ,YP,D
09:53:39,MYOR,RG,1820,1,D,KZ,YP,D
09:53:39,MYOR,RG,1820,16,D,KZ,YP,D
09:53:39,MYOR,RG,1820,47,D,KZ,YP,D
09:53:39,MYOR,RG,1820,3,D,KZ,YP,D
09:53:39,MYOR,RG,1820,12,D,KZ,YP,D
09:53:39,MYOR,RG,1820,9,D,KZ,YP,D
09:53:39,MYOR,RG,1820,2,D,KZ,YP,D
09:53:39,MYOR,RG,1820,3,D,XL,YP,D
09:53:39,MYOR,RG,1820,2,D,PD,YP,D
09:53:39,MYOR,RG,1820,6,D,XC,YP,D
09:53:39,MYOR,RG,1820,1,D,KZ,YP,D
09:53:39,MYOR,RG,1820,1,D,KZ,YP,D
09:53:39,MYOR,RG,1820,4,D,KZ,YP,D
09:53:39,MYOR,RG,1820,1,D,KZ,YP,D
09:53:39,MYOR,RG,1820,2,D,KZ,YP,D
09:53:39,MYOR,RG,1820,1,D,KZ,YP,D
09:53:39,MYOR,RG,1820,1,D,KZ,YP,D
09:53:39,MYOR,RG,1820,1,D,KZ,YP,D
09:53:39,MYOR,RG,1820,1,D,KZ,YP,D
09:53:39,MYOR,RG,1820,1,D,KZ,YP,D
09:53:39,MYOR,RG,1820,14,D,DR,YP,D
09:52:58,MYOR,RG,1820,20,D,DR,YP,D
09:52:57,MYOR,RG,1820,25,D,DR,SQ,D
09:52:57,MYOR,RG,1825,1,D,RX,ZP,F
09:52:57,MYOR,RG,1825,10,D,RX,XC,D
09:52:27,MYOR,RG,1825,3,D,RX,XC,D
09:52:27,MYOR,RG,1825,10,D,RX,SQ,D
09:51:35,MYOR,RG,1825,30,D,CC,SQ,D
09:49:38,MYOR,RG,1825,1,D,XL,SQ,D
09:49:15,MYOR,RG,1820,22,D,DR,PD,D
09:49:07,MYOR,RG,1820,7,D,DR,XL,D
09:48:29,MYOR,RG,1825,80,D,PP,SQ,D
09:47:40,MYOR,RG,1820,112,D,DR,EP,D
09:47:40,MYOR,RG,1820,88,D,BB,EP,D
09:47:06,MYOR,RG,1820,5,D,BB,YP,D
09:46:16,MYOR,RG,1825,20,D,PD,SQ,D
09:46:10,MYOR,RG,1825,20,D,PD,SQ,D
09:45:27,MYOR,RG,1825,1,D,KZ,SQ,D
09:45:27,MYOR,RG,1825,1,D,KZ,SQ,D
09:45:27,MYOR,RG,1825,1,D,KZ,SQ,D
09:45:18,MYOR,RG,1825,2,D,KK,SQ,D
09:45:01,MYOR,RG,1825,1,D,XL,SQ,D
09:44:58,MYOR,RG,1825,2,D,KK,SQ,D
09:44:32,MYOR,RG,1820,11,D,BB,XC,D
09:44:01,MYOR,RG,1825,4,D,KK,SQ,D
09:43:42,MYOR,RG,1825,5,D,XC,SQ,D
09:43:15,MYOR,RG,1825,40,D,DR,SQ,D
09:41:40,MYOR,RG,1825,2,D,PD,SQ,D
09:40:59,MYOR,RG,1825,48,D,RX,SQ,D
09:40:59,MYOR,RG,1825,82,D,RX,SQ,D
09:40:59,MYOR,RG,1825,3,D,YP,SQ,D
09:40:59,MYOR,RG,1825,8,D,KZ,SQ,D
09:40:59,MYOR,RG,1825,1,D,KZ,SQ,D
09:40:59,MYOR,RG,1825,51,D,KZ,SQ,D
09:40:59,MYOR,RG,1825,2,D,KZ,SQ,D
09:40:59,MYOR,RG,1825,1,D,KZ,SQ,D
09:40:59,MYOR,RG,1825,7,D,KZ,SQ,D
09:40:59,MYOR,RG,1825,2,D,KZ,SQ,D
09:40:59,MYOR,RG,1825,11,D,KZ,SQ,D
09:40:59,MYOR,RG,1825,7,D,KZ,SQ,D
09:40:59,MYOR,RG,1825,1,D,KZ,SQ,D
09:40:59,MYOR,RG,1825,1,D,KZ,SQ,D
09:40:59,MYOR,RG,1825,1,D,KZ,SQ,D
09:40:59,MYOR,RG,1825,2,D,KZ,SQ,D
09:40:59,MYOR,RG,1825,1,D,KZ,SQ,D
09:40:59,MYOR,RG,1825,2,D,KZ,SQ,D
09:40:59,MYOR,RG,1825,49,D,BB,SQ,D
09:40:30,MYOR,RG,1825,80,D,DR,YP,D
09:40:21,MYOR,RG,1830,6,D,XC,XL,D
09:40:13,MYOR,RG,1830,1,D,YB,XL,D
09:40:01,MYOR,RG,1825,20,D,DR,SQ,D
09:40:01,MYOR,RG,1825,12,D,DR,SQ,D
09:40:01,MYOR,RG,1825,77,D,DR,SQ,D
09:40:01,MYOR,RG,1825,200,D,DR,DH,D
09:40:01,MYOR,RG,1825,5,D,DR,EP,D
09:40:01,MYOR,RG,1825,3,D,DR,LG,D
09:40:01,MYOR,RG,1825,2,D,DR,OD,F
09:40:01,MYOR,RG,1825,33,D,DR,YP,D
09:39:31,MYOR,RG,1820,1,D,DR,IP,D
09:39:18,MYOR,RG,1820,1,D,DR,XC,D
09:38:42,MYOR,RG,1820,50,D,DR,CC,D
09:38:32,MYOR,RG,1820,41,D,DR,ZP,F
09:38:32,MYOR,RG,1820,14,D,KZ,ZP,F
09:38:28,MYOR,RG,1820,1,D,KZ,ZP,F
09:38:28,MYOR,RG,1820,1,D,KZ,ZP,F
09:38:28,MYOR,RG,1820,2,D,KZ,ZP,F
09:38:28,MYOR,RG,1820,9,D,KZ,CC,D
09:38:28,MYOR,RG,1820,2,D,KZ,CC,D
09:38:28,MYOR,RG,1820,1,D,KZ,CC,D
09:38:27,MYOR,RG,1820,1,D,KZ,CC,D
09:38:27,MYOR,RG,1820,17,D,KZ,CC,D
09:38:27,MYOR,RG,1820,35,D,KZ,SQ,D
09:38:27,MYOR,RG,1820,42,D,KZ,SQ,D
09:38:27,MYOR,RG,1820,2,D,KZ,SQ,D
09:38:27,MYOR,RG,1820,10,D,KZ,SQ,D
09:38:27,MYOR,RG,1820,4,D,KZ,SQ,D
09:38:26,MYOR,RG,1820,41,D,KZ,SQ,D
09:38:26,MYOR,RG,1820,7,D,KZ,SQ,D
09:38:26,MYOR,RG,1820,203,D,KZ,SQ,D
09:38:26,MYOR,RG,1820,68,D,KZ,SQ,D
09:38:26,MYOR,RG,1820,3,D,KZ,SQ,D
09:38:26,MYOR,RG,1820,9,D,KZ,SQ,D
09:38:26,MYOR,RG,1820,1,D,KZ,SQ,D
09:38:26,MYOR,RG,1820,64,D,KZ,SQ,D
09:38:26,MYOR,RG,1820,8,D,KZ,SQ,D
09:38:26,MYOR,RG,1820,3,D,KZ,SQ,D
09:38:26,MYOR,RG,1820,5,D,KZ,ZP,F
09:38:26,MYOR,RG,1820,15,D,KZ,ZP,F
09:38:26,MYOR,RG,1820,3,D,KZ,ZP,F
09:38:26,MYOR,RG,1820,3,D,KZ,PD,D
09:38:26,MYOR,RG,1820,2,D,KZ,PD,D
09:38:26,MYOR,RG,1820,3,D,KZ,PD,D
09:38:19,MYOR,RG,1815,2,D,DR,XL,D
09:38:10,MYOR,RG,1820,10,D,PD,PD,D
09:37:59,MYOR,RG,1815,157,D,DR,SQ,D
09:37:54,MYOR,RG,1815,1,D,KZ,SQ,D
09:37:54,MYOR,RG,1815,9,D,KZ,SQ,D
09:37:54,MYOR,RG,1815,5,D,KZ,SQ,D
09:37:54,MYOR,RG,1815,2,D,KZ,SQ,D
09:37:54,MYOR,RG,1815,3,D,KZ,SQ,D
09:37:54,MYOR,RG,1815,5,D,KZ,SQ,D
09:37:54,MYOR,RG,1815,1,D,KZ,SQ,D
09:37:54,MYOR,RG,1815,10,D,YP,SQ,D
09:37:54,MYOR,RG,1815,1,D,KZ,SQ,D
09:37:54,MYOR,RG,1815,4,D,KZ,SQ,D
09:37:54,MYOR,RG,1815,3,D,KZ,SQ,D
09:37:54,MYOR,RG,1815,34,D,KZ,SQ,D
09:37:54,MYOR,RG,1815,27,D,RX,SQ,D
09:37:54,MYOR,RG,1815,15,D,RX,SQ,D
09:37:54,MYOR,RG,1815,9,D,KZ,SQ,D
09:37:54,MYOR,RG,1815,6,D,KZ,SQ,D
09:37:54,MYOR,RG,1815,3,D,KZ,SQ,D
09:37:54,MYOR,RG,1815,1,D,KZ,SQ,D
09:37:54,MYOR,RG,1815,1,D,KZ,SQ,D
09:37:54,MYOR,RG,1815,1,D,KZ,SQ,D
09:37:54,MYOR,RG,1815,8,D,KZ,SQ,D
09:37:54,MYOR,RG,1815,2,D,XC,SQ,D
09:37:54,MYOR,RG,1815,3,D,KZ,SQ,D
09:37:54,MYOR,RG,1815,1,D,KZ,SQ,D
09:37:54,MYOR,RG,1815,10,D,KZ,SQ,D
09:37:54,MYOR,RG,1815,4,D,KZ,SQ,D
09:37:54,MYOR,RG,1815,1,D,KZ,SQ,D
09:37:54,MYOR,RG,1815,4,D,KZ,SQ,D
09:37:54,MYOR,RG,1815,1,D,KZ,SQ,D
09:37:54,MYOR,RG,1815,3,D,KZ,SQ,D
09:37:54,MYOR,RG,1815,1,D,KZ,SQ,D
09:37:54,MYOR,RG,1815,3,D,KZ,SQ,D
09:37:54,MYOR,RG,1815,1,D,KZ,SQ,D
09:37:54,MYOR,RG,1815,1,D,KZ,SQ,D
09:37:54,MYOR,RG,1815,1,D,KZ,SQ,D
09:37:54,MYOR,RG,1815,1,D,KZ,SQ,D
09:37:54,MYOR,RG,1815,2,D,KZ,SQ,D
09:37:54,MYOR,RG,1815,4,D,KZ,SQ,D
09:37:54,MYOR,RG,1815,1,D,KZ,SQ,D
09:37:54,MYOR,RG,1815,3,D,KZ,SQ,D
09:37:54,MYOR,RG,1815,1,D,KZ,SQ,D
09:37:54,MYOR,RG,1815,1,D,KZ,SQ,D
09:37:54,MYOR,RG,1815,13,D,KZ,SQ,D
09:37:54,MYOR,RG,1815,1,D,KZ,SQ,D
09:37:54,MYOR,RG,1815,2,D,KZ,SQ,D
09:37:54,MYOR,RG,1815,4,D,KZ,SQ,D
09:37:54,MYOR,RG,1815,1,D,KZ,SQ,D
09:37:54,MYOR,RG,1815,1,D,KZ,SQ,D
09:37:54,MYOR,RG,1815,3,D,KZ,SQ,D
09:37:54,MYOR,RG,1815,1,D,KZ,SQ,D
09:37:54,MYOR,RG,1815,2,D,KZ,SQ,D
09:37:54,MYOR,RG,1815,1,D,KZ,SQ,D
09:37:54,MYOR,RG,1815,1,D,KZ,SQ,D
09:37:54,MYOR,RG,1815,1,D,KZ,SQ,D
09:37:54,MYOR,RG,1815,1,D,KZ,SQ,D
09:37:54,MYOR,RG,1815,1,D,KZ,SQ,D
09:37:54,MYOR,RG,1815,1,D,KZ,SQ,D
09:37:54,MYOR,RG,1815,1,D,KZ,SQ,D
09:37:54,MYOR,RG,1815,2,D,KZ,SQ,D
09:37:54,MYOR,RG,1815,5,D,KZ,SQ,D
09:37:54,MYOR,RG,1815,1,D,KZ,SQ,D
09:37:53,MYOR,RG,1820,1,D,YB,PD,D
09:37:44,MYOR,RG,1815,2,D,DR,XC,D
09:36:59,MYOR,RG,1815,3,D,DR,XC,D
09:36:59,MYOR,RG,1815,2,D,DR,YP,D
09:36:59,MYOR,RG,1815,100,D,DR,XC,D
09:36:59,MYOR,RG,1815,150,D,DR,KK,D
09:36:59,MYOR,RG,1815,16,D,DR,EP,D
09:36:51,MYOR,RG,1810,4,D,YP,CC,D
09:36:50,MYOR,RG,1810,20,D,YP,PD,D
09:36:10,MYOR,RG,1810,20,D,YP,YP,D
09:36:00,MYOR,RG,1815,2,D,PD,EP,D
09:35:41,MYOR,RG,1815,2,D,PD,EP,D
09:35:30,MYOR,RG,1810,23,D,YP,YB,D
09:35:30,MYOR,RG,1810,2,D,YP,YB,D
09:35:28,MYOR,RG,1810,5,D,PD,YB,D
09:35:28,MYOR,RG,1810,2,D,PD,YB,D
09:35:28,MYOR,RG,1810,1,D,XC,YB,D
09:35:28,MYOR,RG,1810,10,D,KK,YB,D
09:35:28,MYOR,RG,1810,1,D,ZP,YB,D
09:35:28,MYOR,RG,1810,6,D,EP,YB,D
09:35:00,MYOR,RG,1815,1,D,KZ,EP,D
09:35:00,MYOR,RG,1815,5,D,KZ,EP,D
09:35:00,MYOR,RG,1815,1,D,KZ,EP,D
09:35:00,MYOR,RG,1815,2,D,KZ,EP,D
09:35:00,MYOR,RG,1815,1,D,KZ,EP,D
09:35:00,MYOR,RG,1815,2,D,KZ,EP,D
09:35:00,MYOR,RG,1815,5,D,YP,EP,D
09:35:00,MYOR,RG,1815,1,D,YB,EP,D
09:35:00,MYOR,RG,1815,4,D,KZ,EP,D
09:35:00,MYOR,RG,1815,1,D,KZ,EP,D
09:35:00,MYOR,RG,1815,11,D,KZ,EP,D
09:35:00,MYOR,RG,1815,1,D,KZ,EP,D
09:35:00,MYOR,RG,1815,5,D,KZ,EP,D
09:34:41,MYOR,RG,1815,1,D,KZ,EP,D
09:34:41,MYOR,RG,1815,4,D,KZ,EP,D
09:34:41,MYOR,RG,1815,4,D,KZ,EP,D
09:34:41,MYOR,RG,1815,1,D,KZ,EP,D
09:34:41,MYOR,RG,1815,1,D,KZ,EP,D
09:34:41,MYOR,RG,1815,1,D,KZ,EP,D
09:34:41,MYOR,RG,1815,2,D,KZ,EP,D
09:34:41,MYOR,RG,1815,5,D,KZ,EP,D
09:34:41,MYOR,RG,1815,1,D,PD,EP,D
09:34:14,MYOR,RG,1815,34,F,AK,CC,D
09:34:14,MYOR,RG,1815,1,D,NI,CC,D
09:34:11,MYOR,RG,1815,14,D,KZ,CC,D
09:34:11,MYOR,RG,1815,11,D,KZ,CC,D
09:34:11,MYOR,RG,1815,1,D,KZ,CC,D
09:34:11,MYOR,RG,1815,2,D,KZ,CC,D
09:34:11,MYOR,RG,1815,11,D,KZ,CC,D
09:34:11,MYOR,RG,1815,2,D,KZ,CC,D
09:34:11,MYOR,RG,1815,24,D,KZ,CC,D
09:34:06,MYOR,RG,1815,31,D,KZ,AZ,D
09:34:06,MYOR,RG,1815,18,D,KZ,AZ,D
09:34:06,MYOR,RG,1815,2,D,KZ,AZ,D
09:34:06,MYOR,RG,1815,17,D,KZ,AZ,D
09:34:06,MYOR,RG,1815,2,D,KZ,AZ,D
09:34:06,MYOR,RG,1815,2,D,KZ,AZ,D
09:34:06,MYOR,RG,1815,2,D,KZ,AZ,D
09:34:06,MYOR,RG,1815,4,D,KZ,AZ,D
09:34:06,MYOR,RG,1815,1,D,KZ,AZ,D
09:34:06,MYOR,RG,1815,1,D,KZ,AZ,D
09:34:06,MYOR,RG,1815,1,D,KZ,AZ,D
09:34:06,MYOR,RG,1815,1,D,KZ,AZ,D
09:34:06,MYOR,RG,1815,1,D,KZ,AZ,D
09:34:06,MYOR,RG,1815,1,D,KZ,AZ,D
09:34:06,MYOR,RG,1815,1,D,KZ,AZ,D
09:34:06,MYOR,RG,1815,4,D,KZ,AZ,D
09:34:06,MYOR,RG,1815,1,D,KZ,AZ,D
09:34:06,MYOR,RG,1815,1,D,KZ,AZ,D
09:34:06,MYOR,RG,1815,1,D,KZ,AZ,D
09:34:06,MYOR,RG,1815,5,F,YP,AZ,D
09:34:06,MYOR,RG,1815,3,D,XC,AZ,D
09:34:04,MYOR,RG,1820,5,D,NI,PD,D
09:34:01,MYOR,RG,1820,1,D,XL,PD,D
09:31:48,MYOR,RG,1820,2,D,PD,PD,D
09:31:35,MYOR,RG,1820,2,D,PD,PD,D
09:31:29,MYOR,RG,1820,2,D,PD,PD,D
09:31:04,MYOR,RG,1820,1,D,KK,PD,D
09:31:04,MYOR,RG,1820,4,D,KZ,PD,D
09:31:04,MYOR,RG,1820,1,D,KZ,PD,D
09:31:04,MYOR,RG,1820,1,D,KZ,PD,D
09:31:04,MYOR,RG,1820,1,D,KZ,PD,D
09:31:04,MYOR,RG,1820,3,D,PD,PD,D
09:31:04,MYOR,RG,1820,5,F,YP,PD,D
09:31:04,MYOR,RG,1820,4,D,EP,PD,D
09:31:04,MYOR,RG,1820,1,D,XL,PD,D
09:30:22,MYOR,RG,1820,1,D,KK,NI,D
09:30:20,MYOR,RG,1820,1,D,KK,XL,D
09:30:20,MYOR,RG,1820,3,D,YP,XL,D
09:30:20,MYOR,RG,1820,10,F,CC,XL,D
09:30:15,MYOR,RG,1820,4,F,CC,CC,D
09:30:04,MYOR,RG,1820,1,F,CC,XL,D
09:29:15,MYOR,RG,1820,3,F,CC,LG,D
09:29:15,MYOR,RG,1825,2,D,CC,YP,D
09:29:13,MYOR,RG,1825,11,D,XC,YP,D
09:28:45,MYOR,RG,1825,2,D,YP,YP,D
09:28:44,MYOR,RG,1825,3,D,YP,YP,D
09:28:44,MYOR,RG,1820,10,F,CC,CC,D
09:28:44,MYOR,RG,1820,20,F,CC,PD,D
09:28:35,MYOR,RG,1825,129,D,BQ,YP,D
09:28:35,MYOR,RG,1825,67,D,BQ,XC,D
09:28:35,MYOR,RG,1825,20,D,BQ,XL,D
09:28:35,MYOR,RG,1825,1,D,BQ,PD,D
09:28:35,MYOR,RG,1825,36,D,BQ,NI,D
09:28:35,MYOR,RG,1825,3,D,BQ,XL,D
09:28:35,MYOR,RG,1825,5,D,BQ,YP,D
09:28:35,MYOR,RG,1825,10,D,BQ,BK,F
09:28:35,MYOR,RG,1825,173,D,BQ,PD,D
09:28:33,MYOR,RG,1820,3,F,CC,XC,D
09:28:29,MYOR,RG,1820,11,F,CC,XL,D
09:28:19,MYOR,RG,1820,48,F,CC,AK,F
09:28:19,MYOR,RG,1820,3,D,AZ,AK,F
09:28:19,MYOR,RG,1820,5,D,CC,AK,F
09:28:19,MYOR,RG,1820,144,D,BB,AK,F
09:28:18,MYOR,RG,1820,114,D,BB,KK,D
09:28:18,MYOR,RG,1820,86,D,TP,KK,D
09:28:12,MYOR,RG,1825,20,D,CC,PD,D
09:28:04,MYOR,RG,1825,1,D,YB,PD,D
09:28:04,MYOR,RG,1820,14,D,TP,YP,D
09:28:04,MYOR,RG,1820,1,D,EP,YP,D
09:28:04,MYOR,RG,1820,35,D,NI,YP,D
09:27:58,MYOR,RG,1825,6,D,XL,PD,D
09:26:46,MYOR,RG,1820,1,D,NI,XC,D
09:26:40,MYOR,RG,1820,60,D,NI,KK,D
09:26:26,MYOR,RG,1820,4,D,NI,CC,D
09:26:26,MYOR,RG,1820,6,D,ZP,CC,D
09:26:11,MYOR,RG,1820,4,D,ZP,CC,D
09:26:11,MYOR,RG,1820,1,D,DH,CC,D
09:26:11,MYOR,RG,1820,15,D,YP,CC,D
09:26:00,MYOR,RG,1825,67,D,KK,AK,F
09:26:00,MYOR,RG,1825,148,D,KK,BK,F
09:26:00,MYOR,RG,1825,5,D,KK,XL,D
09:25:59,MYOR,RG,1820,2,D,YP,CC,D
09:25:59,MYOR,RG,1820,2,D,XL,CC,D
09:25:59,MYOR,RG,1820,45,D,KK,CC,D
09:25:59,MYOR,RG,1820,2,D,YP,CC,D
09:25:59,MYOR,RG,1820,75,D,CC,CC,D
09:25:59,MYOR,RG,1820,1,D,XC,CC,D
09:25:59,MYOR,RG,1820,2,D,PD,CC,D
09:25:59,MYOR,RG,1820,20,D,XC,CC,D
09:25:59,MYOR,RG,1820,1,D,XC,CC,D
09:25:59,MYOR,RG,1820,10,D,EP,CC,D
09:25:59,MYOR,RG,1820,14,D,CD,CC,D
09:25:59,MYOR,RG,1820,1,D,XC,CC,D
09:25:59,MYOR,RG,1820,65,D,GR,CC,D
09:25:57,MYOR,RG,1820,21,D,GR,BK,F
09:25:55,MYOR,RG,1820,27,D,GR,XC,D
09:25:54,MYOR,RG,1820,14,D,GR,EP,D
09:25:54,MYOR,RG,1820,10,D,GR,XC,D
09:25:51,MYOR,RG,1820,12,D,GR,XL,D
09:25:48,MYOR,RG,1820,25,D,GR,YB,D
09:25:35,MYOR,RG,1820,11,D,GR,YP,D
09:25:32,MYOR,RG,1820,2,D,GR,AT,D
09:25:32,MYOR,RG,1820,14,D,GR,BK,F
09:25:30,MYOR,RG,1825,2,F,CC,BK,F
09:25:30,MYOR,RG,1825,6,D,BB,BK,F
09:25:28,MYOR,RG,1825,10,D,BB,YP,D
09:25:24,MYOR,RG,1825,47,D,BB,BK,F
09:25:19,MYOR,RG,1825,42,D,BB,BK,F
09:25:19,MYOR,RG,1825,60,D,PD,BK,F
09:25:19,MYOR,RG,1825,1,D,EP,BK,F
09:25:19,MYOR,RG,1825,1,D,XL,BK,F
09:25:19,MYOR,RG,1825,100,D,NI,BK,F
09:25:19,MYOR,RG,1825,5,D,PD,BK,F
09:25:19,MYOR,RG,1825,1,D,YP,BK,F
09:25:19,MYOR,RG,1825,1,D,YP,BK,F
09:25:19,MYOR,RG,1825,25,D,BQ,BK,F
09:25:19,MYOR,RG,1825,50,D,YB,BK,F
09:25:19,MYOR,RG,1825,1,D,XL,BK,F
09:25:13,MYOR,RG,1830,1,D,YP,BK,F
09:25:13,MYOR,RG,1830,1,F,YP,BK,F
09:25:13,MYOR,RG,1830,26,F,YP,AK,F
09:25:13,MYOR,RG,1830,5,D,DR,AK,F
09:25:13,MYOR,RG,1830,10,D,PD,AK,F
09:25:13,MYOR,RG,1830,109,D,RX,AK,F
09:25:13,MYOR,RG,1830,50,D,RX,AK,F
09:25:12,MYOR,RG,1830,7,D,RX,AK,F
09:25:12,MYOR,RG,1830,57,D,YP,AK,F
09:25:12,MYOR,RG,1830,2,D,NI,AK,F
09:25:12,MYOR,RG,1830,30,D,GR,AK,F
09:25:12,MYOR,RG,1830,1,D,XL,AK,F
09:25:12,MYOR,RG,1830,3,D,PD,AK,F
09:25:12,MYOR,RG,1830,1,D,CC,AK,F
09:25:12,MYOR,RG,1830,3,D,PD,AK,F
09:25:12,MYOR,RG,1830,73,D,BB,AK,F
09:25:12,MYOR,RG,1830,23,D,BB,AK,F
09:25:12,MYOR,RG,1830,432,D,BB,CC,D
09:25:12,MYOR,RG,1830,6,D,XC,CC,D
09:25:12,MYOR,RG,1830,250,D,YP,CC,D
09:25:12,MYOR,RG,1830,54,F,YP,CC,D
09:25:12,MYOR,RG,1830,34,D,NI,CC,D
09:25:12,MYOR,RG,1830,5,D,YP,CC,D
09:25:12,MYOR,RG,1830,2,D,YP,CC,D
09:25:12,MYOR,RG,1830,4,D,XC,CC,D
09:25:12,MYOR,RG,1830,1,D,XL,CC,D
09:25:12,MYOR,RG,1830,45,D,XC,CC,D
09:25:12,MYOR,RG,1830,1,D,EP,CC,D
09:25:12,MYOR,RG,1830,10,D,YP,CC,D
09:25:12,MYOR,RG,1830,50,D,YU,CC,D
09:25:12,MYOR,RG,1830,2,D,SQ,CC,D
09:25:12,MYOR,RG,1830,20,D,DR,CC,D
09:25:12,MYOR,RG,1830,1,D,DH,CC,D
09:25:12,MYOR,RG,1830,583,D,YP,CC,D
09:25:01,MYOR,RG,1835,15,D,AZ,PD,D
09:24:44,MYOR,RG,1830,1,D,YP,PD,D
09:24:37,MYOR,RG,1835,97,D,CC,PD,D
09:24:37,MYOR,RG,1835,1,D,CC,XC,D
09:24:37,MYOR,RG,1835,2,D,CC,XC,D
09:23:29,MYOR,RG,1835,1,D,XL,XC,D
09:22:20,MYOR,RG,1835,2,D,XC,XC,D
09:22:12,MYOR,RG,1835,1,D,XC,XC,D
09:22:12,MYOR,RG,1835,1,D,XC,PD,D
09:22:12,MYOR,RG,1835,5,D,XC,PD,D
09:22:12,MYOR,RG,1835,1,D,XC,PD,D
09:22:12,MYOR,RG,1835,1,D,XC,XC,D
09:22:12,MYOR,RG,1835,14,D,XC,XC,D
09:22:02,MYOR,RG,1835,6,D,PD,XC,D
09:21:35,MYOR,RG,1835,2,D,PD,BK,F
09:21:28,MYOR,RG,1835,1,D,PD,BK,F
09:21:24,MYOR,RG,1830,25,D,YP,NI,D
09:21:02,MYOR,RG,1835,1,D,KK,BK,F
09:21:02,MYOR,RG,1835,1,D,KK,YP,D
09:20:53,MYOR,RG,1830,1,D,YP,NI,D
09:20:32,MYOR,RG,1830,3,D,YP,SS,D
09:19:45,MYOR,RG,1830,400,D,YP,YP,D
09:19:39,MYOR,RG,1835,25,D,EP,YP,D
09:19:36,MYOR,RG,1830,15,D,YP,CC,D
09:19:13,MYOR,RG,1830,6,D,YP,XC,D
09:18:43,MYOR,RG,1830,6,D,YP,XL,D
09:18:17,MYOR,RG,1835,1,D,OD,YP,D
09:18:07,MYOR,RG,1835,1,D,PD,YP,D
09:18:02,MYOR,RG,1835,2,D,XC,YP,D
09:17:42,MYOR,RG,1835,20,D,XC,YP,D
09:17:42,MYOR,RG,1835,1,D,XC,NI,D
09:17:42,MYOR,RG,1835,5,D,XC,YP,D
09:17:42,MYOR,RG,1835,1,D,XC,CC,D
09:17:36,MYOR,RG,1835,1,D,XC,CC,D
09:17:31,MYOR,RG,1835,1,D,PD,CC,D
09:17:31,MYOR,RG,1835,1,D,PD,BK,F
09:17:28,MYOR,RG,1835,15,D,EP,BK,F
09:17:28,MYOR,RG,1835,10,D,CC,BK,F
09:17:27,MYOR,RG,1830,125,D,YP,GR,D
09:17:24,MYOR,RG,1835,53,D,XC,BK,F
09:17:17,MYOR,RG,1835,1,D,XL,BK,F
09:17:17,MYOR,RG,1835,4,D,XL,KK,D
09:17:08,MYOR,RG,1835,100,D,CC,KK,D
09:16:56,MYOR,RG,1835,9,D,XC,KK,D
09:16:45,MYOR,RG,1830,50,D,YP,DH,D
09:16:34,MYOR,RG,1835,7,D,YP,KK,D
09:16:31,MYOR,RG,1835,5,D,KK,KK,D
09:16:21,MYOR,RG,1835,10,D,YB,KK,D
09:16:14,MYOR,RG,1835,10,D,HP,KK,D
09:16:06,MYOR,RG,1830,6,D,YP,PD,D
09:16:03,MYOR,RG,1835,2,D,KK,KK,D
09:15:52,MYOR,RG,1835,1,D,YP,KK,D
09:15:01,MYOR,RG,1830,1,D,YP,AK,F
09:15:00,MYOR,RG,1830,1,D,YP,AK,F
09:15:00,MYOR,RG,1830,3,D,YP,AK,F
09:15:00,MYOR,RG,1830,5,D,YP,AK,F
09:15:00,MYOR,RG,1830,10,D,YP,AK,F
09:15:00,MYOR,RG,1835,10,D,EP,KK,D
09:15:00,MYOR,RG,1830,20,D,YP,AK,F
09:14:54,MYOR,RG,1835,2,D,XC,KK,D
09:14:54,MYOR,RG,1830,10,D,YP,CC,D
09:14:46,MYOR,RG,1830,1,D,YP,AK,F
09:14:45,MYOR,RG,1830,1,D,YP,AK,F
09:14:45,MYOR,RG,1830,3,D,YP,AK,F
09:14:45,MYOR,RG,1830,6,D,YP,AK,F
09:14:43,MYOR,RG,1830,10,D,YP,BK,F
09:14:40,MYOR,RG,1830,26,D,YP,BK,F
09:14:39,MYOR,RG,1830,2,D,YP,NI,D
09:14:39,MYOR,RG,1830,200,D,YP,AK,F
09:14:39,MYOR,RG,1830,200,D,YP,AK,F
09:14:38,MYOR,RG,1830,200,D,YP,AK,F
09:14:38,MYOR,RG,1830,200,D,YP,AK,F
09:14:35,MYOR,RG,1830,11,D,YP,AK,F
09:14:35,MYOR,RG,1830,200,D,YP,AK,F
09:14:35,MYOR,RG,1830,7,D,YP,YP,D
09:14:17,MYOR,RG,1830,1,D,YP,NI,D
09:14:16,MYOR,RG,1835,30,D,NI,KK,D
09:14:04,MYOR,RG,1830,20,D,YP,PD,D
09:14:03,MYOR,RG,1835,20,D,YP,KK,D
09:14:03,MYOR,RG,1835,10,D,OD,KK,D
09:14:03,MYOR,RG,1835,1,D,EP,KK,D
09:14:03,MYOR,RG,1835,11,D,YP,KK,D
09:14:03,MYOR,RG,1835,120,D,NI,KK,D
09:14:03,MYOR,RG,1835,20,D,DH,KK,D
09:14:03,MYOR,RG,1835,95,D,RX,KK,D
09:14:03,MYOR,RG,1835,133,D,RX,KK,D
09:14:00,MYOR,RG,1835,1,D,RX,XC,D
09:13:50,MYOR,RG,1835,20,D,RX,PD,D
09:13:48,MYOR,RG,1840,13,D,RX,SQ,D
09:13:45,MYOR,RG,1835,10,D,RX,XC,D
09:13:45,MYOR,RG,1835,16,D,PP,XC,D
09:13:45,MYOR,RG,1840,5,D,XC,SQ,D
09:13:31,MYOR,RG,1840,1,D,XC,SQ,D
09:13:23,MYOR,RG,1835,1,D,PP,XL,D
09:13:12,MYOR,RG,1840,13,D,RX,SQ,D
09:13:06,MYOR,RG,1835,15,D,PP,XC,D
09:12:58,MYOR,RG,1835,5,D,PP,LG,D
09:12:57,MYOR,RG,1835,16,D,PP,XC,D
09:12:43,MYOR,RG,1835,8,D,PP,PD,D
09:12:25,MYOR,RG,1835,1,D,PP,XL,D
09:12:20,MYOR,RG,1835,7,D,PP,XC,D
09:12:14,MYOR,RG,1835,1,D,PP,XC,D
09:11:42,MYOR,RG,1835,10,D,PP,KK,D
09:11:25,MYOR,RG,1835,5,D,XL,YP,D
09:11:16,MYOR,RG,1830,15,D,YP,BK,F
09:11:10,MYOR,RG,1830,48,D,YP,BK,F
09:11:10,MYOR,RG,1835,100,D,PD,BK,F
09:11:10,MYOR,RG,1835,200,D,PD,BK,F
09:10:58,MYOR,RG,1830,10,D,YP,OD,D
09:10:53,MYOR,RG,1830,8,D,YP,XC,D
09:10:41,MYOR,RG,1830,5,D,YP,YP,D
09:10:31,MYOR,RG,1830,5,D,YP,CC,D
09:10:05,MYOR,RG,1830,6,D,YP,DR,D
09:10:05,MYOR,RG,1830,12,D,YP,BK,F
09:10:01,MYOR,RG,1835,2,F,CC,BK,F
09:09:58,MYOR,RG,1835,3,D,NI,BK,F
09:09:54,MYOR,RG,1835,50,D,NI,XC,D
09:09:45,MYOR,RG,1835,22,D,NI,AK,F
09:09:41,MYOR,RG,1835,2,D,NI,XC,D
09:09:41,MYOR,RG,1835,15,D,NI,KK,D
09:09:38,MYOR,RG,1835,8,D,NI,BK,F
09:09:38,MYOR,RG,1835,4,D,XL,BK,F
09:09:37,MYOR,RG,1835,1,D,XL,CC,D
09:09:37,MYOR,RG,1835,11,D,YP,CC,D
09:09:37,MYOR,RG,1835,13,D,LG,CC,D
09:09:20,MYOR,RG,1835,19,D,LG,XL,D
09:09:11,MYOR,RG,1835,18,D,LG,OD,D
09:09:11,MYOR,RG,1835,2,D,PD,OD,D
09:09:00,MYOR,RG,1835,3,D,PD,BK,F
09:09:00,MYOR,RG,1835,7,D,BQ,BK,F
09:08:55,MYOR,RG,1840,11,D,BQ,SQ,D
09:08:55,MYOR,RG,1840,64,D,BQ,EP,D
09:08:49,MYOR,RG,1840,79,D,BQ,EP,D
09:08:43,MYOR,RG,1840,79,D,BQ,EP,D
09:08:37,MYOR,RG,1840,2,D,XL,EP,D
09:08:35,MYOR,RG,1835,40,D,BQ,OD,D
09:08:04,MYOR,RG,1835,32,D,BQ,NI,D
09:08:04,MYOR,RG,1835,10,D,XL,NI,D
09:08:04,MYOR,RG,1835,1,D,YP,NI,D
09:08:04,MYOR,RG,1835,4,D,CC,NI,D
09:08:04,MYOR,RG,1835,13,D,YU,NI,D
09:07:38,MYOR,RG,1840,60,D,YB,EP,D
09:07:37,MYOR,RG,1840,10,D,SQ,EP,D
09:07:35,MYOR,RG,1835,11,D,YU,AK,F
09:07:35,MYOR,RG,1835,50,D,YU,XL,D
09:07:30,MYOR,RG,1835,4,D,YU,XL,D
09:06:53,MYOR,RG,1835,1,D,YU,NI,D
09:06:52,MYOR,RG,1835,7,D,YU,YP,D
09:06:34,MYOR,RG,1835,5,D,YU,EP,D
09:06:14,MYOR,RG,1840,2,D,XC,EP,D
09:06:01,MYOR,RG,1840,80,D,EP,EP,D
09:05:54,MYOR,RG,1840,1,D,XL,EP,D
09:05:51,MYOR,RG,1835,1,D,YU,KK,D
09:05:42,MYOR,RG,1835,1,D,YU,YP,D
09:05:32,MYOR,RG,1835,2,D,YU,EP,D
09:05:22,MYOR,RG,1835,5,D,YU,DR,D
09:04:41,MYOR,RG,1835,1,D,YB,BK,F
09:04:41,MYOR,RG,1835,119,D,YB,BK,F
09:04:40,MYOR,RG,1835,7,D,XC,BK,F
09:04:27,MYOR,RG,1835,14,D,YB,BK,F
09:04:27,MYOR,RG,1835,10,D,YB,DR,D
09:04:27,MYOR,RG,1835,1,D,YB,NI,D
09:04:17,MYOR,RG,1835,25,D,YB,BK,F
09:04:14,MYOR,RG,1835,7,D,YB,BK,F
09:04:14,MYOR,RG,1835,18,D,YB,YP,D
09:04:13,MYOR,RG,1835,10,D,BQ,YP,D
09:04:04,MYOR,RG,1835,10,D,XL,YP,D
09:04:04,MYOR,RG,1835,162,D,YP,YP,D
09:03:58,MYOR,RG,1840,123,D,PD,EP,D
09:03:58,MYOR,RG,1840,42,D,PD,HP,D
09:03:58,MYOR,RG,1840,8,D,YP,HP,D
09:03:58,MYOR,RG,1840,1,D,YP,XL,D
09:03:58,MYOR,RG,1840,1,D,YP,YP,D
09:03:22,MYOR,RG,1835,1,D,YP,XC,D
09:03:18,MYOR,RG,1835,6,D,YP,DR,D
09:02:53,MYOR,RG,1835,1,D,YP,AK,F
09:02:53,MYOR,RG,1835,20,D,YP,AK,F
09:02:53,MYOR,RG,1835,48,D,YP,BK,F
09:02:53,MYOR,RG,1835,10,D,YP,XC,D
09:02:53,MYOR,RG,1835,2,D,YP,BK,F
09:02:43,MYOR,RG,1835,10,D,SQ,BK,F
09:02:43,MYOR,RG,1835,8,D,GR,BK,F
09:02:43,MYOR,RG,1835,1,D,GR,XC,D
09:02:43,MYOR,RG,1835,91,D,GR,PD,D
09:01:40,MYOR,RG,1835,5,D,YP,PD,D
09:01:24,MYOR,RG,1835,4,D,CP,PD,D
09:01:24,MYOR,RG,1835,11,D,CP,PD,D
09:01:24,MYOR,RG,1835,1,D,CP,OD,D
09:01:24,MYOR,RG,1835,2,D,CP,PD,D
09:01:24,MYOR,RG,1835,4,D,CP,OD,D
09:00:59,MYOR,RG,1835,16,D,XC,OD,D
09:00:30,MYOR,RG,1830,10,D,YP,YP,D
09:00:22,MYOR,RG,1830,20,D,YP,XL,D
09:00:17,MYOR,RG,1830,13,D,YP,XC,D
09:00:17,MYOR,RG,1835,1,D,XL,YP,D
09:00:17,MYOR,RG,1835,1,D,XL,YP,D
09:00:14,MYOR,RG,1830,10,D,YP,PD,D
09:00:13,MYOR,RG,1830,2,D,YP,XL,D
09:00:11,MYOR,RG,1830,3,D,YP,PD,D
09:00:11,MYOR,RG,1830,100,D,YP,PD,D
09:00:11,MYOR,RG,1830,100,D,YP,SQ,D
09:00:11,MYOR,RG,1830,2,D,YP,XC,D
09:00:11,MYOR,RG,1830,1,D,YP,YP,D
09:00:11,MYOR,RG,1830,2,D,YP,XC,D
09:00:11,MYOR,RG,1825,2,D,YP,XC,D
09:00:08,MYOR,RG,1820,3,D,GR,YP,D
09:00:08,MYOR,RG,1820,2,D,GR,PD,D
09:00:07,MYOR,RG,1820,1,D,GR,XC,D
09:00:07,MYOR,RG,1820,1,D,GR,PD,D
09:00:07,MYOR,RG,1820,5,D,GR,PD,D
09:00:06,MYOR,RG,1820,60,D,GR,PD,D
09:00:04,MYOR,RG,1820,2,D,GR,XC,D
09:00:03,MYOR,RG,1820,5,D,DR,NI,D
09:00:02,MYOR,RG,1820,3,D,YU,SF,D
