Time,Stock,Brd,Price,Qty,BT,BC,SC,ST
15:13:22,JSMR,RG,4280,50,D,YP,KZ,F
15:12:47,JSMR,RG,4280,50,D,YP,KZ,F
15:12:31,JSMR,RG,4280,200,D,YP,KZ,F
15:12:00,JSMR,RG,4280,5,D,SQ,KZ,F
15:08:43,JSMR,RG,4280,10,D,SQ,KZ,F
15:08:16,JSMR,RG,4280,5,D,SQ,KZ,F
15:08:06,JSMR,RG,4280,10,D,SQ,KZ,F
15:07:22,JSMR,RG,4280,45,D,SQ,KZ,F
15:07:18,JSMR,RG,4280,10,D,SQ,KZ,F
15:06:15,JSMR,RG,4280,1,D,XC,KZ,F
15:06:05,JSMR,RG,4280,1000,D,CC,KZ,F
15:05:52,JSMR,RG,4280,25,D,YU,KZ,F
15:05:02,JSMR,RG,4280,2,D,YP,KZ,F
15:05:01,JSMR,RG,4280,2,D,KK,KZ,F
15:00:00,JSMR,RG,4280,35,D,NI,KZ,F
15:00:00,JSMR,RG,4280,20,D,CC,KZ,F
15:00:00,JSMR,RG,4280,186,D,YP,KZ,F
15:00:00,JSMR,RG,4280,14,D,YP,KZ,F
15:00:00,JSMR,RG,4280,815,D,CC,KZ,F
15:00:00,JSMR,RG,4280,185,D,CC,KZ,F
15:00:00,JSMR,RG,4280,33,F,YU,KZ,F
15:00:00,JSMR,RG,4280,126,F,YU,CS,F
15:00:00,JSMR,RG,4280,5,F,YU,LG,D
15:00:00,JSMR,RG,4280,20,F,YU,DR,D
15:00:00,JSMR,RG,4280,69,F,YU,EP,D
15:00:00,JSMR,RG,4280,21,F,AK,EP,D
15:00:00,JSMR,RG,4280,10,F,AK,EP,D
15:00:00,JSMR,RG,4280,1,F,AK,XC,D
15:00:00,JSMR,RG,4280,2,F,AK,YP,D
15:00:00,JSMR,RG,4280,517,F,AK,AG,D
15:00:00,JSMR,RG,4280,27,F,AK,YP,D
15:00:00,JSMR,RG,4280,20,F,AK,AO,D
15:00:00,JSMR,RG,4280,29,F,AK,YP,D
15:00:00,JSMR,RG,4280,3,F,AK,HP,D
15:00:00,JSMR,RG,4280,8,F,AK,YP,D
15:00:00,JSMR,RG,4280,100,F,AK,CP,D
15:00:00,JSMR,RG,4280,94,F,AK,BK,F
15:00:00,JSMR,RG,4280,450,D,KZ,BK,F
15:00:00,JSMR,RG,4280,1,D,KZ,BK,F
15:00:00,JSMR,RG,4280,27,D,OD,BK,F
15:00:00,JSMR,RG,4280,49,D,OD,DR,D
15:00:00,JSMR,RG,4280,25,D,OD,PD,D
14:49:56,JSMR,RG,4270,50,D,CC,HP,D
14:49:49,JSMR,RG,4270,5,D,CC,BK,F
14:49:45,JSMR,RG,4270,5,D,CC,BK,F
14:49:41,JSMR,RG,4270,20,D,CC,NI,D
14:49:10,JSMR,RG,4270,3,D,CC,DH,D
14:49:08,JSMR,RG,4270,8,D,CC,BK,F
14:49:05,JSMR,RG,4280,140,D,AZ,KZ,F
14:49:00,JSMR,RG,4280,1,D,AK,KZ,F
14:48:20,JSMR,RG,4270,1,D,CC,CC,D
14:48:14,JSMR,RG,4270,10,D,CC,YP,D
14:48:01,JSMR,RG,4270,50,D,CC,YP,D
14:47:49,JSMR,RG,4270,5,D,CC,AZ,D
14:47:06,JSMR,RG,4270,30,D,CC,BK,F
14:47:05,JSMR,RG,4280,309,D,ZP,KZ,F
14:47:05,JSMR,RG,4280,1691,D,ZP,BB,D
14:46:51,JSMR,RG,4280,4,D,PD,BB,D
14:46:25,JSMR,RG,4270,1,D,CC,YP,D
14:45:57,JSMR,RG,4270,168,D,CC,BK,F
14:45:55,JSMR,RG,4280,1,D,XC,BB,D
14:45:55,JSMR,RG,4280,1,D,CC,BB,D
14:45:55,JSMR,RG,4280,2,D,CC,BB,D
14:45:55,JSMR,RG,4280,10,F,AK,BB,D
14:45:55,JSMR,RG,4280,47,D,YP,BB,D
14:45:55,JSMR,RG,4280,2,D,CC,BB,D
14:45:55,JSMR,RG,4280,1,D,PD,BB,D
14:45:55,JSMR,RG,4280,10,D,NI,BB,D
14:45:55,JSMR,RG,4280,6,D,OD,BB,D
14:45:55,JSMR,RG,4280,1,D,YP,BB,D
14:45:55,JSMR,RG,4280,1,D,KK,BB,D
14:45:55,JSMR,RG,4280,10,D,SQ,BB,D
14:45:55,JSMR,RG,4280,37,D,PD,BB,D
14:45:55,JSMR,RG,4280,1000,D,YJ,BB,D
14:45:55,JSMR,RG,4280,10,D,YP,BB,D
14:45:55,JSMR,RG,4280,3000,D,ZP,BB,D
14:45:55,JSMR,RG,4280,1,D,AK,BB,D
14:45:55,JSMR,RG,4280,2000,D,ZP,BB,D
14:45:55,JSMR,RG,4280,1,D,AK,BB,D
14:45:55,JSMR,RG,4280,2,D,NI,BB,D
14:45:55,JSMR,RG,4280,3,D,XC,BB,D
14:45:55,JSMR,RG,4280,1000,D,CC,BB,D
14:45:55,JSMR,RG,4280,3,D,NI,BB,D
14:45:55,JSMR,RG,4280,2,D,YP,BB,D
14:45:55,JSMR,RG,4280,1355,D,ZP,BB,D
14:45:45,JSMR,RG,4290,1,D,AK,BK,F
14:45:45,JSMR,RG,4290,1,D,YB,BK,F
14:45:21,JSMR,RG,4280,17,D,ZP,BK,F
14:45:16,JSMR,RG,4280,59,D,ZP,BK,F
14:45:15,JSMR,RG,4290,1,D,CC,BK,F
14:45:13,JSMR,RG,4280,15,D,ZP,KZ,F
14:45:12,JSMR,RG,4280,158,D,ZP,KZ,F
14:45:11,JSMR,RG,4280,136,D,ZP,KZ,F
14:45:10,JSMR,RG,4280,260,D,ZP,GR,D
14:45:10,JSMR,RG,4280,50,D,PD,GR,D
14:45:10,JSMR,RG,4280,10,D,BQ,GR,D
14:45:10,JSMR,RG,4280,247,D,ZP,GR,D
14:45:04,JSMR,RG,4290,30,D,CP,BK,F
14:44:53,JSMR,RG,4280,4,D,ZP,KZ,F
14:44:30,JSMR,RG,4290,1,D,AK,BK,F
14:42:00,JSMR,RG,4290,2,D,AK,BK,F
14:41:54,JSMR,RG,4290,23,D,XA,BK,F
14:41:54,JSMR,RG,4290,56,D,XA,BK,F
14:41:54,JSMR,RG,4290,110,D,XA,KZ,F
14:41:54,JSMR,RG,4290,265,D,XA,CD,D
14:41:54,JSMR,RG,4290,46,D,XA,KZ,F
14:41:44,JSMR,RG,4280,10,D,ZP,NI,D
14:41:01,JSMR,RG,4280,2,D,ZP,XC,D
14:40:49,JSMR,RG,4290,1,D,PD,KZ,F
14:40:30,JSMR,RG,4290,1,D,AK,KZ,F
14:39:49,JSMR,RG,4280,2,D,ZP,PD,D
14:38:47,JSMR,RG,4280,3,D,ZP,PD,D
14:38:09,JSMR,RG,4280,15,D,ZP,CC,D
14:37:36,JSMR,RG,4280,30,D,ZP,YP,F
14:37:34,JSMR,RG,4280,1,D,ZP,NI,D
14:36:33,JSMR,RG,4280,32,D,ZP,KZ,F
14:34:58,JSMR,RG,4280,3,D,ZP,KZ,F
14:33:21,JSMR,RG,4290,3,D,CC,KZ,F
14:33:04,JSMR,RG,4290,15,D,YP,KZ,F
14:32:54,JSMR,RG,4290,2,D,YP,KZ,F
14:31:53,JSMR,RG,4290,7,D,NI,KZ,F
14:31:29,JSMR,RG,4280,5,D,ZP,PD,D
14:30:13,JSMR,RG,4280,8,D,ZP,KZ,F
14:30:08,JSMR,RG,4280,24,D,ZP,KZ,F
14:29:57,JSMR,RG,4280,3,D,ZP,YU,D
14:29:45,JSMR,RG,4290,1,D,XC,KZ,F
14:28:56,JSMR,RG,4290,2,D,AZ,KZ,F
14:28:56,JSMR,RG,4290,48,D,AZ,BK,F
14:28:15,JSMR,RG,4290,3,D,KK,BK,F
14:27:22,JSMR,RG,4290,1,D,XC,BK,F
14:26:48,JSMR,RG,4280,279,D,ZP,KZ,F
14:26:48,JSMR,RG,4280,567,D,ZP,GR,D
14:26:30,JSMR,RG,4290,1,D,YB,BK,F
14:25:10,JSMR,RG,4280,15,D,ZP,BK,F
14:25:06,JSMR,RG,4280,72,D,ZP,BK,F
14:25:03,JSMR,RG,4280,169,D,ZP,KZ,F
14:25:03,JSMR,RG,4280,54,D,ZP,KZ,F
14:25:02,JSMR,RG,4280,108,D,ZP,BK,F
14:25:02,JSMR,RG,4280,18,D,ZP,KZ,F
14:24:58,JSMR,RG,4290,1,D,AK,KZ,F
14:24:58,JSMR,RG,4290,20,D,YU,KZ,F
14:24:58,JSMR,RG,4290,10,D,YP,KZ,F
14:24:58,JSMR,RG,4290,20,D,LG,KZ,F
14:24:58,JSMR,RG,4290,1,D,AK,KZ,F
14:24:58,JSMR,RG,4290,1,D,AK,KZ,F
14:24:58,JSMR,RG,4290,1,D,AK,KZ,F
14:24:58,JSMR,RG,4290,4,D,PD,KZ,F
14:24:58,JSMR,RG,4290,1,D,YP,KZ,F
14:24:57,JSMR,RG,4290,36,F,AK,AG,D
14:24:57,JSMR,RG,4290,1,D,AK,AG,D
14:24:57,JSMR,RG,4290,463,D,CC,AG,D
14:24:18,JSMR,RG,4290,2,D,CC,KZ,F
14:24:00,JSMR,RG,4290,11,D,CC,KZ,F
14:23:58,JSMR,RG,4290,22,D,CC,BK,F
14:23:57,JSMR,RG,4290,20,D,CC,KZ,F
14:23:57,JSMR,RG,4290,5,D,CC,CC,D
14:23:56,JSMR,RG,4290,40,D,CC,NI,D
14:23:43,JSMR,RG,4290,2,D,CC,KZ,F
14:23:20,JSMR,RG,4290,5,D,CC,AZ,D
14:22:58,JSMR,RG,4290,1,D,CC,KZ,F
14:22:35,JSMR,RG,4290,1,D,CC,PD,D
14:22:28,JSMR,RG,4290,1,D,CC,KZ,F
14:22:04,JSMR,RG,4290,2,D,CC,NI,D
14:20:38,JSMR,RG,4290,3,D,CC,KZ,F
14:20:33,JSMR,RG,4290,4,D,CC,KZ,F
14:20:28,JSMR,RG,4290,1,D,CC,KZ,F
14:20:28,JSMR,RG,4290,9,D,CC,KZ,F
14:20:12,JSMR,RG,4290,19,D,CC,BK,F
14:20:08,JSMR,RG,4290,1,D,CC,KZ,F
14:20:08,JSMR,RG,4290,23,D,CC,KZ,F
14:20:06,JSMR,RG,4300,10,D,YP,DR,D
14:19:46,JSMR,RG,4290,18,D,CC,KZ,F
14:19:45,JSMR,RG,4290,37,D,CC,YP,D
14:18:21,JSMR,RG,4290,47,D,CC,YP,D
14:18:05,JSMR,RG,4290,2,D,CC,XC,D
14:17:57,JSMR,RG,4290,5,D,CC,YP,D
14:17:36,JSMR,RG,4290,7,D,CC,KZ,F
14:17:34,JSMR,RG,4290,15,D,CC,PD,D
14:17:33,JSMR,RG,4290,2,D,CC,KZ,F
14:17:12,JSMR,RG,4290,4,D,CC,CC,D
14:16:53,JSMR,RG,4290,25,D,CC,KZ,F
14:16:52,JSMR,RG,4290,50,D,CC,CC,D
14:16:28,JSMR,RG,4290,1,D,CC,KZ,F
14:16:27,JSMR,RG,4290,66,D,CC,KZ,F
14:16:25,JSMR,RG,4290,7,D,CC,KZ,F
14:16:25,JSMR,RG,4290,79,D,CC,PD,D
14:16:25,JSMR,RG,4290,2,D,PD,PD,D
14:16:25,JSMR,RG,4290,1,D,AK,PD,D
14:16:25,JSMR,RG,4290,1,D,AK,PD,D
14:16:25,JSMR,RG,4290,50,D,CC,PD,D
14:16:25,JSMR,RG,4290,1,D,CC,PD,D
14:16:25,JSMR,RG,4290,1,D,AK,PD,D
14:16:25,JSMR,RG,4290,14,D,CC,PD,D
14:16:06,JSMR,RG,4290,25,D,CC,KZ,F
14:16:06,JSMR,RG,4290,50,D,CC,KK,D
14:16:05,JSMR,RG,4290,2,D,CC,YP,D
14:15:59,JSMR,RG,4290,10,D,CC,KZ,F
14:15:58,JSMR,RG,4290,20,D,CC,OD,D
14:15:51,JSMR,RG,4290,2,D,CC,KZ,F
14:15:50,JSMR,RG,4290,5,D,CC,YP,D
14:15:41,JSMR,RG,4290,3,D,CC,KZ,F
14:15:40,JSMR,RG,4290,5,D,CC,DR,D
14:15:20,JSMR,RG,4290,1,D,CC,KK,D
14:15:19,JSMR,RG,4290,2,D,CC,KZ,F
14:15:19,JSMR,RG,4290,4,D,CC,BQ,D
14:15:10,JSMR,RG,4290,2,D,CC,KZ,F
14:15:09,JSMR,RG,4290,3,D,CC,BQ,D
14:14:58,JSMR,RG,4290,3,D,CC,KZ,F
14:14:38,JSMR,RG,4290,10,D,CC,KZ,F
14:14:38,JSMR,RG,4290,9,D,CC,KZ,F
14:14:38,JSMR,RG,4290,20,D,CC,BK,F
14:14:35,JSMR,RG,4290,16,D,CC,KZ,F
14:14:34,JSMR,RG,4290,31,D,CC,BK,F
14:14:31,JSMR,RG,4290,20,D,CC,BK,F
14:14:30,JSMR,RG,4290,279,D,CC,KZ,F
14:14:29,JSMR,RG,4290,567,D,CC,GR,D
14:14:24,JSMR,RG,4290,6,D,CC,YP,D
14:13:41,JSMR,RG,4290,26,D,CC,KZ,F
14:13:40,JSMR,RG,4290,49,D,CC,CC,D
14:13:11,JSMR,RG,4300,5,D,CC,DR,D
14:12:56,JSMR,RG,4290,5,D,CC,KZ,F
14:12:55,JSMR,RG,4290,5,D,CC,CC,D
14:11:18,JSMR,RG,4300,1,D,CC,DR,D
14:11:00,JSMR,RG,4300,2,D,CC,DR,D
14:10:55,JSMR,RG,4300,1,D,YP,DR,D
14:10:49,JSMR,RG,4290,24,D,CC,KZ,F
14:10:48,JSMR,RG,4290,50,D,CC,CP,D
14:10:23,JSMR,RG,4290,4,D,CC,KZ,F
14:10:22,JSMR,RG,4290,8,D,CC,AZ,D
14:10:13,JSMR,RG,4290,5,D,CC,KZ,F
14:10:13,JSMR,RG,4290,10,D,CC,PD,D
14:10:02,JSMR,RG,4290,8,D,CC,KZ,F
14:10:01,JSMR,RG,4290,15,D,CC,KK,D
14:09:24,JSMR,RG,4290,5,D,CC,KZ,F
14:09:23,JSMR,RG,4290,10,D,CC,KK,D
14:08:21,JSMR,RG,4290,5,D,CC,KZ,F
14:08:20,JSMR,RG,4290,12,D,CC,YP,D
14:06:55,JSMR,RG,4300,1,D,XC,DR,D
14:06:35,JSMR,RG,4300,1,D,YP,DR,D
14:06:27,JSMR,RG,4290,3,D,CC,PD,D
14:06:01,JSMR,RG,4290,3,D,CC,XC,D
14:05:49,JSMR,RG,4290,30,D,CC,NI,D
14:05:28,JSMR,RG,4300,10,D,DR,DR,D
14:04:51,JSMR,RG,4300,100,D,YP,DR,D
14:04:33,JSMR,RG,4300,10,D,YP,DR,D
14:04:01,JSMR,RG,4290,6,D,CC,EP,D
14:02:48,JSMR,RG,4290,3,D,CC,PD,D
14:02:30,JSMR,RG,4300,19,D,YP,DR,D
14:02:17,JSMR,RG,4300,20,D,NI,DR,D
14:01:48,JSMR,RG,4300,5,D,NI,DR,D
14:01:46,JSMR,RG,4290,3,D,CC,KK,D
14:01:11,JSMR,RG,4290,4,D,CC,CC,D
14:01:08,JSMR,RG,4300,1,D,YP,DR,D
14:00:48,JSMR,RG,4290,1,D,CC,DR,D
14:00:31,JSMR,RG,4290,3,D,CC,CC,D
14:00:31,JSMR,RG,4290,65,D,CC,YP,D
14:00:31,JSMR,RG,4290,2,D,CC,YP,D
14:00:31,JSMR,RG,4290,21,D,CC,CC,D
14:00:31,JSMR,RG,4290,6,D,CC,BK,F
13:59:01,JSMR,RG,4290,2,D,OD,BK,F
13:59:01,JSMR,RG,4290,28,D,OD,YP,D
13:58:13,JSMR,RG,4280,50,D,ZP,DH,D
13:57:29,JSMR,RG,4280,12,D,ZP,BK,F
13:57:26,JSMR,RG,4280,58,D,ZP,BK,F
13:57:23,JSMR,RG,4290,1,D,AK,YP,D
13:57:23,JSMR,RG,4290,1,D,CC,YP,D
13:57:23,JSMR,RG,4290,29,D,CD,YP,D
13:57:23,JSMR,RG,4290,5,D,SQ,YP,D
13:57:23,JSMR,RG,4290,10,D,BQ,YP,D
13:57:23,JSMR,RG,4290,1,D,AK,YP,D
13:57:23,JSMR,RG,4290,725,D,CC,YP,D
13:57:17,JSMR,RG,4290,1,D,CC,PD,D
13:57:16,JSMR,RG,4290,8,D,CC,TP,D
13:56:30,JSMR,RG,4290,15,D,CC,XC,D
13:56:14,JSMR,RG,4290,15,D,CC,YP,D
13:56:06,JSMR,RG,4290,3,D,CC,YP,D
13:55:48,JSMR,RG,4290,150,D,CC,YP,D
13:55:44,JSMR,RG,4290,1,D,CC,KK,D
13:55:28,JSMR,RG,4290,21,D,CC,BK,F
13:55:24,JSMR,RG,4290,61,D,CC,BK,F
13:55:24,JSMR,RG,4290,3,D,PD,BK,F
13:55:21,JSMR,RG,4280,209,D,ZP,BK,F
13:55:21,JSMR,RG,4280,75,D,YB,BK,F
13:55:18,JSMR,RG,4300,193,D,CC,DR,D
13:55:18,JSMR,RG,4300,47,D,CC,YB,D
13:55:18,JSMR,RG,4300,1,D,CC,CC,D
13:55:18,JSMR,RG,4300,2,D,CC,XC,D
13:55:18,JSMR,RG,4300,3,D,CC,OD,D
13:55:18,JSMR,RG,4300,4,D,CC,HP,D
13:55:18,JSMR,RG,4300,2,D,CC,NI,D
13:55:18,JSMR,RG,4300,5,D,CC,LG,D
13:55:18,JSMR,RG,4300,2,D,CC,CC,D
13:55:18,JSMR,RG,4300,10,D,CC,PD,D
13:55:18,JSMR,RG,4300,6,D,CC,EP,D
13:55:18,JSMR,RG,4300,7,D,CC,YP,D
13:55:18,JSMR,RG,4300,5,D,CC,OD,D
13:55:18,JSMR,RG,4300,6,D,CC,PD,D
13:55:18,JSMR,RG,4300,250,D,CC,PD,D
13:55:18,JSMR,RG,4300,1,D,CC,YP,D
13:55:18,JSMR,RG,4300,2,D,CC,NI,D
13:55:18,JSMR,RG,4300,10,D,CC,DR,D
13:55:18,JSMR,RG,4300,30,D,CC,LG,D
13:55:18,JSMR,RG,4300,10,D,CC,XC,D
13:55:18,JSMR,RG,4300,250,D,CC,GR,D
13:55:18,JSMR,RG,4300,300,D,CC,PD,D
13:55:18,JSMR,RG,4300,1,D,CC,PD,D
13:55:18,JSMR,RG,4300,10,D,CC,ZP,D
13:55:18,JSMR,RG,4300,45,D,CC,IF,D
13:55:18,JSMR,RG,4300,10,D,CC,CC,D
13:55:18,JSMR,RG,4300,250,D,CC,PD,D
13:55:18,JSMR,RG,4300,5,D,CC,XC,D
13:55:18,JSMR,RG,4300,50,D,CC,PD,D
13:55:18,JSMR,RG,4300,150,D,CC,PD,D
13:55:18,JSMR,RG,4300,100,D,CC,PD,D
13:55:18,JSMR,RG,4300,100,D,CC,PD,D
13:55:18,JSMR,RG,4300,3,D,CC,XC,D
13:55:18,JSMR,RG,4300,170,D,CC,MK,D
13:55:18,JSMR,RG,4300,6,D,CC,ZP,D
13:55:18,JSMR,RG,4290,1,D,CC,CC,D
13:55:18,JSMR,RG,4290,107,D,CC,BK,F
13:55:18,JSMR,RG,4290,30,D,CC,PD,D
13:55:18,JSMR,RG,4290,30,D,CC,PD,D
13:55:18,JSMR,RG,4290,1,D,CC,PD,D
13:55:18,JSMR,RG,4290,1,D,CC,NI,D
13:55:18,JSMR,RG,4290,25,D,CC,NI,D
13:55:18,JSMR,RG,4290,28,D,CC,BK,F
13:55:18,JSMR,RG,4290,4,D,CC,YP,D
13:55:18,JSMR,RG,4290,227,D,CC,YU,D
13:54:22,JSMR,RG,4290,100,D,YB,YU,D
13:54:16,JSMR,RG,4280,1,D,YB,KK,D
13:53:47,JSMR,RG,4280,5,D,YB,CC,D
13:53:47,JSMR,RG,4280,5,D,YB,BQ,D
13:53:47,JSMR,RG,4280,14,D,YB,PD,D
13:53:44,JSMR,RG,4280,6,D,ZP,PD,D
13:53:44,JSMR,RG,4280,1,D,ZP,CC,D
13:53:44,JSMR,RG,4280,2,D,ZP,NI,D
13:53:44,JSMR,RG,4280,1,D,ZP,YP,D
13:52:21,JSMR,RG,4280,20,D,OD,NI,D
13:51:44,JSMR,RG,4270,1,D,CC,YP,D
13:51:44,JSMR,RG,4270,291,D,CC,BK,F
13:51:44,JSMR,RG,4270,211,D,CC,DR,D
13:50:20,JSMR,RG,4260,1,D,CC,KK,D
13:50:15,JSMR,RG,4260,19,D,CC,BK,F
13:50:11,JSMR,RG,4270,50,D,YP,DR,D
13:50:10,JSMR,RG,4260,13,D,CC,BK,F
13:50:07,JSMR,RG,4260,49,D,CC,BK,F
13:50:07,JSMR,RG,4260,2,D,YB,BK,F
13:50:07,JSMR,RG,4260,6,D,LG,BK,F
13:50:03,JSMR,RG,4270,330,D,CP,DR,D
13:49:44,JSMR,RG,4270,170,D,CP,GR,D
13:49:44,JSMR,RG,4270,1,D,AK,GR,D
13:49:44,JSMR,RG,4270,396,D,CP,GR,D
13:49:27,JSMR,RG,4270,40,D,CP,NI,D
13:49:27,JSMR,RG,4270,63,D,CP,BK,F
13:49:27,JSMR,RG,4270,1,D,CP,CC,D
13:48:52,JSMR,RG,4260,1,D,LG,CC,D
13:48:20,JSMR,RG,4260,13,D,LG,AO,D
13:48:20,JSMR,RG,4260,5,D,CC,AO,D
13:48:20,JSMR,RG,4260,30,D,CC,AO,D
13:48:20,JSMR,RG,4260,5,D,LG,AO,D
13:48:20,JSMR,RG,4260,1,D,XC,AO,D
13:48:20,JSMR,RG,4260,16,F,AG,AO,D
13:47:46,JSMR,RG,4260,1,F,AG,XC,D
13:47:33,JSMR,RG,4260,7,F,AG,BK,F
13:47:33,JSMR,RG,4260,4,D,GR,BK,F
13:47:28,JSMR,RG,4260,15,D,GR,BK,F
13:47:25,JSMR,RG,4260,6,D,GR,BK,F
13:47:25,JSMR,RG,4260,1,D,YJ,BK,F
13:47:25,JSMR,RG,4260,50,D,IF,BK,F
13:47:19,JSMR,RG,4270,1,D,NI,BK,F
13:47:19,JSMR,RG,4270,5,D,AZ,BK,F
13:47:19,JSMR,RG,4270,50,D,YP,BK,F
13:47:19,JSMR,RG,4270,1,D,YP,BK,F
13:47:19,JSMR,RG,4270,5,D,XC,BK,F
13:47:19,JSMR,RG,4270,4,D,LG,BK,F
13:47:19,JSMR,RG,4270,2,D,LG,BK,F
13:47:19,JSMR,RG,4270,2,D,LG,BK,F
13:47:19,JSMR,RG,4270,5,D,PD,BK,F
13:47:19,JSMR,RG,4270,34,D,CC,BK,F
13:47:14,JSMR,RG,4270,66,D,CC,BK,F
13:47:14,JSMR,RG,4270,25,D,SQ,BK,F
13:47:14,JSMR,RG,4270,4,D,YP,BK,F
13:47:14,JSMR,RG,4270,20,F,NI,BK,F
13:47:14,JSMR,RG,4270,11,D,DH,BK,F
13:47:14,JSMR,RG,4270,1,D,YB,BK,F
13:47:14,JSMR,RG,4270,500,D,GR,BK,F
13:47:14,JSMR,RG,4270,31,D,CC,BK,F
13:47:09,JSMR,RG,4270,469,D,CC,DP,D
13:47:09,JSMR,RG,4270,4,D,PD,DP,D
13:47:09,JSMR,RG,4270,1,D,YP,DP,D
13:47:09,JSMR,RG,4270,3,D,XC,DP,D
13:47:09,JSMR,RG,4270,238,D,CC,DP,D
13:47:09,JSMR,RG,4280,35,D,YP,DP,D
13:47:09,JSMR,RG,4280,1,D,AK,DP,D
13:47:09,JSMR,RG,4280,2000,D,ZP,DP,D
13:47:09,JSMR,RG,4280,1,D,XC,DP,D
13:47:09,JSMR,RG,4280,1,D,AK,DP,D
13:47:09,JSMR,RG,4280,50,D,CC,DP,D
13:47:09,JSMR,RG,4280,2,D,NI,DP,D
13:47:09,JSMR,RG,4280,25,D,GR,DP,D
13:47:09,JSMR,RG,4280,10,D,CC,DP,D
13:47:09,JSMR,RG,4280,100,D,YP,DP,D
13:47:09,JSMR,RG,4280,1,D,XC,DP,D
13:47:09,JSMR,RG,4280,10,D,YP,DP,D
13:47:09,JSMR,RG,4280,3,D,CC,DP,D
13:47:09,JSMR,RG,4280,5,D,XC,DP,D
13:47:09,JSMR,RG,4280,2,D,YP,DP,D
13:47:09,JSMR,RG,4280,1,D,LG,DP,D
13:47:09,JSMR,RG,4280,50,D,CC,DP,D
13:47:09,JSMR,RG,4280,2,D,XC,DP,D
13:47:09,JSMR,RG,4280,2,D,XC,DP,D
13:47:09,JSMR,RG,4280,3,D,CC,DP,D
13:47:09,JSMR,RG,4280,5,D,PD,DP,D
13:47:09,JSMR,RG,4280,10,D,CC,DP,D
13:47:09,JSMR,RG,4280,1,D,AZ,DP,D
13:47:09,JSMR,RG,4280,20,D,CP,DP,D
13:47:09,JSMR,RG,4280,37,D,ZP,DP,D
13:45:27,JSMR,RG,4280,1,D,ZP,XL,D
13:45:05,JSMR,RG,4280,1,D,ZP,CC,D
13:44:49,JSMR,RG,4280,18,D,ZP,BK,F
13:44:47,JSMR,RG,4280,11,D,ZP,YP,D
13:44:03,JSMR,RG,4280,6,D,ZP,YP,D
13:43:54,JSMR,RG,4280,11,D,ZP,BK,F
13:43:50,JSMR,RG,4280,60,D,ZP,CC,D
13:43:29,JSMR,RG,4280,3,D,ZP,SQ,D
13:42:02,JSMR,RG,4280,12,D,ZP,BK,F
13:41:59,JSMR,RG,4280,12,D,ZP,YP,D
13:41:17,JSMR,RG,4290,3,D,PD,YU,D
13:39:11,JSMR,RG,4290,15,D,YP,YU,D
13:38:43,JSMR,RG,4290,2,D,ZP,YU,D
13:38:26,JSMR,RG,4280,16,D,ZP,BK,F
13:38:20,JSMR,RG,4280,29,D,ZP,BK,F
13:38:18,JSMR,RG,4290,1,D,AK,YU,D
13:38:18,JSMR,RG,4290,50,D,CC,YU,D
13:38:18,JSMR,RG,4290,1,D,AK,YU,D
13:38:18,JSMR,RG,4290,3,D,KK,YU,D
13:38:18,JSMR,RG,4290,98,D,YP,YU,D
13:38:16,JSMR,RG,4290,24,D,YP,BK,F
13:38:13,JSMR,RG,4290,78,D,YP,DR,D
13:38:13,JSMR,RG,4290,1,D,AK,DR,D
13:38:13,JSMR,RG,4290,1,D,AK,DR,D
13:38:13,JSMR,RG,4290,100,D,YP,DR,D
13:38:13,JSMR,RG,4290,20,D,CP,DR,D
13:36:49,JSMR,RG,4290,50,D,CP,CC,D
13:35:51,JSMR,RG,4300,5,D,XL,ZP,D
13:35:31,JSMR,RG,4290,7,D,CP,SQ,D
13:35:14,JSMR,RG,4290,3,D,CP,YP,D
13:35:13,JSMR,RG,4290,100,D,CP,DR,D
13:35:12,JSMR,RG,4290,1,D,CP,CC,D
13:35:01,JSMR,RG,4290,2,D,CP,CC,D
13:34:34,JSMR,RG,4290,2,D,CP,YP,D
13:34:29,JSMR,RG,4290,1,D,CP,YB,D
13:34:24,JSMR,RG,4290,1,D,CP,XC,D
13:34:06,JSMR,RG,4290,254,D,CP,NI,D
13:33:12,JSMR,RG,4290,1,D,CP,CC,D
13:32:50,JSMR,RG,4290,58,D,CP,PD,D
13:32:50,JSMR,RG,4290,2,D,YP,PD,D
13:32:21,JSMR,RG,4300,5,D,XL,ZP,D
13:32:07,JSMR,RG,4300,1,D,YP,ZP,D
13:32:02,JSMR,RG,4290,1,D,YP,YP,D
13:31:43,JSMR,RG,4290,2,D,YP,YP,D
13:31:43,JSMR,RG,4290,85,D,YP,BK,F
13:31:43,JSMR,RG,4290,3,D,YP,OD,D
13:31:43,JSMR,RG,4290,7,D,YP,BK,F
13:31:38,JSMR,RG,4290,200,D,CP,BK,F
13:31:38,JSMR,RG,4290,1,D,CP,CC,D
13:31:38,JSMR,RG,4290,1,D,CP,PD,D
13:31:38,JSMR,RG,4290,2,D,CP,XC,D
13:31:38,JSMR,RG,4290,5,D,CP,SQ,D
13:31:38,JSMR,RG,4290,10,D,CP,DR,D
13:31:38,JSMR,RG,4290,6,D,CP,KK,D
13:31:38,JSMR,RG,4290,2,D,CP,XC,D
13:31:38,JSMR,RG,4290,3,D,CP,PD,D
13:31:38,JSMR,RG,4290,18,D,CP,DH,D
13:31:38,JSMR,RG,4290,50,D,CP,OD,D
13:31:38,JSMR,RG,4290,1,D,CP,XC,D
13:31:38,JSMR,RG,4290,8,D,CP,PD,D
13:31:38,JSMR,RG,4290,100,D,CP,AG,D
13:31:38,JSMR,RG,4290,25,D,CP,CC,D
13:31:38,JSMR,RG,4290,68,D,CP,AG,D
13:31:36,JSMR,RG,4280,20,D,ZP,BK,F
13:31:33,JSMR,RG,4280,18,D,ZP,BK,F
13:31:30,JSMR,RG,4290,32,D,YP,AG,D
13:31:30,JSMR,RG,4290,68,D,YP,AG,D
13:30:34,JSMR,RG,4280,14,D,ZP,BK,F
13:30:30,JSMR,RG,4280,30,D,ZP,BK,F
13:30:29,JSMR,RG,4290,32,D,YP,AG,D
13:30:29,JSMR,RG,4290,1,D,YP,XC,D
13:30:29,JSMR,RG,4290,1,D,YP,NI,D
13:30:29,JSMR,RG,4290,50,D,YP,AI,D
13:30:29,JSMR,RG,4290,1,D,YP,PD,D
13:30:29,JSMR,RG,4290,15,D,YP,AG,D
13:30:25,JSMR,RG,4280,33,D,ZP,BK,F
13:30:16,JSMR,RG,4290,2,D,AK,AG,D
13:30:14,JSMR,RG,4290,15,D,YP,AG,D
13:30:12,JSMR,RG,4280,1,D,ZP,YP,D
13:30:12,JSMR,RG,4280,15,D,ZP,YP,D
13:30:11,JSMR,RG,4290,10,D,XC,AG,D
13:30:09,JSMR,RG,4280,4,D,ZP,PD,D
13:30:08,JSMR,RG,4290,5,D,XC,AG,D
13:30:08,JSMR,RG,4280,64,D,ZP,BK,F
13:30:07,JSMR,RG,4290,5,D,YP,AG,D
13:30:07,JSMR,RG,4290,3,D,XC,AG,D
13:30:07,JSMR,RG,4290,24,D,SQ,AG,D
13:30:06,JSMR,RG,4280,567,D,ZP,GR,D
13:30:05,JSMR,RG,4280,7,D,ZP,PD,D
13:30:05,JSMR,RG,4280,40,D,ZP,PD,D
13:30:05,JSMR,RG,4280,1,D,ZP,GR,D
13:30:05,JSMR,RG,4280,10,D,ZP,LG,D
13:30:03,JSMR,RG,4280,2,D,ZP,PD,D
13:30:03,JSMR,RG,4290,5,D,KK,AG,D
13:30:03,JSMR,RG,4280,189,D,ZP,LG,D
11:29:18,JSMR,RG,4280,2,D,ZP,PD,D
11:27:53,JSMR,RG,4290,10,D,CC,AG,D
11:27:43,JSMR,RG,4290,1,D,DH,AG,D
11:27:03,JSMR,RG,4290,1,D,YJ,AG,D
11:27:00,JSMR,RG,4290,1,D,AK,AG,D
11:26:00,JSMR,RG,4290,3,D,CC,AG,D
11:24:30,JSMR,RG,4290,1,D,AK,NI,D
11:24:08,JSMR,RG,4280,89,D,ZP,AK,F
11:22:01,JSMR,RG,4290,1,D,YP,NI,D
11:22:00,JSMR,RG,4290,1,D,AK,NI,D
11:21:49,JSMR,RG,4280,123,D,ZP,AK,F
11:19:56,JSMR,RG,4280,5,D,ZP,YU,D
11:19:42,JSMR,RG,4280,82,D,ZP,BK,F
11:19:42,JSMR,RG,4280,200,D,ZP,HP,D
11:19:42,JSMR,RG,4280,20,D,ZP,PD,D
11:19:42,JSMR,RG,4280,30,D,ZP,DR,D
11:19:42,JSMR,RG,4280,25,D,ZP,XA,D
11:19:42,JSMR,RG,4280,4,D,ZP,LG,D
11:19:42,JSMR,RG,4280,10,D,ZP,KK,D
11:19:42,JSMR,RG,4280,6,D,ZP,CC,D
11:19:42,JSMR,RG,4280,22,D,ZP,BK,F
11:19:42,JSMR,RG,4280,12,D,ZP,YP,D
11:19:42,JSMR,RG,4280,26,D,ZP,YJ,D
11:19:42,JSMR,RG,4280,10,D,ZP,YP,D
11:19:42,JSMR,RG,4280,2,D,ZP,XC,D
11:19:42,JSMR,RG,4280,2,D,ZP,NI,D
11:19:42,JSMR,RG,4280,15,D,ZP,XC,D
11:19:42,JSMR,RG,4280,12,D,ZP,YP,D
11:19:42,JSMR,RG,4280,14,D,ZP,XC,D
11:19:42,JSMR,RG,4280,2,D,ZP,LG,D
11:19:42,JSMR,RG,4280,5,D,ZP,YP,D
11:19:42,JSMR,RG,4280,5,D,ZP,XC,D
11:19:42,JSMR,RG,4280,3,D,ZP,XC,D
11:19:42,JSMR,RG,4280,5,D,ZP,NI,D
11:19:42,JSMR,RG,4280,37,D,ZP,BK,F
11:19:35,JSMR,RG,4280,1,D,XC,LG,D
11:19:31,JSMR,RG,4270,2,D,CC,PD,D
11:19:30,JSMR,RG,4280,1,D,AK,LG,D
11:18:30,JSMR,RG,4280,4,D,NI,LG,D
11:16:30,JSMR,RG,4280,1,D,AK,LG,D
11:12:46,JSMR,RG,4280,2,D,CC,LG,D
11:12:32,JSMR,RG,4280,1,D,CC,LG,D
11:12:08,JSMR,RG,4280,1,D,EP,LG,D
11:12:08,JSMR,RG,4280,1,D,EP,PD,D
11:12:08,JSMR,RG,4280,3,D,EP,AG,D
11:11:00,JSMR,RG,4280,1,D,AK,AG,D
11:09:15,JSMR,RG,4270,11,D,CC,YP,D
11:08:38,JSMR,RG,4280,4,D,YP,AG,D
11:07:15,JSMR,RG,4280,1,D,AK,AG,D
11:07:09,JSMR,RG,4270,23,D,CC,EP,D
11:06:18,JSMR,RG,4270,30,D,CC,CC,D
11:05:02,JSMR,RG,4270,7,D,CC,XC,D
11:05:02,JSMR,RG,4270,179,D,CC,BK,F
11:05:02,JSMR,RG,4270,10,D,CC,YP,D
11:02:07,JSMR,RG,4260,1,D,IF,XC,D
11:01:06,JSMR,RG,4260,2,D,IF,OD,D
10:55:35,JSMR,RG,4260,19,D,IF,BK,F
10:55:30,JSMR,RG,4260,42,D,IF,BK,F
10:55:27,JSMR,RG,4260,126,D,IF,YP,D
10:55:27,JSMR,RG,4260,4,D,YP,YP,D
10:55:27,JSMR,RG,4260,7,D,KK,YP,D
10:55:27,JSMR,RG,4270,50,D,DR,YP,D
10:55:27,JSMR,RG,4270,100,D,OD,YP,D
10:55:27,JSMR,RG,4270,1,D,AK,YP,D
10:55:27,JSMR,RG,4270,200,D,AG,YP,D
10:55:27,JSMR,RG,4270,10,D,YU,YP,D
10:55:27,JSMR,RG,4270,1,D,YP,YP,D
10:55:27,JSMR,RG,4270,28,D,NI,YP,D
10:55:27,JSMR,RG,4270,10,D,NI,YP,D
10:55:27,JSMR,RG,4270,1,D,PD,YP,D
10:55:27,JSMR,RG,4270,10,D,LG,YP,D
10:55:27,JSMR,RG,4270,10,D,YU,YP,D
10:55:27,JSMR,RG,4270,1,D,AK,YP,D
10:55:27,JSMR,RG,4270,62,F,AK,YP,D
10:55:27,JSMR,RG,4270,86,D,LG,YP,D
10:55:03,JSMR,RG,4280,1,D,YP,AG,D
10:54:14,JSMR,RG,4280,2,D,KK,AG,D
10:53:23,JSMR,RG,4280,1,D,NI,AG,D
10:53:12,JSMR,RG,4280,70,F,AK,AG,D
10:52:30,JSMR,RG,4280,1,D,AK,AG,D
10:51:50,JSMR,RG,4270,1,D,LG,PD,D
10:47:54,JSMR,RG,4280,5,D,NI,AG,D
10:46:37,JSMR,RG,4270,6,D,LG,XC,D
10:46:25,JSMR,RG,4280,3,D,DR,AG,D
10:46:16,JSMR,RG,4270,1,D,LG,DH,D
10:46:08,JSMR,RG,4280,1,D,DR,AG,D
10:45:45,JSMR,RG,4280,1,D,AK,AG,D
10:44:46,JSMR,RG,4280,1,D,YP,AG,D
10:44:46,JSMR,RG,4280,5,D,PD,AG,D
10:43:49,JSMR,RG,4270,100,D,LG,NI,D
10:42:40,JSMR,RG,4270,5,D,LG,YP,D
10:42:40,JSMR,RG,4270,20,D,LG,GR,D
10:42:40,JSMR,RG,4270,20,D,LG,PD,D
10:42:40,JSMR,RG,4270,100,D,LG,AG,D
10:42:40,JSMR,RG,4270,3,D,LG,YP,D
10:42:40,JSMR,RG,4270,4,D,LG,NI,D
10:42:40,JSMR,RG,4270,64,D,LG,BK,F
10:42:40,JSMR,RG,4270,10,D,LG,DR,D
10:42:40,JSMR,RG,4270,1,D,LG,PD,D
10:42:40,JSMR,RG,4270,8,D,LG,OD,D
10:42:40,JSMR,RG,4270,10,D,LG,YP,D
10:42:40,JSMR,RG,4270,5,D,LG,XC,D
10:42:40,JSMR,RG,4270,1,D,LG,XC,D
10:42:40,JSMR,RG,4270,1,D,LG,XC,D
10:42:40,JSMR,RG,4270,3,D,LG,NI,D
10:42:40,JSMR,RG,4270,11,D,LG,AG,D
10:42:12,JSMR,RG,4270,3,D,DR,AG,D
10:41:15,JSMR,RG,4270,1,D,AK,AG,D
10:40:36,JSMR,RG,4260,3,D,NI,DH,D
10:40:36,JSMR,RG,4260,1,D,NI,XC,D
10:40:36,JSMR,RG,4260,2,D,NI,PD,D
10:40:31,JSMR,RG,4260,1,D,DR,PD,D
10:39:40,JSMR,RG,4250,35,D,OD,CC,D
10:39:39,JSMR,RG,4260,2,D,SQ,PD,D
10:39:39,JSMR,RG,4260,8,D,SQ,LG,D
10:39:07,JSMR,RG,4260,3,D,AG,LG,D
10:39:07,JSMR,RG,4260,75,D,AG,BK,F
10:39:07,JSMR,RG,4260,5,D,AG,EP,D
10:39:07,JSMR,RG,4260,12,D,AG,CC,D
10:39:07,JSMR,RG,4260,10,D,AG,CD,D
10:39:07,JSMR,RG,4260,5,D,AG,XC,D
10:39:07,JSMR,RG,4260,80,D,AG,CC,D
10:39:07,JSMR,RG,4260,1,D,AG,NI,D
10:39:07,JSMR,RG,4260,1,D,AG,OD,D
10:39:07,JSMR,RG,4260,8,D,AG,BK,F
10:38:39,JSMR,RG,4260,1,D,XC,BK,F
10:38:35,JSMR,RG,4250,5,D,OD,PD,D
10:36:45,JSMR,RG,4260,1,D,AK,BK,F
10:35:42,JSMR,RG,4250,68,D,OD,MI,D
10:35:42,JSMR,RG,4250,2,D,PD,MI,D
10:35:42,JSMR,RG,4250,2,D,YU,MI,D
10:35:42,JSMR,RG,4250,3,D,CC,MI,D
10:35:42,JSMR,RG,4250,5,D,RO,MI,D
10:35:42,JSMR,RG,4250,11,D,YP,MI,D
10:33:02,JSMR,RG,4260,1,D,XC,BK,F
10:31:33,JSMR,RG,4260,17,D,ZP,BK,F
10:31:33,JSMR,RG,4260,83,D,ZP,AG,D
10:29:56,JSMR,RG,4260,7,D,EP,AG,D
10:29:45,JSMR,RG,4260,1,D,AK,AG,D
10:29:31,JSMR,RG,4260,3,D,DH,AG,D
10:29:01,JSMR,RG,4260,1,D,XC,AG,D
10:27:05,JSMR,RG,4260,1,D,PD,AG,D
10:26:51,JSMR,RG,4260,1,D,DR,AG,D
10:25:30,JSMR,RG,4260,1,D,AK,AG,D
10:25:19,JSMR,RG,4250,2,D,YP,CC,D
10:25:15,JSMR,RG,4250,4,D,YP,NI,D
10:24:43,JSMR,RG,4250,33,D,YP,YP,D
10:24:43,JSMR,RG,4250,10,D,CC,YP,D
10:24:43,JSMR,RG,4250,2,D,XC,YP,D
10:24:43,JSMR,RG,4250,1,D,XC,YP,D
10:24:43,JSMR,RG,4250,2,D,YP,YP,D
10:24:43,JSMR,RG,4250,2,D,LG,YP,D
10:21:29,JSMR,RG,4250,1,D,AK,YP,D
10:21:29,JSMR,RG,4250,1,D,XC,YP,D
10:21:29,JSMR,RG,4250,1,D,DR,YP,D
10:21:29,JSMR,RG,4250,7,D,YP,YP,D
10:20:57,JSMR,RG,4260,1,D,XC,AG,D
10:20:05,JSMR,RG,4260,1,D,OD,AG,D
10:20:05,JSMR,RG,4260,14,D,OD,BK,F
10:18:23,JSMR,RG,4260,11,D,NI,BK,F
10:18:04,JSMR,RG,4260,2,D,CC,BK,F
10:17:25,JSMR,RG,4260,3,D,XC,BK,F
10:17:13,JSMR,RG,4260,3,D,CC,BK,F
10:16:45,JSMR,RG,4260,1,D,AK,BK,F
10:15:15,JSMR,RG,4250,5,D,YP,PD,D
10:13:29,JSMR,RG,4260,1,D,CC,BK,F
10:13:00,JSMR,RG,4260,1,D,AK,BK,F
10:11:38,JSMR,RG,4260,10,D,CC,BK,F
10:10:39,JSMR,RG,4260,1,D,XC,BK,F
10:09:16,JSMR,RG,4260,1,D,AK,BK,F
10:06:11,JSMR,RG,4260,10,D,PD,BK,F
10:05:57,JSMR,RG,4260,4,D,GR,BK,F
10:05:57,JSMR,RG,4260,20,D,GR,DR,D
10:05:57,JSMR,RG,4260,1,D,GR,BK,F
10:03:56,JSMR,RG,4260,1,D,PD,BK,F
10:02:55,JSMR,RG,4240,13,D,YJ,BK,F
10:02:51,JSMR,RG,4240,13,D,YJ,BK,F
10:02:51,JSMR,RG,4240,3,D,CC,BK,F
10:02:49,JSMR,RG,4240,17,D,CC,BK,F
10:02:49,JSMR,RG,4240,3,D,PD,BK,F
10:02:49,JSMR,RG,4240,2,D,XC,BK,F
10:02:49,JSMR,RG,4240,2,D,XC,BK,F
10:02:49,JSMR,RG,4240,6,D,XC,BK,F
10:02:49,JSMR,RG,4240,10,D,PD,BK,F
10:02:49,JSMR,RG,4240,1,D,IF,BK,F
10:02:49,JSMR,RG,4240,1,D,OD,BK,F
10:02:49,JSMR,RG,4240,4,D,YP,BK,F
10:02:49,JSMR,RG,4240,5,D,YP,BK,F
10:02:49,JSMR,RG,4240,5,D,XC,BK,F
10:02:49,JSMR,RG,4240,1,D,CC,BK,F
10:02:49,JSMR,RG,4240,2,D,OD,BK,F
10:02:49,JSMR,RG,4240,1,D,AK,BK,F
10:02:49,JSMR,RG,4240,1,D,XC,BK,F
10:02:49,JSMR,RG,4240,2,D,LG,BK,F
10:02:49,JSMR,RG,4240,6,D,LG,BK,F
10:02:46,JSMR,RG,4250,10,F,AK,NI,D
10:02:46,JSMR,RG,4250,296,F,AK,YP,D
10:02:46,JSMR,RG,4250,1,F,AK,PD,D
10:02:46,JSMR,RG,4250,8,F,AK,GR,D
10:02:46,JSMR,RG,4250,48,F,AK,GR,D
10:02:46,JSMR,RG,4250,28,F,AK,GR,D
10:02:46,JSMR,RG,4250,9,F,AK,GR,D
10:02:46,JSMR,RG,4250,23,D,YP,GR,D
10:02:46,JSMR,RG,4250,59,D,YP,GR,D
10:02:46,JSMR,RG,4250,28,D,YP,GR,D
10:02:46,JSMR,RG,4250,47,D,YP,GR,D
10:02:46,JSMR,RG,4250,24,D,YP,GR,D
10:02:46,JSMR,RG,4250,97,D,YP,GR,D
10:02:46,JSMR,RG,4250,112,D,YP,BK,F
10:02:46,JSMR,RG,4250,60,D,YP,GR,D
10:00:13,JSMR,RG,4240,13,D,LG,BK,F
10:00:08,JSMR,RG,4250,1,D,DH,GR,D
10:00:07,JSMR,RG,4250,1,D,XC,GR,D
9:58:08,JSMR,RG,4250,1,D,PD,GR,D
9:55:38,JSMR,RG,4250,1,D,CC,GR,D
9:54:20,JSMR,RG,4240,2,D,LG,PD,D
9:54:01,JSMR,RG,4240,3,D,LG,PD,D
9:50:46,JSMR,RG,4240,1,D,LG,XC,D
9:50:32,JSMR,RG,4250,1,D,XC,GR,D
9:50:30,JSMR,RG,4240,12,D,DR,BK,F
9:50:28,JSMR,RG,4240,38,D,DR,AG,D
9:50:28,JSMR,RG,4240,2,D,YP,AG,D
9:50:28,JSMR,RG,4240,5,D,LG,AG,D
9:50:28,JSMR,RG,4240,1,D,XC,AG,D
9:50:28,JSMR,RG,4240,1,D,AK,AG,D
9:50:28,JSMR,RG,4240,1,D,YJ,AG,D
9:50:28,JSMR,RG,4240,2,D,YP,AG,D
9:50:19,JSMR,RG,4240,5,D,YP,PD,D
9:49:33,JSMR,RG,4240,6,D,YP,KK,D
9:48:54,JSMR,RG,4240,2,D,YP,XC,D
9:44:56,JSMR,RG,4240,1,D,YP,YP,D
9:44:51,JSMR,RG,4240,1,D,YP,YP,D
9:44:47,JSMR,RG,4240,1,D,YP,YP,D
9:44:03,JSMR,RG,4240,44,D,YP,CC,D
9:43:50,JSMR,RG,4240,100,D,YP,SQ,D
9:43:35,JSMR,RG,4240,1,D,YP,YP,D
9:43:26,JSMR,RG,4240,25,D,YP,AZ,D
9:43:11,JSMR,RG,4240,10,D,YP,NI,D
9:43:06,JSMR,RG,4240,2,D,YP,AZ,D
9:43:06,JSMR,RG,4240,5,D,BQ,AZ,D
9:43:06,JSMR,RG,4240,1,D,XC,AZ,D
9:41:38,JSMR,RG,4240,1,D,XC,AK,F
9:41:38,JSMR,RG,4240,10,D,DR,AK,F
9:41:38,JSMR,RG,4240,1,D,AK,AK,F
9:41:38,JSMR,RG,4240,1,D,AK,AK,F
9:41:38,JSMR,RG,4240,4,D,XC,AK,F
9:41:38,JSMR,RG,4240,93,D,YP,AK,F
9:41:37,JSMR,RG,4240,100,D,YP,NI,D
9:41:37,JSMR,RG,4240,10,D,YP,DR,D
9:41:37,JSMR,RG,4250,2,D,XC,GR,D
9:40:43,JSMR,RG,4240,72,D,YP,AK,F
9:40:42,JSMR,RG,4240,98,D,YP,YP,D
9:40:42,JSMR,RG,4240,26,D,YP,BK,F
9:40:42,JSMR,RG,4240,51,D,YP,AK,F
9:40:38,JSMR,RG,4230,1,D,KK,HP,D
9:40:38,JSMR,RG,4230,10,D,CC,HP,D
9:40:38,JSMR,RG,4230,1,D,YU,HP,D
9:40:38,JSMR,RG,4230,2,D,PD,HP,D
9:40:38,JSMR,RG,4230,10,D,DR,HP,D
9:40:38,JSMR,RG,4230,5,D,YP,HP,D
9:40:38,JSMR,RG,4230,1,D,PD,HP,D
9:40:38,JSMR,RG,4230,5,D,CC,HP,D
9:40:38,JSMR,RG,4230,3,D,DR,HP,D
9:40:35,JSMR,RG,4240,1,D,XC,AK,F
9:40:27,JSMR,RG,4240,2,D,XC,AK,F
9:40:17,JSMR,RG,4240,2,D,DR,AK,F
9:40:17,JSMR,RG,4240,3,D,DR,PD,D
9:40:17,JSMR,RG,4240,5,D,DR,CC,D
9:39:22,JSMR,RG,4240,5,D,CC,CC,D
9:39:04,JSMR,RG,4240,5,D,YP,CC,D
9:39:00,JSMR,RG,4240,1,D,XC,NI,D
9:38:13,JSMR,RG,4240,5,D,CC,AK,F
9:38:13,JSMR,RG,4240,5,D,CC,XC,D
9:37:05,JSMR,RG,4240,5,D,CC,BK,F
9:37:05,JSMR,RG,4240,5,D,CC,CC,D
9:36:20,JSMR,RG,4240,2,D,XC,CC,D
9:36:18,JSMR,RG,4240,2,D,PD,CC,D
9:35:50,JSMR,RG,4240,78,D,KK,BK,F
9:35:50,JSMR,RG,4240,19,D,KK,XA,D
9:35:06,JSMR,RG,4240,10,D,LG,XA,D
9:35:06,JSMR,RG,4240,1,D,YP,XA,D
9:34:16,JSMR,RG,4230,30,D,DR,CC,D
9:34:11,JSMR,RG,4230,51,D,DR,PD,D
9:33:31,JSMR,RG,4240,4,D,CC,AK,F
9:33:28,JSMR,RG,4230,1,D,DR,YP,D
9:33:19,JSMR,RG,4240,2,D,XC,AK,F
9:33:16,JSMR,RG,4240,5,D,BQ,AK,F
9:33:12,JSMR,RG,4240,10,D,CC,AK,F
9:33:00,JSMR,RG,4240,25,D,XA,AK,F
9:32:47,JSMR,RG,4230,9,D,DR,LG,D
9:32:33,JSMR,RG,4230,75,D,DR,YP,D
9:32:32,JSMR,RG,4230,31,D,DR,BK,F
9:32:32,JSMR,RG,4230,3,D,CC,BK,F
9:32:32,JSMR,RG,4230,5,D,CC,BK,F
9:32:32,JSMR,RG,4230,1,D,PD,BK,F
9:32:32,JSMR,RG,4230,2,D,PD,BK,F
9:32:32,JSMR,RG,4230,4,D,ES,BK,F
9:32:30,JSMR,RG,4240,1,D,XC,AK,F
9:32:29,JSMR,RG,4240,1,D,KK,AK,F
9:32:29,JSMR,RG,4240,2,D,CC,AK,F
9:32:29,JSMR,RG,4240,10,D,PD,AK,F
9:32:29,JSMR,RG,4240,1,D,NI,AK,F
9:32:29,JSMR,RG,4240,250,D,DR,AK,F
9:32:29,JSMR,RG,4240,2,D,CC,AK,F
9:32:29,JSMR,RG,4240,5,D,KK,AK,F
9:32:29,JSMR,RG,4240,1,D,SQ,AK,F
9:32:29,JSMR,RG,4240,1,D,LG,AK,F
9:32:29,JSMR,RG,4240,20,D,AT,AK,F
9:32:29,JSMR,RG,4240,6,D,NI,AK,F
9:32:29,JSMR,RG,4240,1,D,PD,AK,F
9:32:28,JSMR,RG,4240,5,D,PD,AK,F
9:32:28,JSMR,RG,4240,15,D,PD,AK,F
9:32:28,JSMR,RG,4240,5,D,YP,AK,F
9:32:28,JSMR,RG,4240,7,D,SQ,AK,F
9:32:28,JSMR,RG,4240,2,D,XC,AK,F
9:32:28,JSMR,RG,4240,8,D,EP,AK,F
9:32:28,JSMR,RG,4240,5,D,SQ,AK,F
9:32:28,JSMR,RG,4240,5,D,OD,AK,F
9:32:28,JSMR,RG,4240,5,D,LG,AK,F
9:32:28,JSMR,RG,4240,2,D,DR,AK,F
9:32:28,JSMR,RG,4240,50,D,CC,AK,F
9:32:28,JSMR,RG,4240,1,D,PD,AK,F
9:32:28,JSMR,RG,4240,1,D,EP,AK,F
9:32:28,JSMR,RG,4240,1,D,CC,AK,F
9:32:28,JSMR,RG,4240,5,D,GR,AK,F
9:32:28,JSMR,RG,4240,2,D,XC,AK,F
9:32:28,JSMR,RG,4240,10,D,KK,AK,F
9:32:28,JSMR,RG,4240,10,D,CC,AK,F
9:32:28,JSMR,RG,4240,1,D,PD,AK,F
9:32:28,JSMR,RG,4240,4,D,YP,AK,F
9:32:28,JSMR,RG,4240,100,D,CP,AK,F
9:32:28,JSMR,RG,4240,5,D,OD,AK,F
9:32:28,JSMR,RG,4240,1,D,CC,AK,F
9:32:13,JSMR,RG,4250,10,D,YP,GR,D
9:32:10,JSMR,RG,4240,2,D,CC,XC,D
9:32:06,JSMR,RG,4250,25,D,XC,GR,D
9:32:01,JSMR,RG,4250,1,D,OD,GR,D
9:31:36,JSMR,RG,4250,10,D,CC,GR,D
9:31:35,JSMR,RG,4250,1,D,DR,GR,D
9:31:35,JSMR,RG,4250,1,D,AK,GR,D
9:31:35,JSMR,RG,4250,10,D,PD,GR,D
9:31:35,JSMR,RG,4250,10,D,CC,GR,D
9:31:35,JSMR,RG,4250,4,D,XC,GR,D
9:31:35,JSMR,RG,4250,8,D,PD,GR,D
9:31:35,JSMR,RG,4250,15,D,IP,GR,D
9:31:35,JSMR,RG,4250,1,D,AK,GR,D
9:31:35,JSMR,RG,4250,2,D,PD,GR,D
9:31:35,JSMR,RG,4250,1,D,NI,GR,D
9:31:35,JSMR,RG,4250,100,D,EP,GR,D
9:31:35,JSMR,RG,4250,12,D,YP,GR,D
9:31:35,JSMR,RG,4250,50,D,ZP,GR,D
9:31:35,JSMR,RG,4250,10,D,XC,GR,D
9:31:35,JSMR,RG,4250,5,D,CC,GR,D
9:31:35,JSMR,RG,4250,10,D,CC,GR,D
9:31:35,JSMR,RG,4250,1,D,AK,GR,D
9:31:35,JSMR,RG,4250,2,D,PD,GR,D
9:31:35,JSMR,RG,4250,10,D,AT,GR,D
9:31:35,JSMR,RG,4250,2,D,PD,GR,D
9:31:35,JSMR,RG,4250,5,D,YP,GR,D
9:31:35,JSMR,RG,4250,1,D,YJ,GR,D
9:31:35,JSMR,RG,4250,2,D,XC,GR,D
9:31:35,JSMR,RG,4250,1,D,CC,GR,D
9:31:35,JSMR,RG,4250,24,D,YP,GR,D
9:31:34,JSMR,RG,4260,2,D,PD,BK,F
9:31:31,JSMR,RG,4250,26,D,YP,AZ,D
9:31:31,JSMR,RG,4250,1,D,ZP,AZ,D
9:31:31,JSMR,RG,4250,10,D,CC,AZ,D
9:31:31,JSMR,RG,4250,2,D,YP,AZ,D
9:31:31,JSMR,RG,4250,11,D,CC,AZ,D
9:30:51,JSMR,RG,4260,8,D,LG,BK,F
9:30:33,JSMR,RG,4260,57,D,CC,BK,F
9:30:33,JSMR,RG,4260,63,D,CC,BK,F
9:29:29,JSMR,RG,4260,1,D,XC,BK,F
9:29:28,JSMR,RG,4250,45,D,CC,LG,D
9:29:26,JSMR,RG,4260,1,D,NI,BK,F
9:26:26,JSMR,RG,4260,4,D,XC,BK,F
9:26:00,JSMR,RG,4260,1,D,YP,BK,F
9:25:53,JSMR,RG,4260,1,D,CC,BK,F
9:25:51,JSMR,RG,4260,18,D,YP,BK,F
9:24:43,JSMR,RG,4260,5,D,BQ,BK,F
9:24:08,JSMR,RG,4260,5,D,EP,BK,F
9:23:38,JSMR,RG,4260,3,D,PD,BK,F
9:23:38,JSMR,RG,4260,2,D,PD,CC,D
9:23:38,JSMR,RG,4260,15,D,PD,CC,D
9:23:03,JSMR,RG,4250,1,D,CC,XC,D
9:22:40,JSMR,RG,4250,14,D,CC,CC,D
9:22:39,JSMR,RG,4250,2,D,CC,NI,D
9:22:02,JSMR,RG,4250,1,D,CC,YP,D
9:21:49,JSMR,RG,4250,3,D,CC,KK,D
9:21:26,JSMR,RG,4260,1,D,AK,CC,D
9:21:26,JSMR,RG,4260,4,D,PD,CC,D
9:20:50,JSMR,RG,4260,11,D,PD,AG,D
9:20:50,JSMR,RG,4260,1,D,AK,AG,D
9:20:50,JSMR,RG,4260,5,D,YP,AG,D
9:20:50,JSMR,RG,4260,10,D,LG,AG,D
9:20:50,JSMR,RG,4260,10,D,PD,AG,D
9:20:50,JSMR,RG,4260,1,D,YJ,AG,D
9:20:50,JSMR,RG,4260,8,D,DX,AG,D
9:20:50,JSMR,RG,4260,4,D,NI,AG,D
9:20:00,JSMR,RG,4270,15,D,PD,AG,D
9:19:55,JSMR,RG,4270,1,D,CC,AG,D
9:19:47,JSMR,RG,4270,4,D,XC,AG,D
9:19:28,JSMR,RG,4270,1,D,XC,AG,D
9:18:56,JSMR,RG,4270,35,D,PD,AG,D
9:17:32,JSMR,RG,4270,1,D,PD,AG,D
9:16:47,JSMR,RG,4270,10,D,XC,AG,D
9:16:17,JSMR,RG,4270,2,D,NI,AG,D
9:16:09,JSMR,RG,4260,5,D,NI,YP,D
9:15:47,JSMR,RG,4270,12,D,CC,AG,D
9:15:30,JSMR,RG,4260,1,D,NI,XC,D
9:15:17,JSMR,RG,4270,2,D,XC,AG,D
9:14:23,JSMR,RG,4270,2,D,XC,AG,D
9:14:10,JSMR,RG,4260,10,D,PD,AG,D
9:14:10,JSMR,RG,4260,5,D,NI,AG,D
9:14:10,JSMR,RG,4260,10,D,CD,AG,D
9:14:10,JSMR,RG,4260,25,D,PD,AG,D
9:14:01,JSMR,RG,4270,15,D,GR,AK,F
9:14:01,JSMR,RG,4270,5,D,OD,AK,F
9:14:01,JSMR,RG,4270,7,D,EP,AK,F
9:14:01,JSMR,RG,4270,115,D,DR,AK,F
9:14:00,JSMR,RG,4270,135,D,DR,AK,F
9:14:00,JSMR,RG,4270,1,D,AK,AK,F
9:14:00,JSMR,RG,4270,10,D,CC,AK,F
9:14:00,JSMR,RG,4270,10,D,DR,AK,F
9:14:00,JSMR,RG,4270,1,D,XC,AK,F
9:14:00,JSMR,RG,4270,2,D,YJ,AK,F
9:14:00,JSMR,RG,4270,91,D,YP,AK,F
9:13:59,JSMR,RG,4270,1,D,YP,XC,D
9:13:22,JSMR,RG,4270,4,D,YP,YB,D
9:13:10,JSMR,RG,4280,1,D,YJ,AK,F
9:13:10,JSMR,RG,4280,13,D,PD,AK,F
9:13:10,JSMR,RG,4280,1,D,AK,AK,F
9:13:10,JSMR,RG,4280,73,D,LG,AK,F
9:12:43,JSMR,RG,4280,2,D,LG,PD,D
9:12:35,JSMR,RG,4290,1,D,YJ,AK,F
9:11:49,JSMR,RG,4290,2,D,XC,AK,F
9:11:41,JSMR,RG,4290,100,D,OD,AK,F
9:11:15,JSMR,RG,4290,4,D,OD,AK,F
9:11:15,JSMR,RG,4290,1,D,OD,NI,D
9:11:11,JSMR,RG,4290,4,D,XA,NI,D
9:11:11,JSMR,RG,4290,5,D,XA,NI,D
9:11:11,JSMR,RG,4290,1,D,XA,PD,D
9:11:04,JSMR,RG,4290,1,D,XC,PD,D
9:11:04,JSMR,RG,4290,1,D,XC,YP,D
9:10:37,JSMR,RG,4270,4,D,YP,XC,D
9:09:21,JSMR,RG,4270,1,D,ZP,BK,F
9:09:11,JSMR,RG,4270,98,D,SQ,BK,F
9:09:11,JSMR,RG,4270,1,D,SQ,PD,D
9:09:11,JSMR,RG,4270,1,D,SQ,YP,D
9:08:32,JSMR,RG,4260,56,F,AK,BK,F
9:08:16,JSMR,RG,4250,15,D,CC,CC,D
9:07:41,JSMR,RG,4250,8,D,CC,CC,D
9:07:41,JSMR,RG,4250,1,D,YP,CC,D
9:07:41,JSMR,RG,4250,1,D,XC,CC,D
9:06:32,JSMR,RG,4240,12,D,PD,PD,D
9:06:32,JSMR,RG,4240,1,D,YP,PD,D
9:06:32,JSMR,RG,4240,2,D,LG,PD,D
9:06:32,JSMR,RG,4240,9,D,DX,PD,D
9:06:27,JSMR,RG,4260,10,D,NI,BK,F
9:06:26,JSMR,RG,4260,1,D,CC,YP,D
9:06:11,JSMR,RG,4240,1,D,DX,XC,D
9:06:11,JSMR,RG,4240,10,D,PD,XC,D
9:06:11,JSMR,RG,4250,4,D,BQ,XC,D
9:05:56,JSMR,RG,4240,10,D,PD,YB,D
9:05:56,JSMR,RG,4240,3,D,CC,YB,D
9:05:56,JSMR,RG,4240,1,D,YU,YB,D
9:05:56,JSMR,RG,4240,1,D,CC,YB,D
9:05:56,JSMR,RG,4240,2,D,LG,YB,D
9:05:56,JSMR,RG,4240,1,D,YJ,YB,D
9:05:56,JSMR,RG,4240,4,D,YP,YB,D
9:05:56,JSMR,RG,4240,1,D,AK,YB,D
9:05:56,JSMR,RG,4240,1,D,PD,YB,D
9:05:56,JSMR,RG,4240,5,D,YP,YB,D
9:05:56,JSMR,RG,4240,21,D,YP,YB,D
9:05:54,JSMR,RG,4250,1,F,AK,XC,D
9:05:54,JSMR,RG,4250,172,F,AK,BK,F
9:05:53,JSMR,RG,4250,51,F,AK,BK,F
9:05:53,JSMR,RG,4250,5,F,AK,TP,D
9:05:53,JSMR,RG,4250,194,F,AK,BK,F
9:05:52,JSMR,RG,4250,5,D,CC,BK,F
9:05:44,JSMR,RG,4250,1,D,XC,BK,F
9:05:37,JSMR,RG,4240,2,D,YP,YP,D
9:05:30,JSMR,RG,4240,6,D,YP,TF,D
9:05:30,JSMR,RG,4240,9,D,YP,TF,D
9:05:09,JSMR,RG,4240,3,D,YP,TF,D
9:05:09,JSMR,RG,4240,10,D,CC,TF,D
9:05:09,JSMR,RG,4240,2,D,DR,TF,D
9:05:09,JSMR,RG,4250,1,D,YU,BK,F
9:04:54,JSMR,RG,4240,1,D,DR,YB,D
9:04:50,JSMR,RG,4240,12,D,DR,BK,F
9:04:48,JSMR,RG,4250,20,D,AO,BK,F
9:04:46,JSMR,RG,4250,16,D,YB,BK,F
9:04:46,JSMR,RG,4250,4,D,YB,XC,D
9:04:43,JSMR,RG,4250,5,D,CC,XC,D
9:04:43,JSMR,RG,4250,1,D,YP,XC,D
9:04:40,JSMR,RG,4250,2,D,YP,AT,D
9:04:40,JSMR,RG,4250,3,D,CC,AT,D
9:04:33,JSMR,RG,4250,1,D,CC,XC,D
9:04:29,JSMR,RG,4250,1,D,NI,BK,F
9:04:29,JSMR,RG,4250,1,D,PD,BK,F
9:04:29,JSMR,RG,4250,2,D,PD,BK,F
9:04:29,JSMR,RG,4250,1,D,PD,BK,F
9:04:29,JSMR,RG,4250,8,D,NI,BK,F
9:04:29,JSMR,RG,4250,2,D,DH,BK,F
9:04:29,JSMR,RG,4250,1,D,PD,BK,F
9:04:26,JSMR,RG,4260,1,D,YJ,AK,F
9:04:26,JSMR,RG,4260,4,D,YP,AK,F
9:04:26,JSMR,RG,4260,20,D,PD,AK,F
9:04:26,JSMR,RG,4260,5,D,CC,AK,F
9:04:26,JSMR,RG,4260,5,D,XC,AK,F
9:04:26,JSMR,RG,4260,47,D,YP,AK,F
9:04:18,JSMR,RG,4260,16,D,YP,BK,F
9:04:15,JSMR,RG,4270,25,D,CC,BK,F
9:04:07,JSMR,RG,4270,20,D,YB,BK,F
9:03:57,JSMR,RG,4270,5,D,CC,BK,F
9:03:49,JSMR,RG,4270,2,D,YP,BK,F
9:03:49,JSMR,RG,4270,1,D,YP,PD,D
9:03:47,JSMR,RG,4270,1,D,KK,PD,D
9:03:36,JSMR,RG,4260,13,D,YP,BK,F
9:03:32,JSMR,RG,4270,2,D,YP,PD,D
9:03:30,JSMR,RG,4260,22,D,YP,BK,F
9:03:30,JSMR,RG,4260,3,D,XC,BK,F
9:03:25,JSMR,RG,4270,20,F,BK,BK,F
9:03:25,JSMR,RG,4270,10,D,DR,BK,F
9:03:25,JSMR,RG,4270,100,D,MK,BK,F
9:03:25,JSMR,RG,4270,1,D,PD,BK,F
9:03:25,JSMR,RG,4270,7,D,KK,BK,F
9:03:20,JSMR,RG,4280,10,D,PD,BK,F
9:03:20,JSMR,RG,4280,50,D,MK,BK,F
9:03:20,JSMR,RG,4280,2,D,NI,BK,F
9:03:20,JSMR,RG,4280,4,D,EP,BK,F
9:03:20,JSMR,RG,4280,3,D,HP,BK,F
9:03:14,JSMR,RG,4300,3,D,KK,BK,F
9:03:09,JSMR,RG,4290,1,D,XC,AK,F
9:03:09,JSMR,RG,4290,1,D,PD,AK,F
9:03:09,JSMR,RG,4290,10,D,DR,AK,F
9:03:09,JSMR,RG,4290,20,D,MK,AK,F
9:03:09,JSMR,RG,4290,1,D,XC,AK,F
9:03:08,JSMR,RG,4300,1,D,XC,AK,F
9:03:08,JSMR,RG,4300,1,D,CC,AK,F
9:03:08,JSMR,RG,4300,2,D,YP,AK,F
9:03:08,JSMR,RG,4300,10,D,DR,AK,F
9:03:08,JSMR,RG,4300,5,D,PD,AK,F
9:03:08,JSMR,RG,4300,10,D,BQ,AK,F
9:03:08,JSMR,RG,4300,1,D,NI,AK,F
9:03:08,JSMR,RG,4300,1,D,YP,AK,F
9:03:08,JSMR,RG,4300,10,D,CC,AK,F
9:03:08,JSMR,RG,4300,50,D,CC,AK,F
9:03:08,JSMR,RG,4300,24,D,PD,AK,F
9:03:08,JSMR,RG,4300,10,D,CC,AK,F
9:03:08,JSMR,RG,4300,15,D,LG,AK,F
9:03:08,JSMR,RG,4300,30,D,CC,AK,F
9:03:08,JSMR,RG,4300,5,D,PD,AK,F
9:03:08,JSMR,RG,4300,1,D,PD,AK,F
9:03:08,JSMR,RG,4300,1000,D,YP,AK,F
9:03:08,JSMR,RG,4300,1,D,YP,AK,F
9:03:08,JSMR,RG,4300,1,D,YP,AK,F
9:03:08,JSMR,RG,4300,9,D,YP,CC,D
9:03:08,JSMR,RG,4300,3,D,CC,CC,D
9:03:08,JSMR,RG,4300,46,D,CC,CC,D
9:03:08,JSMR,RG,4300,10,D,CC,CC,D
9:03:08,JSMR,RG,4300,9,D,CC,CC,D
9:03:08,JSMR,RG,4300,50,D,LG,CC,D
9:03:08,JSMR,RG,4300,5,D,CC,CC,D
9:03:08,JSMR,RG,4300,1,D,PD,CC,D
9:03:08,JSMR,RG,4300,4,D,EP,CC,D
9:03:08,JSMR,RG,4300,1,D,PD,CC,D
9:03:08,JSMR,RG,4300,3,D,XC,CC,D
9:03:08,JSMR,RG,4300,30,D,XC,CC,D
9:03:08,JSMR,RG,4300,1,D,XC,CC,D
9:03:06,JSMR,RG,4310,10,D,DR,SQ,D
9:03:05,JSMR,RG,4310,3,D,PD,SQ,D
9:02:58,JSMR,RG,4300,8,D,XC,PD,D
9:02:58,JSMR,RG,4300,2,D,XC,PD,D
9:02:48,JSMR,RG,4310,5,D,PD,SQ,D
9:02:33,JSMR,RG,4310,10,D,LG,SQ,D
9:02:25,JSMR,RG,4310,6,D,KK,SQ,D
9:02:19,JSMR,RG,4310,1,D,XC,SQ,D
9:02:16,JSMR,RG,4310,8,D,CC,SQ,D
9:01:57,JSMR,RG,4310,50,D,CC,SQ,D
9:01:57,JSMR,RG,4310,1,D,NI,SQ,D
9:01:57,JSMR,RG,4310,100,D,YP,SQ,D
9:01:57,JSMR,RG,4310,52,D,YP,SQ,D
9:01:57,JSMR,RG,4310,50,D,NI,SQ,D
9:01:57,JSMR,RG,4310,1,D,AK,SQ,D
9:01:46,JSMR,RG,4310,20,D,XC,GR,D
9:01:46,JSMR,RG,4310,5,D,CC,GR,D
9:01:30,JSMR,RG,4310,1,D,CC,PD,D
9:01:12,JSMR,RG,4320,20,D,YP,CC,D
9:01:11,JSMR,RG,4310,4,D,CC,YP,D
9:01:11,JSMR,RG,4310,1,D,CC,YP,D
9:01:11,JSMR,RG,4310,4,D,CC,YP,D
9:01:09,JSMR,RG,4310,2,D,CC,YP,D
9:01:09,JSMR,RG,4310,1,D,CC,YP,D
9:01:07,JSMR,RG,4310,1,D,CC,SQ,D
9:01:07,JSMR,RG,4310,19,D,CC,SQ,D
9:01:05,JSMR,RG,4310,1,D,CC,CC,D
9:00:46,JSMR,RG,4310,10,D,CC,PD,D
9:00:46,JSMR,RG,4310,10,D,CC,PD,D
9:00:46,JSMR,RG,4310,2,D,AK,PD,D
9:00:46,JSMR,RG,4310,1,D,PD,PD,D
9:00:46,JSMR,RG,4310,10,D,XC,PD,D
9:00:46,JSMR,RG,4310,1,D,XC,PD,D
9:00:46,JSMR,RG,4310,1,D,YP,PD,D
9:00:46,JSMR,RG,4310,4,D,DR,PD,D
9:00:46,JSMR,RG,4310,11,D,CC,PD,D
9:00:45,JSMR,RG,4320,5,D,XC,CC,D
9:00:34,JSMR,RG,4310,10,D,CC,DR,D
9:00:33,JSMR,RG,4320,10,D,CC,CC,D
9:00:32,JSMR,RG,4320,2,D,DR,CC,D
9:00:32,JSMR,RG,4320,1,D,DR,YP,D
9:00:32,JSMR,RG,4320,1,D,DR,PD,D
9:00:32,JSMR,RG,4320,20,D,DR,SQ,D
9:00:32,JSMR,RG,4320,1,D,DR,PD,D
9:00:32,JSMR,RG,4320,7,D,DR,DH,D
9:00:32,JSMR,RG,4320,3,D,DR,PD,D
9:00:32,JSMR,RG,4310,7,D,CC,SQ,D
9:00:26,JSMR,RG,4310,10,D,CC,NI,D
9:00:19,JSMR,RG,4320,1,D,LG,PD,D
9:00:19,JSMR,RG,4320,9,D,LG,XL,D
9:00:17,JSMR,RG,4320,1,D,PD,XL,D
9:00:12,JSMR,RG,4320,2,D,ZP,YB,D
9:00:10,JSMR,RG,4310,12,D,CC,PD,D
9:00:10,JSMR,RG,4310,48,D,SQ,PD,D
9:00:09,JSMR,RG,4310,2,D,SQ,OD,D
9:00:08,JSMR,RG,4310,50,D,SQ,PD,D
9:00:07,JSMR,RG,4320,1,D,XL,YB,D
9:00:04,JSMR,RG,4310,12,D,YP,OD,D
9:00:04,JSMR,RG,4310,8,D,CC,OD,D
9:00:04,JSMR,RG,4310,5,D,CC,OD,D
9:00:02,JSMR,RG,4310,4,D,CC,YP,D
8:55:00,JSMR,RG,4310,20,D,CC,EP,D
8:55:00,JSMR,RG,4310,2,D,CC,YP,D
8:55:00,JSMR,RG,4310,100,D,CC,AG,D
8:55:00,JSMR,RG,4310,1,D,CC,PD,D
8:55:00,JSMR,RG,4310,3,D,CC,YB,D
8:55:00,JSMR,RG,4310,29,D,CC,KK,D
8:55:00,JSMR,RG,4310,20,D,CC,EP,D
8:55:00,JSMR,RG,4310,1,D,CC,YP,D
8:55:00,JSMR,RG,4310,1,D,CC,LG,D
8:55:00,JSMR,RG,4310,6,D,CC,AG,D
8:55:00,JSMR,RG,4310,10,D,YB,AG,D
8:55:00,JSMR,RG,4310,84,D,ZP,AG,D
8:55:00,JSMR,RG,4310,3,D,ZP,PD,D
8:55:00,JSMR,RG,4310,10,D,ZP,PD,D
8:55:00,JSMR,RG,4310,1,D,ZP,DX,D
8:55:00,JSMR,RG,4310,2,D,ZP,XL,D
8:55:00,JSMR,RG,4310,3,D,CC,XL,D
8:55:00,JSMR,RG,4310,15,D,CC,PD,D
8:55:00,JSMR,RG,4310,10,D,CC,AZ,D
8:55:00,JSMR,RG,4310,1,D,CC,LG,D
8:55:00,JSMR,RG,4310,1,D,CC,PD,D
8:55:00,JSMR,RG,4310,1,D,AK,PD,D