Time,Stock,Brd,Price,Qty,BT,BC,SC,ST
15:09:24,JSMR,RG,3930,2,F,CS,NI,D
15:08:23,JSMR,RG,3930,50,F,CS,NI,D
15:08:02,JSMR,RG,3930,5,F,CS,NI,D
15:07:40,JSMR,RG,3930,6,F,CS,CC,D
15:05:11,JSMR,RG,3930,1,F,CS,KK,D
15:05:02,JSMR,RG,3930,189,F,CS,OD,D
15:05:02,JSMR,RG,3930,372,F,CS,OD,D
15:05:02,JSMR,RG,3930,372,F,CS,OD,D
15:05:02,JSMR,RG,3930,336,F,CS,OD,D
15:05:00,JSMR,RG,3930,25,F,CS,FS,D
15:00:00,JSMR,RG,3930,1,F,CS,XC,D
15:00:00,JSMR,RG,3930,5,F,CS,XC,D
15:00:00,JSMR,RG,3930,1,F,CS,KK,D
15:00:00,JSMR,RG,3930,4,F,CS,EP,D
15:00:00,JSMR,RG,3930,19,F,CS,EP,D
15:00:00,JSMR,RG,3930,5,F,CS,NI,D
15:00:00,JSMR,RG,3930,348,F,CS,OD,D
15:00:00,JSMR,RG,3930,2,D,YP,OD,D
15:00:00,JSMR,RG,3930,1,D,PD,OD,D
15:00:00,JSMR,RG,3930,20,D,PD,OD,D
15:00:00,JSMR,RG,3930,15,D,YP,OD,D
15:00:00,JSMR,RG,3930,50,D,AZ,OD,D
15:00:00,JSMR,RG,3930,25,D,AZ,OD,D
15:00:00,JSMR,RG,3930,8,D,PD,OD,D
15:00:00,JSMR,RG,3930,1,D,XC,OD,D
15:00:00,JSMR,RG,3930,3,D,PD,OD,D
15:00:00,JSMR,RG,3930,2,D,CP,OD,D
15:00:00,JSMR,RG,3930,5,D,NI,OD,D
15:00:00,JSMR,RG,3930,20,D,NI,OD,D
15:00:00,JSMR,RG,3930,2,D,PD,OD,D
15:00:00,JSMR,RG,3930,100,D,KK,OD,D
15:00:00,JSMR,RG,3930,1,D,NI,OD,D
15:00:00,JSMR,RG,3930,2,D,XC,OD,D
15:00:00,JSMR,RG,3930,1,D,NI,OD,D
15:00:00,JSMR,RG,3930,1,D,XC,OD,D
15:00:00,JSMR,RG,3930,10,D,YP,OD,D
15:00:00,JSMR,RG,3930,22,D,OD,OD,D
15:00:00,JSMR,RG,3930,200,D,CC,OD,D
15:00:00,JSMR,RG,3930,209,F,CS,OD,D
15:00:00,JSMR,RG,3930,371,F,CS,OD,D
15:00:00,JSMR,RG,3930,371,F,CS,OD,D
15:00:00,JSMR,RG,3930,2,D,YP,OD,D
15:00:00,JSMR,RG,3930,10,D,RG,OD,D
15:00:00,JSMR,RG,3930,25,D,AZ,OD,D
15:00:00,JSMR,RG,3930,1,D,YP,OD,D
15:00:00,JSMR,RG,3930,10,D,PD,OD,D
15:00:00,JSMR,RG,3930,1,D,PD,OD,D
15:00:00,JSMR,RG,3930,4,D,PD,OD,D
15:00:00,JSMR,RG,3930,1,D,XC,OD,D
15:00:00,JSMR,RG,3930,10,D,NI,OD,D
15:00:00,JSMR,RG,3930,1,D,XC,OD,D
15:00:00,JSMR,RG,3930,1,D,XC,OD,D
15:00:00,JSMR,RG,3930,4,D,YP,OD,D
15:00:00,JSMR,RG,3930,628,D,PP,OD,D
15:00:00,JSMR,RG,3930,5,D,NI,OD,D
15:00:00,JSMR,RG,3930,607,D,GR,OD,D
15:00:00,JSMR,RG,3930,20,D,GR,DR,D
15:00:00,JSMR,RG,3930,10,D,GR,YP,D
15:00:00,JSMR,RG,3930,40,D,GR,YU,D
15:00:00,JSMR,RG,3930,21,D,GR,YP,D
15:00:00,JSMR,RG,3930,6,D,YP,YP,D
15:00:00,JSMR,RG,3930,2,D,YP,YP,D
15:00:00,JSMR,RG,3930,21,F,AK,YP,D
15:00:00,JSMR,RG,3930,248,F,AK,BK,F
15:00:00,JSMR,RG,3930,128,D,AK,BK,F
15:00:00,JSMR,RG,3930,220,D,KZ,BK,F
14:49:49,JSMR,RG,3930,1,D,OD,GR,D
14:49:21,JSMR,RG,3930,2,D,OD,HP,D
14:49:02,JSMR,RG,3920,5,D,LG,ZP,F
14:49:02,JSMR,RG,3920,2,D,LG,ZP,F
14:49:01,JSMR,RG,3930,1,D,YP,ZP,F
14:49:01,JSMR,RG,3930,1,D,PD,ZP,F
14:48:28,JSMR,RG,3940,4,D,KK,YP,D
14:48:09,JSMR,RG,3940,1,D,KZ,YP,D
14:48:09,JSMR,RG,3940,2,D,KZ,YP,D
14:48:04,JSMR,RG,3930,5,D,KZ,AZ,D
14:48:04,JSMR,RG,3920,66,D,LG,KZ,D
14:48:02,JSMR,RG,3930,10,F,AK,KZ,D
14:48:02,JSMR,RG,3930,8,F,AK,ZP,F
14:48:02,JSMR,RG,3930,64,F,AK,YP,D
14:48:02,JSMR,RG,3930,1,F,AK,CC,F
14:48:02,JSMR,RG,3930,55,F,AK,CS,F
14:47:55,JSMR,RG,3930,1,D,EP,CS,F
14:47:40,JSMR,RG,3920,11,D,LG,KZ,D
14:47:40,JSMR,RG,3920,1,D,CS,KZ,D
14:47:39,JSMR,RG,3920,15,D,CS,KZ,D
14:47:32,JSMR,RG,3920,9,D,CS,KZ,D
14:47:31,JSMR,RG,3920,10,D,YP,KZ,D
14:47:27,JSMR,RG,3920,2,F,OD,KZ,D
14:47:23,JSMR,RG,3920,2,D,CC,KZ,D
14:47:22,JSMR,RG,3910,90,F,YP,LG,D
14:47:22,JSMR,RG,3910,9,F,YP,LG,D
14:47:22,JSMR,RG,3910,10,D,OD,LG,D
14:47:22,JSMR,RG,3910,1,D,XC,LG,D
14:47:22,JSMR,RG,3910,10,D,NI,LG,D
14:47:22,JSMR,RG,3910,25,D,NI,LG,D
14:47:22,JSMR,RG,3910,5,D,KK,LG,D
14:47:22,JSMR,RG,3910,30,D,KK,LG,D
14:47:22,JSMR,RG,3920,68,D,PD,KZ,D
14:47:22,JSMR,RG,3920,32,D,PD,ZP,F
14:47:17,JSMR,RG,3920,3,D,DR,ZP,F
14:47:17,JSMR,RG,3920,1,D,DR,KZ,D
14:47:17,JSMR,RG,3920,2,D,DR,KZ,D
14:47:17,JSMR,RG,3920,4,D,DR,KZ,D
14:47:12,JSMR,RG,3920,5,D,CP,KZ,D
14:47:03,JSMR,RG,3920,3,D,PD,KZ,D
14:47:03,JSMR,RG,3920,12,D,PD,ZP,F
14:46:31,JSMR,RG,3910,10,D,KK,BK,F
14:46:29,JSMR,RG,3910,10,D,KK,BK,F
14:46:24,JSMR,RG,3910,54,D,KK,BK,F
14:46:24,JSMR,RG,3910,11,D,KK,KZ,D
14:46:20,JSMR,RG,3910,10,D,KK,KK,D
14:46:19,JSMR,RG,3910,70,D,KK,NI,D
14:46:19,JSMR,RG,3910,20,D,CC,NI,D
14:46:19,JSMR,RG,3910,11,D,OD,NI,D
14:46:19,JSMR,RG,3910,2,D,LS,NI,D
14:46:19,JSMR,RG,3910,10,D,CC,NI,D
14:46:19,JSMR,RG,3910,50,D,YP,NI,D
14:46:19,JSMR,RG,3910,1,D,PD,NI,D
14:46:19,JSMR,RG,3910,25,D,HD,NI,D
14:46:19,JSMR,RG,3910,6,D,XC,NI,D
14:46:19,JSMR,RG,3910,5,D,AI,NI,D
14:46:19,JSMR,RG,3910,20,D,PD,NI,D
14:46:19,JSMR,RG,3910,3,D,YP,NI,D
14:46:19,JSMR,RG,3910,5,D,LG,NI,D
14:46:19,JSMR,RG,3910,10,D,PD,NI,D
14:46:19,JSMR,RG,3910,1,D,SQ,NI,D
14:46:19,JSMR,RG,3910,2,D,PD,NI,D
14:46:19,JSMR,RG,3910,3,D,YP,NI,D
14:46:19,JSMR,RG,3910,6,D,YP,NI,D
14:46:18,JSMR,RG,3910,4,D,YP,BK,F
14:46:18,JSMR,RG,3910,10,D,YP,BK,F
14:46:18,JSMR,RG,3910,20,D,CC,BK,F
14:46:18,JSMR,RG,3910,5,D,CC,BK,F
14:46:18,JSMR,RG,3910,6,D,PD,BK,F
14:46:18,JSMR,RG,3910,2,D,DH,BK,F
14:46:18,JSMR,RG,3910,1,D,KK,BK,F
14:46:18,JSMR,RG,3910,1,D,PD,BK,F
14:46:18,JSMR,RG,3910,1,D,YP,BK,F
14:46:18,JSMR,RG,3910,3,D,NI,BK,F
14:46:18,JSMR,RG,3910,1,D,YP,BK,F
14:46:18,JSMR,RG,3910,1,D,YP,BK,F
14:46:18,JSMR,RG,3910,1,D,YP,BK,F
14:46:18,JSMR,RG,3910,2,D,YP,BK,F
14:46:18,JSMR,RG,3910,1,D,PD,BK,F
14:46:13,JSMR,RG,3920,45,D,CS,BK,F
14:46:13,JSMR,RG,3920,42,D,CS,BK,F
14:46:13,JSMR,RG,3920,65,F,AK,BK,F
14:46:13,JSMR,RG,3920,17,D,YP,BK,F
14:46:13,JSMR,RG,3920,1,D,YP,BK,F
14:46:13,JSMR,RG,3920,27,D,YB,BK,F
14:46:13,JSMR,RG,3920,24,D,YB,ZP,F
14:46:13,JSMR,RG,3920,18,D,PD,ZP,F
14:46:12,JSMR,RG,3920,1,D,PD,OD,D
14:46:12,JSMR,RG,3920,1,D,XC,OD,D
14:46:12,JSMR,RG,3920,1,D,EP,OD,D
14:46:12,JSMR,RG,3920,50,D,OD,OD,D
14:46:12,JSMR,RG,3920,12,D,DR,OD,D
14:46:12,JSMR,RG,3920,52,F,AK,OD,D
14:46:12,JSMR,RG,3920,7,D,NI,OD,D
14:46:12,JSMR,RG,3920,6,D,PD,OD,D
14:46:12,JSMR,RG,3920,1,D,XC,OD,D
14:46:12,JSMR,RG,3920,10,D,YP,OD,D
14:46:12,JSMR,RG,3920,2,D,KK,OD,D
14:46:12,JSMR,RG,3920,100,D,NI,OD,D
14:46:12,JSMR,RG,3920,1,D,KK,OD,D
14:46:12,JSMR,RG,3920,20,D,DR,OD,D
14:46:12,JSMR,RG,3920,1,D,YP,OD,D
14:46:12,JSMR,RG,3920,25,D,ZP,OD,D
14:46:12,JSMR,RG,3920,11,D,OD,OD,D
14:46:12,JSMR,RG,3920,1,D,PD,OD,D
14:46:12,JSMR,RG,3920,50,D,EP,OD,D
14:46:12,JSMR,RG,3920,4,D,CC,OD,D
14:46:12,JSMR,RG,3920,17,D,YP,OD,D
14:46:12,JSMR,RG,3920,200,D,NI,OD,D
14:46:12,JSMR,RG,3920,20,D,CC,OD,D
14:46:12,JSMR,RG,3920,5,D,GR,OD,D
14:46:12,JSMR,RG,3920,33,D,PD,OD,D
14:46:12,JSMR,RG,3920,3,D,YP,OD,D
14:46:12,JSMR,RG,3920,10,D,GR,OD,D
14:46:12,JSMR,RG,3920,5,D,DR,OD,D
14:46:12,JSMR,RG,3920,1,D,PD,OD,D
14:46:12,JSMR,RG,3920,2,D,PD,OD,D
14:46:12,JSMR,RG,3920,10,D,DR,OD,D
14:46:12,JSMR,RG,3920,1,D,DH,OD,D
14:46:12,JSMR,RG,3920,2,D,KK,OD,D
14:46:12,JSMR,RG,3920,1,D,KK,OD,D
14:46:12,JSMR,RG,3920,100,D,CP,OD,D
14:46:12,JSMR,RG,3920,5,D,YP,OD,D
14:46:12,JSMR,RG,3920,2,D,EP,OD,D
14:46:12,JSMR,RG,3920,727,D,YJ,OD,D
14:46:09,JSMR,RG,3930,12,D,KZ,CS,F
14:45:50,JSMR,RG,3930,50,D,PD,CS,F
14:45:38,JSMR,RG,3920,170,D,YJ,BQ,D
14:44:55,JSMR,RG,3920,12,D,YJ,DX,D
14:44:52,JSMR,RG,3930,1,D,OD,CS,F
14:44:43,JSMR,RG,3930,10,D,PD,CS,F
14:44:31,JSMR,RG,3920,4,D,YJ,YU,D
14:44:30,JSMR,RG,3920,16,D,YJ,YU,D
14:44:25,JSMR,RG,3920,14,D,YJ,DX,D
14:44:24,JSMR,RG,3930,20,D,NI,CS,F
14:44:14,JSMR,RG,3930,3,D,NI,CS,F
14:44:08,JSMR,RG,3930,1,D,CC,CS,F
14:44:02,JSMR,RG,3930,50,D,OD,CS,F
14:44:00,JSMR,RG,3930,4,D,YP,CS,F
14:44:00,JSMR,RG,3930,6,D,YP,PD,D
14:43:44,JSMR,RG,3930,239,D,AR,BK,F
14:43:44,JSMR,RG,3930,110,D,AR,KZ,D
14:43:44,JSMR,RG,3930,4,D,AR,YU,D
14:43:44,JSMR,RG,3930,13,D,AR,YU,D
14:43:44,JSMR,RG,3930,3,D,AR,YU,D
14:43:44,JSMR,RG,3930,79,D,AR,ZP,F
14:43:44,JSMR,RG,3930,15,D,AR,YU,D
14:43:44,JSMR,RG,3930,219,D,AR,OD,D
14:43:37,JSMR,RG,3930,5,D,PD,OD,D
14:43:16,JSMR,RG,3920,16,D,YJ,BK,F
14:43:15,JSMR,RG,3930,2,D,PD,OD,D
14:43:12,JSMR,RG,3930,5,D,XC,OD,D
14:43:12,JSMR,RG,3920,41,D,YJ,BK,F
14:43:12,JSMR,RG,3920,1,D,PD,BK,F
14:43:12,JSMR,RG,3920,2,D,KK,BK,F
14:43:11,JSMR,RG,3920,2,D,KK,YP,D
14:43:11,JSMR,RG,3920,23,D,KK,YP,D
14:43:11,JSMR,RG,3920,1,D,OD,YP,D
14:43:11,JSMR,RG,3920,1,D,SQ,YP,D
14:43:11,JSMR,RG,3920,1,D,YP,YP,D
14:43:10,JSMR,RG,3920,1,D,YP,NI,D
14:43:10,JSMR,RG,3930,3,D,KK,OD,D
14:43:10,JSMR,RG,3920,3,D,YP,BK,F
14:43:10,JSMR,RG,3920,10,D,YP,BK,F
14:43:10,JSMR,RG,3920,32,D,YP,BK,F
14:43:10,JSMR,RG,3920,100,D,CC,BK,F
14:43:10,JSMR,RG,3920,1,D,CC,BK,F
14:43:10,JSMR,RG,3920,5,D,KK,BK,F
14:43:10,JSMR,RG,3920,1,D,AZ,BK,F
14:43:10,JSMR,RG,3920,30,D,CC,BK,F
14:43:10,JSMR,RG,3920,1,D,NI,BK,F
14:43:10,JSMR,RG,3920,5,D,YP,BK,F
14:43:10,JSMR,RG,3920,5,D,DR,BK,F
14:43:10,JSMR,RG,3920,2,D,NI,BK,F
14:43:10,JSMR,RG,3920,15,D,KK,BK,F
14:43:10,JSMR,RG,3920,5,D,KK,BK,F
14:43:10,JSMR,RG,3920,2,D,KK,BK,F
14:43:10,JSMR,RG,3920,2,D,YP,BK,F
14:43:10,JSMR,RG,3920,1,D,YP,BK,F
14:43:10,JSMR,RG,3920,1,D,PD,BK,F
14:43:06,JSMR,RG,3930,133,F,AK,OD,D
14:43:06,JSMR,RG,3930,158,D,CS,OD,D
14:43:06,JSMR,RG,3930,2,D,OD,OD,D
14:43:06,JSMR,RG,3930,2,D,EP,OD,D
14:43:06,JSMR,RG,3930,1,D,XC,OD,D
14:43:06,JSMR,RG,3930,5,D,YP,OD,D
14:43:06,JSMR,RG,3930,105,D,YP,OD,D
14:43:06,JSMR,RG,3930,12,D,YP,OD,D
14:43:06,JSMR,RG,3930,11,D,KZ,OD,D
14:43:06,JSMR,RG,3930,4,D,EP,OD,D
14:43:06,JSMR,RG,3930,10,D,YP,OD,D
14:43:06,JSMR,RG,3930,3,D,KZ,OD,D
14:43:06,JSMR,RG,3930,7,D,CS,OD,D
14:43:06,JSMR,RG,3930,1,D,KZ,OD,D
14:43:06,JSMR,RG,3930,1,D,YP,OD,D
14:43:06,JSMR,RG,3930,6,D,CS,OD,D
14:43:06,JSMR,RG,3930,10,D,CS,OD,D
14:43:06,JSMR,RG,3930,22,D,CS,OD,D
14:43:06,JSMR,RG,3930,10,D,CS,OD,D
14:43:06,JSMR,RG,3930,2,D,CS,OD,D
14:43:06,JSMR,RG,3930,14,D,CS,OD,D
14:43:06,JSMR,RG,3930,1,D,XA,OD,D
14:43:06,JSMR,RG,3930,4,D,CS,OD,D
14:43:06,JSMR,RG,3930,45,F,AK,OD,D
14:43:06,JSMR,RG,3930,6,D,CS,OD,D
14:43:06,JSMR,RG,3930,21,D,CS,OD,D
14:43:06,JSMR,RG,3930,1,D,KK,OD,D
14:43:06,JSMR,RG,3930,5,D,XC,OD,D
14:43:06,JSMR,RG,3930,17,D,CS,OD,D
14:43:06,JSMR,RG,3930,5,D,XC,OD,D
14:43:06,JSMR,RG,3930,30,D,OD,OD,D
14:43:06,JSMR,RG,3930,13,D,CS,OD,D
14:43:06,JSMR,RG,3930,10,D,CC,OD,D
14:43:06,JSMR,RG,3930,2,D,OD,OD,D
14:43:06,JSMR,RG,3930,5,D,CS,OD,D
14:43:06,JSMR,RG,3930,25,D,ZP,OD,D
14:43:06,JSMR,RG,3930,10,D,CC,OD,D
14:43:06,JSMR,RG,3930,12,D,CS,OD,D
14:43:06,JSMR,RG,3930,22,D,CS,OD,D
14:43:06,JSMR,RG,3930,1,D,KZ,OD,D
14:43:06,JSMR,RG,3930,11,D,OD,OD,D
14:43:06,JSMR,RG,3930,40,D,YB,OD,D
14:43:06,JSMR,RG,3930,100,D,PD,OD,D
14:43:06,JSMR,RG,3930,3,D,YP,OD,D
14:43:06,JSMR,RG,3930,1,D,XC,OD,D
14:43:06,JSMR,RG,3930,168,D,NI,OD,D
14:43:06,JSMR,RG,3930,1,D,YP,OD,D
14:43:06,JSMR,RG,3930,5,D,DH,OD,D
14:43:06,JSMR,RG,3930,2,D,YP,OD,D
14:43:06,JSMR,RG,3930,10,D,KK,OD,D
14:43:06,JSMR,RG,3930,1,D,KK,OD,D
14:43:06,JSMR,RG,3930,1,D,SQ,OD,D
14:43:06,JSMR,RG,3930,20,D,CC,OD,D
14:43:06,JSMR,RG,3930,1,D,OD,OD,D
14:43:06,JSMR,RG,3930,148,D,YP,OD,D
14:43:06,JSMR,RG,3930,2,D,YP,BK,F
14:43:06,JSMR,RG,3930,9,D,YP,BK,F
14:43:00,JSMR,RG,3930,11,D,YP,BK,F
14:43:00,JSMR,RG,3930,8,D,YP,YU,D
14:43:00,JSMR,RG,3930,29,D,YP,YU,D
14:42:56,JSMR,RG,3930,28,D,YP,BK,F
14:42:56,JSMR,RG,3930,22,D,PD,BK,F
14:42:56,JSMR,RG,3930,5,D,CP,BK,F
14:42:56,JSMR,RG,3930,1,D,ZP,BK,F
14:42:56,JSMR,RG,3930,2,D,XC,BK,F
14:42:56,JSMR,RG,3930,3,D,YP,BK,F
14:42:55,JSMR,RG,3930,97,D,YP,BQ,D
14:42:55,JSMR,RG,3930,20,D,CC,BQ,D
14:42:55,JSMR,RG,3930,83,D,SQ,BQ,D
14:42:53,JSMR,RG,3930,17,D,SQ,BQ,D
14:42:53,JSMR,RG,3930,2,D,XC,BQ,D
14:42:53,JSMR,RG,3930,5,D,PD,BQ,D
14:42:53,JSMR,RG,3930,1,D,PD,BQ,D
14:42:53,JSMR,RG,3930,1,D,YP,BQ,D
14:42:53,JSMR,RG,3930,5,D,YP,BQ,D
14:42:53,JSMR,RG,3930,100,D,YP,BQ,D
14:42:53,JSMR,RG,3930,69,D,DR,BQ,D
14:42:41,JSMR,RG,3930,20,D,DR,BK,F
14:42:38,JSMR,RG,3940,50,D,CC,OD,D
14:42:22,JSMR,RG,3940,1,D,OD,OD,D
14:42:20,JSMR,RG,3930,9,D,DR,BK,F
14:42:16,JSMR,RG,3930,32,D,DR,BK,F
14:42:15,JSMR,RG,3930,50,D,DR,PS,D
14:42:13,JSMR,RG,3930,160,D,DR,YP,D
14:42:02,JSMR,RG,3930,11,D,DR,DX,D
14:41:58,JSMR,RG,3940,100,D,YP,OD,D
14:41:50,JSMR,RG,3940,10,D,PD,OD,D
14:41:02,JSMR,RG,3930,8,D,DR,YU,D
14:41:01,JSMR,RG,3930,27,D,DR,YU,D
14:40:58,JSMR,RG,3940,15,D,YP,OD,D
14:40:45,JSMR,RG,3940,50,D,PD,OD,D
14:40:44,JSMR,RG,3940,2,D,OD,OD,D
14:40:22,JSMR,RG,3940,10,D,YP,OD,D
14:39:48,JSMR,RG,3940,1,D,NI,OD,D
14:39:45,JSMR,RG,3930,114,D,DR,BQ,D
14:39:45,JSMR,RG,3930,9,D,SQ,BQ,D
14:39:45,JSMR,RG,3930,27,D,DR,BQ,D
14:39:43,JSMR,RG,3930,42,D,DR,BQ,D
14:39:43,JSMR,RG,3930,3,D,CC,BQ,D
14:39:43,JSMR,RG,3930,1,D,NI,BQ,D
14:39:43,JSMR,RG,3930,136,D,NI,BQ,D
14:39:31,JSMR,RG,3940,2,D,YP,OD,D
14:39:01,JSMR,RG,3940,1,D,OD,OD,D
14:38:20,JSMR,RG,3930,8,D,NI,YU,D
14:38:20,JSMR,RG,3930,29,D,NI,YU,D
14:38:18,JSMR,RG,3940,16,D,YP,OD,D
14:38:18,JSMR,RG,3940,11,D,YP,DX,D
14:38:18,JSMR,RG,3940,23,D,YP,KZ,D
14:38:17,JSMR,RG,3940,66,D,YP,KZ,D
14:38:17,JSMR,RG,3940,34,D,YP,BK,F
14:38:11,JSMR,RG,3930,1,D,NI,KK,D
14:37:26,JSMR,RG,3940,2,D,PD,BK,F
14:37:26,JSMR,RG,3940,8,D,PD,ZP,F
14:37:17,JSMR,RG,3930,14,D,NI,DX,D
14:37:08,JSMR,RG,3940,25,D,PD,ZP,F
14:37:01,JSMR,RG,3930,10,D,NI,BK,F
14:37:00,JSMR,RG,3940,10,D,CC,ZP,F
14:36:58,JSMR,RG,3930,52,D,NI,BK,F
14:36:54,JSMR,RG,3940,84,F,AK,BK,F
14:36:54,JSMR,RG,3940,67,F,AK,ZP,F
14:36:54,JSMR,RG,3940,24,F,AK,ZP,F
14:36:53,JSMR,RG,3940,120,F,AK,OD,D
14:36:53,JSMR,RG,3940,10,D,KZ,OD,D
14:36:53,JSMR,RG,3940,11,D,CS,OD,D
14:36:53,JSMR,RG,3940,19,D,CS,OD,D
14:36:53,JSMR,RG,3940,12,D,CS,OD,D
14:36:53,JSMR,RG,3940,2,D,OD,OD,D
14:36:53,JSMR,RG,3940,11,D,CS,OD,D
14:36:53,JSMR,RG,3940,6,D,CS,OD,D
14:36:53,JSMR,RG,3940,1,D,XC,OD,D
14:36:53,JSMR,RG,3940,15,D,CS,OD,D
14:36:53,JSMR,RG,3940,14,D,CS,OD,D
14:36:53,JSMR,RG,3940,1,D,KK,OD,D
14:36:53,JSMR,RG,3940,25,D,YP,OD,D
14:36:53,JSMR,RG,3940,9,D,CS,OD,D
14:36:53,JSMR,RG,3940,5,D,CS,OD,D
14:36:53,JSMR,RG,3940,2,D,CS,OD,D
14:36:53,JSMR,RG,3940,30,D,PD,OD,D
14:36:53,JSMR,RG,3940,6,D,CS,OD,D
14:36:53,JSMR,RG,3940,1,D,CS,OD,D
14:36:53,JSMR,RG,3940,15,D,CS,OD,D
14:36:53,JSMR,RG,3940,1,D,CS,OD,D
14:36:53,JSMR,RG,3940,15,D,CS,OD,D
14:36:53,JSMR,RG,3940,1,D,KK,OD,D
14:36:53,JSMR,RG,3940,3,D,YP,OD,D
14:36:53,JSMR,RG,3940,13,D,CS,OD,D
14:36:53,JSMR,RG,3940,1,D,SQ,OD,D
14:36:53,JSMR,RG,3940,13,D,CS,OD,D
14:36:53,JSMR,RG,3940,3,D,CS,OD,D
14:36:53,JSMR,RG,3940,19,D,CS,OD,D
14:36:53,JSMR,RG,3940,9,D,KZ,OD,D
14:36:53,JSMR,RG,3940,50,D,PD,OD,D
14:36:53,JSMR,RG,3940,8,D,CS,OD,D
14:36:53,JSMR,RG,3940,10,D,OD,OD,D
14:36:53,JSMR,RG,3940,20,D,CS,OD,D
14:36:53,JSMR,RG,3940,9,D,CS,OD,D
14:36:53,JSMR,RG,3940,17,D,CS,OD,D
14:36:53,JSMR,RG,3940,11,D,CS,OD,D
14:36:53,JSMR,RG,3940,1,D,YP,OD,D
14:36:53,JSMR,RG,3940,18,D,CS,OD,D
14:36:53,JSMR,RG,3940,2,D,LS,OD,D
14:36:53,JSMR,RG,3940,1,D,CS,OD,D
14:36:53,JSMR,RG,3940,2,D,PD,OD,D
14:36:53,JSMR,RG,3940,4,D,PD,OD,D
14:36:53,JSMR,RG,3940,20,D,CS,OD,D
14:36:53,JSMR,RG,3940,6,D,CS,OD,D
14:36:53,JSMR,RG,3940,5,D,CS,OD,D
14:36:53,JSMR,RG,3940,11,D,CS,OD,D
14:36:53,JSMR,RG,3940,12,D,CS,OD,D
14:36:53,JSMR,RG,3940,10,D,YP,OD,D
14:36:53,JSMR,RG,3940,12,D,CS,OD,D
14:36:53,JSMR,RG,3940,1,D,CP,OD,D
14:36:53,JSMR,RG,3940,315,D,IF,OD,D
14:36:53,JSMR,RG,3940,14,D,CS,OD,D
14:36:53,JSMR,RG,3940,6,D,CS,OD,D
14:36:53,JSMR,RG,3940,8,D,KZ,OD,D
14:36:53,JSMR,RG,3940,7,D,CS,OD,D
14:36:53,JSMR,RG,3940,27,F,AK,OD,D
14:36:44,JSMR,RG,3940,74,F,AK,KZ,D
14:36:43,JSMR,RG,3940,150,F,AK,BQ,D
14:36:41,JSMR,RG,3950,83,D,PD,OD,D
14:36:41,JSMR,RG,3950,17,D,PD,LG,D
14:36:41,JSMR,RG,3940,3,F,AK,BQ,D
14:36:41,JSMR,RG,3940,25,D,KK,BQ,D
14:36:41,JSMR,RG,3940,4,D,CS,BQ,D
14:36:41,JSMR,RG,3940,68,D,YP,BQ,D
14:35:41,JSMR,RG,3950,1,D,OD,LG,D
14:35:26,JSMR,RG,3940,15,D,YP,ZP,F
14:34:46,JSMR,RG,3940,11,D,YP,DX,D
14:34:01,JSMR,RG,3950,2,D,OD,LG,D
14:33:50,JSMR,RG,3950,10,D,PD,LG,D
14:33:50,JSMR,RG,3950,2,D,PD,CC,D
14:33:50,JSMR,RG,3950,4,D,PD,YU,D
14:33:50,JSMR,RG,3950,13,D,PD,YU,D
14:33:50,JSMR,RG,3950,21,D,PD,ZP,F
14:33:41,JSMR,RG,3950,1,D,SQ,ZP,F
14:33:24,JSMR,RG,3940,6,D,YP,BQ,D
14:33:24,JSMR,RG,3940,7,D,CS,BQ,D
14:33:24,JSMR,RG,3940,10,D,CS,BQ,D
14:33:24,JSMR,RG,3940,4,D,KK,BQ,D
14:33:24,JSMR,RG,3940,1,D,XC,BQ,D
14:33:24,JSMR,RG,3940,11,D,CS,BQ,D
14:33:24,JSMR,RG,3940,1,D,NI,BQ,D
14:33:24,JSMR,RG,3940,23,D,CS,BQ,D
14:33:24,JSMR,RG,3940,25,D,YP,BQ,D
14:33:24,JSMR,RG,3940,26,D,CS,BQ,D
14:33:24,JSMR,RG,3940,36,D,YP,BQ,D
14:33:24,JSMR,RG,3940,62,D,YP,KZ,D
14:33:20,JSMR,RG,3940,2,D,YP,BQ,D
14:33:20,JSMR,RG,3940,17,D,CS,BQ,D
14:33:20,JSMR,RG,3940,6,D,CS,BQ,D
14:33:20,JSMR,RG,3940,6,D,CS,BQ,D
14:33:20,JSMR,RG,3940,2,D,CS,BQ,D
14:33:20,JSMR,RG,3940,50,D,PD,BQ,D
14:33:20,JSMR,RG,3940,9,D,CS,BQ,D
14:33:20,JSMR,RG,3940,8,D,YP,BQ,D
14:32:25,JSMR,RG,3950,1,D,OD,YU,D
14:32:18,JSMR,RG,3940,13,D,YP,DX,D
14:31:48,JSMR,RG,3950,1,D,YP,YU,D
14:31:45,JSMR,RG,3940,5,D,YP,YB,D
14:31:44,JSMR,RG,3950,2,D,PD,YU,D
14:31:44,JSMR,RG,3950,15,D,PD,YU,D
14:31:44,JSMR,RG,3950,4,D,PD,PD,D
14:31:44,JSMR,RG,3950,29,D,PD,KZ,D
14:30:41,JSMR,RG,3950,2,D,OD,KZ,D
14:30:38,JSMR,RG,3950,4,D,YP,KZ,D
14:30:38,JSMR,RG,3950,1,D,YP,ZP,F
14:30:30,JSMR,RG,3950,1,D,XC,ZP,F
14:30:18,JSMR,RG,3950,6,D,XC,ZP,F
14:30:17,JSMR,RG,3940,19,D,YP,XC,D
14:30:13,JSMR,RG,3950,1,D,PD,ZP,F
14:30:08,JSMR,RG,3950,4,D,YB,ZP,F
14:30:02,JSMR,RG,3940,8,D,YP,YU,D
14:30:02,JSMR,RG,3940,3,D,YP,YU,D
14:30:02,JSMR,RG,3940,1,D,NI,YU,D
14:30:02,JSMR,RG,3940,6,D,XC,YU,D
14:30:02,JSMR,RG,3940,22,D,CS,YU,D
14:30:00,JSMR,RG,3940,14,D,CS,DX,D
14:29:46,JSMR,RG,3950,3,D,OD,ZP,F
14:29:39,JSMR,RG,3950,1,D,NI,ZP,F
14:29:36,JSMR,RG,3940,5,D,CS,PD,D
14:29:33,JSMR,RG,3940,30,D,CS,PD,D
14:28:59,JSMR,RG,3950,1,D,OD,ZP,F
14:28:47,JSMR,RG,3950,3,D,PD,ZP,F
14:28:47,JSMR,RG,3950,75,D,PD,CC,D
14:28:47,JSMR,RG,3950,9,D,PD,BK,F
14:28:47,JSMR,RG,3950,13,D,PD,BK,F
14:28:42,JSMR,RG,3950,1,D,YP,BK,F
14:28:42,JSMR,RG,3950,9,D,YP,BK,F
14:28:38,JSMR,RG,3940,3,D,CS,YU,D
14:28:14,JSMR,RG,3940,47,D,CS,KZ,D
14:28:11,JSMR,RG,3940,2,D,CS,BQ,D
14:28:11,JSMR,RG,3940,15,D,LG,BQ,D
14:28:11,JSMR,RG,3940,10,D,YP,BQ,D
14:28:11,JSMR,RG,3940,123,F,AK,BQ,D
14:28:08,JSMR,RG,3940,41,F,AK,BQ,D
14:28:08,JSMR,RG,3940,50,D,CC,BQ,D
14:28:08,JSMR,RG,3940,1,D,KK,BQ,D
14:28:08,JSMR,RG,3940,2,D,SQ,BQ,D
14:28:08,JSMR,RG,3940,12,D,AF,BQ,D
14:28:08,JSMR,RG,3940,44,D,OD,BQ,D
14:27:59,JSMR,RG,3940,6,D,OD,BQ,D
14:27:59,JSMR,RG,3940,50,D,YP,BQ,D
14:27:59,JSMR,RG,3940,16,D,CS,BQ,D
14:27:59,JSMR,RG,3940,10,D,YP,BQ,D
14:27:59,JSMR,RG,3940,5,D,KK,BQ,D
14:27:59,JSMR,RG,3940,87,D,CS,BQ,D
14:27:59,JSMR,RG,3940,26,D,DR,BQ,D
14:27:57,JSMR,RG,3940,150,D,DR,BQ,D
14:27:34,JSMR,RG,3940,13,D,DR,DX,D
14:27:19,JSMR,RG,3950,2,D,OD,BK,F
14:27:15,JSMR,RG,3940,10,D,DR,EP,D
14:27:14,JSMR,RG,3940,1,D,DR,PD,D
14:27:14,JSMR,RG,3940,14,D,AI,PD,D
14:27:04,JSMR,RG,3950,2,D,PD,BK,F
14:27:04,JSMR,RG,3950,9,D,PD,OD,D
14:26:44,JSMR,RG,3940,1,D,AI,KZ,D
14:26:44,JSMR,RG,3940,52,D,CS,KZ,D
14:26:44,JSMR,RG,3940,1,D,KK,KZ,D
14:26:44,JSMR,RG,3940,3,D,KZ,KZ,D
14:26:44,JSMR,RG,3940,5,D,PD,KZ,D
14:26:44,JSMR,RG,3940,3,D,ES,KZ,D
14:26:40,JSMR,RG,3940,7,D,ES,YU,D
14:26:40,JSMR,RG,3940,2,D,PD,YU,D
14:26:40,JSMR,RG,3940,20,D,GR,YU,D
14:26:40,JSMR,RG,3940,8,D,GR,YU,D
14:26:18,JSMR,RG,3950,1,D,DH,OD,D
14:25:45,JSMR,RG,3950,1,D,OD,OD,D
14:25:04,JSMR,RG,3940,2,D,GR,DX,D
14:25:04,JSMR,RG,3940,10,D,YP,DX,D
14:24:54,JSMR,RG,3950,6,D,KZ,OD,D
14:24:53,JSMR,RG,3950,110,D,CS,OD,D
14:24:53,JSMR,RG,3950,100,D,PD,OD,D
14:24:11,JSMR,RG,3940,7,D,YP,PD,D
14:24:07,JSMR,RG,3950,2,D,OD,OD,D
14:23:38,JSMR,RG,3950,1,D,AG,OD,D
14:22:44,JSMR,RG,3940,11,D,YP,DX,D
14:22:29,JSMR,RG,3950,1,D,CC,OD,D
14:22:27,JSMR,RG,3950,1,D,OD,OD,D
14:21:34,JSMR,RG,3950,4,D,KZ,OD,D
14:21:33,JSMR,RG,3950,64,D,CS,OD,D
14:21:33,JSMR,RG,3950,14,D,CS,YU,D
14:21:33,JSMR,RG,3950,4,D,CS,YU,D
14:21:33,JSMR,RG,3950,20,D,CS,ZP,F
14:21:33,JSMR,RG,3950,6,D,CS,BK,F
14:20:47,JSMR,RG,3950,2,D,OD,BK,F
14:20:25,JSMR,RG,3950,3,D,DR,BK,F
14:20:25,JSMR,RG,3950,11,D,DR,SQ,D
14:20:22,JSMR,RG,3940,13,D,YP,DX,D
14:20:21,JSMR,RG,3950,12,D,ZR,SQ,D
14:20:14,JSMR,RG,3950,4,D,KZ,SQ,D
14:19:05,JSMR,RG,3950,1,D,OD,SQ,D
14:18:03,JSMR,RG,3940,5,D,YP,YP,D
14:17:57,JSMR,RG,3940,4,D,YP,DX,D
14:17:57,JSMR,RG,3940,4,D,YP,DX,D
14:17:57,JSMR,RG,3940,1,D,PD,DX,D
14:17:57,JSMR,RG,3940,1,D,XC,DX,D
14:17:57,JSMR,RG,3940,1,D,PD,DX,D
14:17:29,JSMR,RG,3950,2,D,OD,SQ,D
14:17:15,JSMR,RG,3950,20,D,IF,SQ,D
14:17:15,JSMR,RG,3950,30,D,IF,BQ,D
14:17:15,JSMR,RG,3950,14,D,IF,YU,D
14:17:15,JSMR,RG,3950,4,D,IF,YU,D
14:17:15,JSMR,RG,3950,20,D,IF,ZP,F
14:17:15,JSMR,RG,3950,12,D,IF,CC,D
14:17:02,JSMR,RG,3950,4,D,PD,CC,D
14:16:59,JSMR,RG,3940,1,D,PD,KZ,D
14:16:59,JSMR,RG,3940,2,D,CP,KZ,D
14:16:59,JSMR,RG,3940,1,D,YP,KZ,D
14:16:59,JSMR,RG,3940,20,D,IF,KZ,D
14:16:59,JSMR,RG,3940,5,D,YP,KZ,D
14:16:59,JSMR,RG,3940,2,D,XC,KZ,D
14:16:59,JSMR,RG,3940,3,D,CC,KZ,D
14:16:56,JSMR,RG,3940,2,D,CC,CC,D
14:16:56,JSMR,RG,3940,50,D,KK,CC,D
14:16:56,JSMR,RG,3940,5,D,YP,CC,D
14:16:56,JSMR,RG,3940,2,D,PD,CC,D
14:16:56,JSMR,RG,3940,7,D,CS,CC,D
14:16:56,JSMR,RG,3940,47,D,CS,CC,D
14:16:56,JSMR,RG,3940,40,D,GR,CC,D
14:16:56,JSMR,RG,3940,50,D,YP,CC,D
14:16:56,JSMR,RG,3940,28,D,CS,CC,D
14:16:56,JSMR,RG,3940,7,D,NI,CC,D
14:16:56,JSMR,RG,3940,10,D,CS,CC,D
14:16:56,JSMR,RG,3940,52,D,PD,CC,D
14:15:51,JSMR,RG,3950,1,D,OD,CC,D
14:15:32,JSMR,RG,3950,1,D,DH,CC,D
14:15:29,JSMR,RG,3940,8,D,PD,DX,D
14:15:29,JSMR,RG,3940,3,D,CS,DX,D
14:15:29,JSMR,RG,3940,3,D,YP,DX,D
14:15:06,JSMR,RG,3950,5,D,KK,CC,D
14:15:03,JSMR,RG,3950,1,D,KK,CC,D
14:14:57,JSMR,RG,3950,51,D,CS,CC,D
14:14:57,JSMR,RG,3950,15,D,CS,ZP,F
14:14:57,JSMR,RG,3950,12,D,CS,KZ,D
14:14:23,JSMR,RG,3950,1,D,PD,KZ,D
14:14:12,JSMR,RG,3950,1,D,YP,KZ,D
14:14:11,JSMR,RG,3950,1,D,OD,KZ,D
14:14:08,JSMR,RG,3950,1,D,XC,KZ,D
14:13:08,JSMR,RG,3950,10,D,PD,KZ,D
14:13:05,JSMR,RG,3940,6,D,YP,DX,D
14:13:05,JSMR,RG,3940,4,D,CS,DX,D
14:13:05,JSMR,RG,3940,1,D,CS,DX,D
14:12:37,JSMR,RG,3950,1,D,OD,KZ,D
14:12:19,JSMR,RG,3950,4,D,KZ,KZ,D
14:12:11,JSMR,RG,3950,1,D,PD,KZ,D
14:12:00,JSMR,RG,3950,3,D,CS,KZ,D
14:12:00,JSMR,RG,3950,11,D,CS,BK,F
14:12:00,JSMR,RG,3950,70,D,CS,CC,D
14:11:26,JSMR,RG,3950,2,D,YP,CC,D
14:11:11,JSMR,RG,3950,3,D,PD,CC,D
14:11:11,JSMR,RG,3950,4,D,PD,YU,D
14:11:11,JSMR,RG,3950,14,D,PD,YU,D
14:11:11,JSMR,RG,3950,24,D,PD,ZP,F
14:11:11,JSMR,RG,3950,2,D,PD,XC,D
14:11:11,JSMR,RG,3950,3,D,PD,CC,D
14:10:59,JSMR,RG,3950,1,D,OD,CC,D
14:10:55,JSMR,RG,3950,2,D,CP,CC,D
14:10:10,JSMR,RG,3950,1,D,AG,CC,D
14:10:10,JSMR,RG,3950,4,D,AG,BK,F
14:10:02,JSMR,RG,3950,5,D,YP,BK,F
14:09:47,JSMR,RG,3950,2,D,KK,BK,F
14:09:47,JSMR,RG,3950,13,D,KK,DX,D
14:09:47,JSMR,RG,3950,4,D,KK,YU,D
14:09:47,JSMR,RG,3950,14,D,KK,YU,D
14:09:47,JSMR,RG,3950,1,D,KK,ZP,F
14:09:47,JSMR,RG,3950,16,D,KK,BQ,D
14:09:21,JSMR,RG,3950,1,D,OD,BQ,D
14:08:30,JSMR,RG,3950,6,D,CC,BQ,D
14:08:21,JSMR,RG,3950,27,D,PD,BQ,D
14:08:21,JSMR,RG,3950,13,D,PD,KZ,D
14:08:21,JSMR,RG,3950,1,D,PD,KZ,D
14:08:21,JSMR,RG,3950,19,D,PD,BQ,D
14:08:14,JSMR,RG,3950,7,D,KZ,BQ,D
14:08:02,JSMR,RG,3950,1,D,NI,BQ,D
14:07:50,JSMR,RG,3950,50,D,PD,BQ,D
14:07:47,JSMR,RG,3950,2,D,OD,BQ,D
14:07:45,JSMR,RG,3950,3,D,NI,BQ,D
14:07:18,JSMR,RG,3950,68,F,AK,BQ,D
14:07:18,JSMR,RG,3950,150,F,AK,BQ,D
14:07:18,JSMR,RG,3950,32,F,AK,BK,F
14:07:16,JSMR,RG,3940,14,F,AK,ZP,F
14:07:16,JSMR,RG,3940,4,F,AK,YU,D
14:07:16,JSMR,RG,3940,16,F,AK,YU,D
14:07:16,JSMR,RG,3940,77,F,AK,KZ,D
14:07:16,JSMR,RG,3940,13,F,AK,DX,D
14:07:16,JSMR,RG,3940,2,F,AK,KZ,D
14:07:16,JSMR,RG,3940,4,F,AK,YU,D
14:07:16,JSMR,RG,3940,9,F,AK,YU,D
14:07:15,JSMR,RG,3940,4,D,YP,YU,D
14:06:29,JSMR,RG,3940,1,D,DX,YU,D
14:06:29,JSMR,RG,3940,1,D,DX,ZP,F
14:05:20,JSMR,RG,3940,11,D,PD,ZP,F
14:05:20,JSMR,RG,3940,12,D,PD,DX,D
14:05:20,JSMR,RG,3940,19,D,PD,BK,F
14:05:20,JSMR,RG,3940,8,D,PD,DX,D
14:05:10,JSMR,RG,3930,18,F,AK,BK,F
14:05:10,JSMR,RG,3930,4,F,AK,YU,D
14:05:10,JSMR,RG,3930,5,F,AK,YU,D
14:05:06,JSMR,RG,3930,8,D,CS,YU,D
14:05:06,JSMR,RG,3930,4,D,CS,YU,D
14:05:06,JSMR,RG,3930,12,D,CS,ZP,F
14:05:06,JSMR,RG,3930,14,D,CS,YU,D
14:05:06,JSMR,RG,3930,31,D,CS,CC,D
14:05:06,JSMR,RG,3930,5,D,CP,CC,D
14:05:06,JSMR,RG,3930,20,D,CC,CC,D
14:05:06,JSMR,RG,3930,1,D,PD,CC,D
14:05:06,JSMR,RG,3930,1,D,OD,CC,D
14:05:06,JSMR,RG,3930,2,D,YP,CC,D
14:05:06,JSMR,RG,3930,5,D,YP,CC,D
14:05:06,JSMR,RG,3930,1,D,OD,CC,D
14:05:06,JSMR,RG,3930,17,D,CS,CC,D
14:05:06,JSMR,RG,3930,10,D,YP,CC,D
14:05:06,JSMR,RG,3930,2,D,GR,CC,D
14:05:06,JSMR,RG,3930,4,D,YP,CC,D
14:05:06,JSMR,RG,3930,1,D,DR,CC,D
14:05:05,JSMR,RG,3930,25,D,CC,LG,D
14:05:05,JSMR,RG,3930,5,D,CC,LG,D
14:04:16,JSMR,RG,3930,13,D,CC,BK,F
14:04:12,JSMR,RG,3930,2,D,CC,BK,F
14:04:12,JSMR,RG,3930,13,D,SQ,BK,F
14:04:10,JSMR,RG,3930,17,D,SQ,BQ,D
14:04:10,JSMR,RG,3930,2,D,PD,BQ,D
14:04:10,JSMR,RG,3930,3,D,XC,BQ,D
14:04:10,JSMR,RG,3930,13,D,KK,BQ,D
14:04:10,JSMR,RG,3930,8,D,SQ,BQ,D
14:04:10,JSMR,RG,3930,3,D,OD,BQ,D
14:04:10,JSMR,RG,3930,2,D,KZ,BQ,D
14:04:10,JSMR,RG,3930,2,D,PD,BQ,D
14:04:10,JSMR,RG,3930,1,D,SQ,BQ,D
14:04:10,JSMR,RG,3930,2,D,OD,BQ,D
14:04:10,JSMR,RG,3930,3,D,YP,BQ,D
14:04:10,JSMR,RG,3930,1,D,NI,BQ,D
14:04:10,JSMR,RG,3930,5,D,YP,BQ,D
14:04:10,JSMR,RG,3930,5,D,XC,BQ,D
14:04:10,JSMR,RG,3930,5,D,OD,BQ,D
14:04:10,JSMR,RG,3930,3,D,CC,BQ,D
14:04:10,JSMR,RG,3930,1,D,CC,BQ,D
14:04:10,JSMR,RG,3930,1,D,KK,BQ,D
14:04:10,JSMR,RG,3930,5,D,DR,BQ,D
14:04:10,JSMR,RG,3930,5,D,CC,BQ,D
14:04:10,JSMR,RG,3930,13,D,CC,BQ,D
14:04:09,JSMR,RG,3930,20,D,CC,BK,F
14:04:07,JSMR,RG,3930,17,D,CC,BQ,D
14:04:07,JSMR,RG,3930,50,D,DR,BQ,D
14:04:07,JSMR,RG,3930,25,D,CC,BQ,D
14:04:07,JSMR,RG,3930,1,D,XC,BQ,D
14:04:07,JSMR,RG,3930,1,D,YP,BQ,D
14:04:07,JSMR,RG,3930,1,D,PD,BQ,D
14:04:07,JSMR,RG,3930,3,D,HP,BQ,D
14:04:07,JSMR,RG,3930,1,D,NI,BQ,D
14:04:07,JSMR,RG,3930,1,D,NI,BQ,D
14:03:55,JSMR,RG,3930,5,D,NI,XC,D
14:03:55,JSMR,RG,3930,1,D,GR,XC,D
14:03:55,JSMR,RG,3930,2,D,YP,XC,D
14:03:55,JSMR,RG,3930,1,D,CC,XC,D
14:03:55,JSMR,RG,3930,1,D,DH,XC,D
14:03:44,JSMR,RG,3930,1,D,PD,XC,D
14:03:35,JSMR,RG,3940,5,D,NI,DX,D
14:03:33,JSMR,RG,3940,1,D,XC,BK,F
14:03:31,JSMR,RG,3940,1,D,XC,BK,F
14:03:31,JSMR,RG,3940,1,D,YP,BK,F
14:03:31,JSMR,RG,3940,8,D,OD,BK,F
14:03:29,JSMR,RG,3940,39,D,OD,KZ,D
14:03:28,JSMR,RG,3940,8,D,OD,BK,F
14:03:28,JSMR,RG,3940,1,D,DR,BK,F
14:03:28,JSMR,RG,3940,3,D,NI,BK,F
14:03:28,JSMR,RG,3940,1,D,YP,BK,F
14:03:25,JSMR,RG,3940,5,D,SQ,BK,F
14:03:25,JSMR,RG,3940,1,D,CC,BK,F
14:03:25,JSMR,RG,3940,2,D,PD,BK,F
14:03:25,JSMR,RG,3940,1,D,SQ,BK,F
14:03:25,JSMR,RG,3940,10,D,PD,BK,F
14:03:25,JSMR,RG,3940,1,D,YP,BK,F
14:03:25,JSMR,RG,3940,5,D,CC,BK,F
14:03:25,JSMR,RG,3940,1,D,PD,BK,F
14:03:25,JSMR,RG,3940,1,D,XC,BK,F
14:03:25,JSMR,RG,3940,5,D,YP,BK,F
14:03:25,JSMR,RG,3940,41,D,DR,BK,F
14:03:22,JSMR,RG,3950,1,D,OD,AK,F
14:03:22,JSMR,RG,3950,13,D,KK,AK,F
14:03:22,JSMR,RG,3950,6,D,KZ,AK,F
14:03:22,JSMR,RG,3950,104,D,CS,AK,F
14:03:22,JSMR,RG,3950,3,D,OD,AK,F
14:03:22,JSMR,RG,3950,1,D,XC,AK,F
14:03:22,JSMR,RG,3950,22,D,CS,ZP,F
14:03:22,JSMR,RG,3950,1,D,XC,ZP,F
14:03:22,JSMR,RG,3950,3,D,CS,ZP,F
14:03:22,JSMR,RG,3950,1,D,YP,ZP,F
14:03:21,JSMR,RG,3950,2,D,XC,AK,F
14:03:21,JSMR,RG,3950,10,D,PD,AK,F
14:03:21,JSMR,RG,3950,5,D,SQ,AK,F
14:03:21,JSMR,RG,3950,1,D,NI,AK,F
14:03:21,JSMR,RG,3950,2,D,LG,AK,F
14:03:21,JSMR,RG,3950,1,D,NI,AK,F
14:03:21,JSMR,RG,3950,2,D,PD,AK,F
14:03:21,JSMR,RG,3950,50,D,CP,AK,F
14:03:21,JSMR,RG,3950,1,D,KZ,AK,F
14:03:21,JSMR,RG,3950,176,D,IF,AK,F
14:03:21,JSMR,RG,3950,79,D,IF,BK,F
14:03:17,JSMR,RG,3950,1,D,KK,AK,F
14:03:17,JSMR,RG,3950,5,D,XC,AK,F
14:03:17,JSMR,RG,3950,10,D,AT,AK,F
14:03:17,JSMR,RG,3950,6,D,NI,AK,F
14:03:17,JSMR,RG,3950,2,D,NI,AK,F
14:03:17,JSMR,RG,3950,50,D,NI,AK,F
14:03:17,JSMR,RG,3950,1,D,KK,AK,F
14:03:17,JSMR,RG,3950,10,D,NI,AK,F
14:03:17,JSMR,RG,3950,1,D,XC,AK,F
14:03:17,JSMR,RG,3950,1,D,LS,AK,F
14:03:17,JSMR,RG,3950,1,D,XC,AK,F
14:03:17,JSMR,RG,3950,162,D,KK,AK,F
14:03:15,JSMR,RG,3950,250,D,KK,AK,F
14:03:15,JSMR,RG,3950,29,D,KK,BK,F
14:03:10,JSMR,RG,3950,250,D,KK,AK,F
14:02:51,JSMR,RG,3960,1,D,OD,KZ,D
14:02:41,JSMR,RG,3950,16,D,KK,BK,F
14:02:39,JSMR,RG,3950,53,D,KK,KZ,D
14:01:29,JSMR,RG,3960,1,D,NI,KZ,D
14:01:29,JSMR,RG,3960,13,D,NI,BK,F
14:01:11,JSMR,RG,3960,1,D,OD,BK,F
14:01:05,JSMR,RG,3950,13,D,KK,DX,D
14:00:27,JSMR,RG,3950,10,D,KK,BK,F
14:00:25,JSMR,RG,3960,50,D,PD,BK,F
14:00:02,JSMR,RG,3950,29,D,KK,YU,D
14:00:01,JSMR,RG,3950,8,D,KK,YU,D
13:59:40,JSMR,RG,3950,15,D,KK,BK,F
13:59:38,JSMR,RG,3960,9,D,XC,BK,F
13:59:38,JSMR,RG,3960,1,D,XC,ZP,F
13:58:39,JSMR,RG,3960,1,D,PD,KZ,D
13:58:36,JSMR,RG,3950,12,D,KK,BK,F
13:58:36,JSMR,RG,3950,12,D,KK,DX,D
13:58:34,JSMR,RG,3960,19,D,CS,KZ,D
13:58:34,JSMR,RG,3960,1,D,YP,KZ,D
13:58:34,JSMR,RG,3960,4,D,KZ,KZ,D
13:58:34,JSMR,RG,3960,1,D,OD,KZ,D
13:58:34,JSMR,RG,3960,2,D,XC,KZ,D
13:58:34,JSMR,RG,3960,9,D,CS,KZ,D
13:58:34,JSMR,RG,3960,2,D,DR,KZ,D
13:58:31,JSMR,RG,3960,12,D,DR,BK,F
13:58:30,JSMR,RG,3960,36,D,DR,ZP,F
13:58:30,JSMR,RG,3960,10,D,YP,ZP,F
13:58:30,JSMR,RG,3960,8,D,PD,ZP,F
13:58:29,JSMR,RG,3960,2,D,PD,BQ,D
13:58:29,JSMR,RG,3960,3,D,YP,BQ,D
13:58:29,JSMR,RG,3960,4,D,CC,BQ,D
13:58:29,JSMR,RG,3960,3,D,SQ,BQ,D
13:58:29,JSMR,RG,3960,3,D,NI,BQ,D
13:58:29,JSMR,RG,3960,5,D,YJ,BQ,D
13:58:29,JSMR,RG,3960,10,D,OD,BQ,D
13:58:10,JSMR,RG,3960,30,D,OD,BQ,D
13:57:51,JSMR,RG,3970,1,D,OD,BK,F
13:57:44,JSMR,RG,3960,10,D,OD,BK,F
13:57:44,JSMR,RG,3960,7,D,CS,BK,F
13:57:41,JSMR,RG,3970,9,D,PD,BK,F
13:57:41,JSMR,RG,3970,14,D,PD,KZ,D
13:57:41,JSMR,RG,3970,1,D,PD,ZP,F
13:57:41,JSMR,RG,3970,26,D,PD,CD,D
13:57:39,JSMR,RG,3960,9,D,CS,BQ,D
13:57:39,JSMR,RG,3960,3,D,CS,BQ,D
13:57:39,JSMR,RG,3960,15,D,CS,BQ,D
13:57:39,JSMR,RG,3960,7,D,CS,BQ,D
13:57:39,JSMR,RG,3960,4,D,CS,BQ,D
13:57:39,JSMR,RG,3960,5,D,CS,BQ,D
13:57:39,JSMR,RG,3960,10,D,PD,BQ,D
13:57:39,JSMR,RG,3960,1,D,PD,BQ,D
13:57:39,JSMR,RG,3960,2,D,CS,BQ,D
13:57:39,JSMR,RG,3960,14,D,CS,BQ,D
13:57:39,JSMR,RG,3960,6,D,CS,BQ,D
13:57:39,JSMR,RG,3960,16,D,CS,BQ,D
13:57:39,JSMR,RG,3960,5,D,PD,BQ,D
13:57:39,JSMR,RG,3960,1,D,PD,BQ,D
13:57:39,JSMR,RG,3960,1,D,PD,BQ,D
13:57:39,JSMR,RG,3960,1,D,PD,BQ,D
13:57:34,JSMR,RG,3960,24,D,PD,BQ,D
13:57:34,JSMR,RG,3960,8,D,KZ,BQ,D
13:57:34,JSMR,RG,3960,15,D,CS,BQ,D
13:57:34,JSMR,RG,3960,3,D,CS,BQ,D
13:57:34,JSMR,RG,3960,10,D,CS,BQ,D
13:57:34,JSMR,RG,3960,1,D,CS,BQ,D
13:57:34,JSMR,RG,3960,89,D,YJ,BQ,D
13:56:17,JSMR,RG,3970,2,D,OD,CD,D
13:56:15,JSMR,RG,3960,12,D,YJ,DX,D
13:56:14,JSMR,RG,3970,4,D,KZ,CD,D
13:56:10,JSMR,RG,3970,20,F,NI,CD,D
13:55:51,JSMR,RG,3970,148,D,CS,CD,D
13:55:51,JSMR,RG,3970,4,D,CS,GR,D
13:55:51,JSMR,RG,3970,5,D,CS,KZ,D
13:55:51,JSMR,RG,3970,17,D,CS,CC,D
13:55:01,JSMR,RG,3970,30,D,BQ,CC,D
13:54:35,JSMR,RG,3970,1,D,OD,CC,D
13:54:26,JSMR,RG,3970,1,D,KK,CC,D
13:53:52,JSMR,RG,3960,12,D,YJ,DX,D
13:53:22,JSMR,RG,3960,16,D,YJ,DR,D
13:52:53,JSMR,RG,3970,1,D,OD,CC,D
13:52:15,JSMR,RG,3970,15,D,PD,CC,D
13:52:15,JSMR,RG,3970,35,D,PD,CC,D
13:52:00,JSMR,RG,3970,1,D,PD,YP,D
13:51:23,JSMR,RG,3960,38,D,YJ,CC,D
13:51:23,JSMR,RG,3960,64,D,YJ,CC,D
13:51:23,JSMR,RG,3960,64,D,YJ,CC,D
13:51:23,JSMR,RG,3960,8,D,YJ,ZP,F
13:51:23,JSMR,RG,3960,4,D,YJ,YU,D
13:51:23,JSMR,RG,3960,16,D,YJ,YU,D
13:51:23,JSMR,RG,3960,35,D,YJ,ZP,F
13:51:23,JSMR,RG,3960,14,D,YJ,DX,D
13:51:23,JSMR,RG,3960,16,D,YJ,YU,D
13:51:23,JSMR,RG,3960,3,D,YJ,YU,D
13:51:23,JSMR,RG,3960,54,D,YJ,BK,F
13:51:23,JSMR,RG,3960,64,D,YJ,CC,D
13:51:23,JSMR,RG,3960,100,D,YJ,AG,D
13:51:23,JSMR,RG,3960,100,D,YJ,CC,D
13:51:11,JSMR,RG,3960,1,D,OD,KZ,D
13:50:46,JSMR,RG,3960,15,D,EP,KZ,D
13:50:34,JSMR,RG,3950,68,D,KK,KZ,D
13:50:04,JSMR,RG,3960,1,D,EP,KZ,D
13:49:59,JSMR,RG,3960,33,D,CS,KZ,D
13:49:59,JSMR,RG,3960,1,D,CS,XC,D
13:49:59,JSMR,RG,3960,5,D,CS,ZP,F
13:49:59,JSMR,RG,3960,4,D,CS,YU,D
13:49:59,JSMR,RG,3960,13,D,CS,YU,D
13:49:59,JSMR,RG,3960,22,D,CS,BK,F
13:49:38,JSMR,RG,3950,1,D,KK,NI,D
13:49:37,JSMR,RG,3960,1,D,OD,BK,F
13:49:34,JSMR,RG,3950,5,D,KK,YP,D
13:49:00,JSMR,RG,3950,13,D,KK,DX,D
13:48:14,JSMR,RG,3960,6,D,KZ,BK,F
13:48:10,JSMR,RG,3960,25,D,PD,BK,F
13:48:10,JSMR,RG,3960,25,D,PD,ZP,F
13:47:59,JSMR,RG,3960,1,D,OD,ZP,F
13:47:23,JSMR,RG,3960,16,D,CS,ZP,F
13:47:23,JSMR,RG,3960,2,D,CS,YB,D
13:47:23,JSMR,RG,3960,4,D,CS,YU,D
13:47:23,JSMR,RG,3960,14,D,CS,YU,D
13:47:23,JSMR,RG,3960,40,D,CS,CC,D
13:47:16,JSMR,RG,3960,24,D,PD,CC,D
13:47:16,JSMR,RG,3960,26,D,PD,KZ,D
13:46:41,JSMR,RG,3950,12,D,KK,DX,D
13:46:21,JSMR,RG,3960,1,D,OD,KZ,D
13:46:16,JSMR,RG,3960,3,D,YP,KZ,D
13:46:15,JSMR,RG,3960,10,D,KK,KZ,D
13:45:48,JSMR,RG,3960,2,D,DH,KZ,D
13:45:40,JSMR,RG,3960,3,D,CC,KZ,D
13:45:15,JSMR,RG,3960,2,D,NI,KZ,D
13:45:13,JSMR,RG,3960,3,D,NI,KZ,D
13:44:51,JSMR,RG,3960,4,D,CS,YU,D
13:44:51,JSMR,RG,3960,16,D,CS,YU,D
13:44:51,JSMR,RG,3960,20,D,CS,BK,F
13:44:41,JSMR,RG,3960,2,D,OD,BK,F
13:44:41,JSMR,RG,3960,18,D,PD,BK,F
13:44:41,JSMR,RG,3960,3,D,PD,ZP,F
13:44:41,JSMR,RG,3960,4,D,PD,YU,D
13:44:41,JSMR,RG,3960,14,D,PD,YU,D
13:44:41,JSMR,RG,3960,9,D,PD,ZP,F
13:44:41,JSMR,RG,3960,2,D,PD,AG,D
13:44:34,JSMR,RG,3960,1,D,YP,AG,D
13:44:19,JSMR,RG,3960,6,D,KZ,AG,D
13:44:18,JSMR,RG,3950,11,D,KK,DX,D
13:43:29,JSMR,RG,3960,63,D,CS,AG,D
13:43:03,JSMR,RG,3960,1,D,OD,AG,D
13:41:27,JSMR,RG,3960,2,D,OD,AG,D
13:41:21,JSMR,RG,3960,2,D,NI,AG,D
13:41:15,JSMR,RG,3960,23,D,PD,AG,D
13:41:15,JSMR,RG,3960,2,D,PD,YP,D
13:39:57,JSMR,RG,3960,5,D,XA,KZ,D
13:39:48,JSMR,RG,3960,1,D,OD,KZ,D
13:39:48,JSMR,RG,3960,1,D,OD,KZ,D
13:39:44,JSMR,RG,3950,12,D,KK,DX,D
13:39:44,JSMR,RG,3950,10,D,KK,ZP,F
13:39:44,JSMR,RG,3950,9,D,KK,KZ,D
13:39:34,JSMR,RG,3950,4,D,KZ,KZ,D
13:39:29,JSMR,RG,3950,57,D,PD,KZ,D
13:39:29,JSMR,RG,3950,4,D,PD,YU,D
13:39:29,JSMR,RG,3950,15,D,PD,YU,D
13:39:29,JSMR,RG,3950,3,D,PD,KZ,D
13:39:29,JSMR,RG,3950,13,D,PD,ZP,F
13:39:29,JSMR,RG,3950,8,D,PD,YP,D
13:39:26,JSMR,RG,3940,9,D,DR,DX,D
13:39:26,JSMR,RG,3940,4,D,NI,DX,D
13:38:40,JSMR,RG,3940,2,D,NI,CC,D
13:38:40,JSMR,RG,3940,10,D,PD,CC,D
13:38:15,JSMR,RG,3940,40,D,PD,KK,D
13:38:15,JSMR,RG,3940,9,D,CS,KK,D
13:38:15,JSMR,RG,3940,2,D,CS,KK,D
13:38:15,JSMR,RG,3940,6,D,CS,KK,D
13:38:15,JSMR,RG,3940,2,D,OD,KK,D
13:38:15,JSMR,RG,3940,41,D,PD,KK,D
13:38:09,JSMR,RG,3950,2,D,OD,YP,D
13:38:00,JSMR,RG,3950,1,D,XC,YP,D
13:37:50,JSMR,RG,3950,7,D,YP,YP,D
13:37:50,JSMR,RG,3950,3,D,YP,KK,D
13:37:30,JSMR,RG,3950,3,D,NI,KK,D
13:37:30,JSMR,RG,3950,1,D,NI,PD,D
13:37:13,JSMR,RG,3950,1,D,KK,PD,D
13:37:00,JSMR,RG,3940,9,D,PD,ZP,F
13:36:44,JSMR,RG,3940,2,D,YP,ZP,F
13:36:42,JSMR,RG,3940,6,D,CS,CC,D
13:36:42,JSMR,RG,3940,18,D,CS,CC,D
13:36:41,JSMR,RG,3940,1,D,OD,CC,D
13:36:41,JSMR,RG,3940,5,D,SQ,CC,D
13:36:41,JSMR,RG,3940,1,D,OD,CC,D
13:36:41,JSMR,RG,3940,12,D,CS,CC,D
13:36:41,JSMR,RG,3940,100,D,KK,CC,D
13:36:41,JSMR,RG,3940,2,D,CS,CC,D
13:36:41,JSMR,RG,3940,16,D,CS,CC,D
13:36:41,JSMR,RG,3940,1,D,KK,CC,D
13:36:41,JSMR,RG,3940,11,D,CS,CC,D
13:36:41,JSMR,RG,3940,2,D,OD,CC,D
13:36:41,JSMR,RG,3940,150,D,CC,CC,D
13:36:41,JSMR,RG,3940,6,D,CS,CC,D
13:36:41,JSMR,RG,3940,7,D,AG,CC,D
13:36:41,JSMR,RG,3940,5,D,SQ,CC,D
13:36:41,JSMR,RG,3940,5,D,CS,CC,D
13:36:41,JSMR,RG,3940,1,D,NI,CC,D
13:36:41,JSMR,RG,3940,5,D,YP,CC,D
13:36:41,JSMR,RG,3940,8,D,CS,CC,D
13:36:41,JSMR,RG,3940,6,D,CS,CC,D
13:36:41,JSMR,RG,3940,7,D,CS,CC,D
13:36:41,JSMR,RG,3940,8,D,CS,CC,D
13:36:41,JSMR,RG,3940,1,D,YP,CC,D
13:36:41,JSMR,RG,3940,5,D,XC,CC,D
13:36:41,JSMR,RG,3940,1,D,XC,CC,D
13:36:41,JSMR,RG,3940,10,D,CC,CC,D
13:36:33,JSMR,RG,3940,20,D,CC,BQ,D
13:36:33,JSMR,RG,3940,5,D,OD,BQ,D
13:36:33,JSMR,RG,3940,1,D,CC,BQ,D
13:36:33,JSMR,RG,3940,1,D,CC,BQ,D
13:36:33,JSMR,RG,3940,1,D,KK,BQ,D
13:36:33,JSMR,RG,3940,50,D,PD,BQ,D
13:36:33,JSMR,RG,3940,1,D,KZ,BQ,D
13:36:33,JSMR,RG,3940,71,D,GR,BQ,D
13:36:29,JSMR,RG,3940,29,D,GR,BQ,D
13:36:29,JSMR,RG,3940,2,D,CP,BQ,D
13:36:29,JSMR,RG,3940,15,D,NI,BQ,D
13:36:29,JSMR,RG,3940,5,D,CC,BQ,D
13:36:29,JSMR,RG,3940,1,D,PD,BQ,D
13:36:29,JSMR,RG,3940,2,D,CC,BQ,D
13:36:29,JSMR,RG,3940,25,D,CC,BQ,D
13:36:29,JSMR,RG,3940,20,D,OD,BQ,D
13:36:29,JSMR,RG,3940,10,D,CC,BQ,D
13:36:29,JSMR,RG,3940,4,D,EP,BQ,D
13:36:29,JSMR,RG,3940,1,D,YP,BQ,D
13:36:29,JSMR,RG,3940,5,D,YP,BQ,D
13:36:29,JSMR,RG,3940,10,D,LG,BQ,D
13:36:29,JSMR,RG,3940,21,D,PD,BQ,D
13:36:14,JSMR,RG,3950,2,D,OD,CC,D
13:36:02,JSMR,RG,3940,12,D,PD,BQ,D
13:36:02,JSMR,RG,3940,50,D,DR,BQ,D
13:36:02,JSMR,RG,3940,2,D,YP,BQ,D
13:36:02,JSMR,RG,3940,13,D,DH,BQ,D
13:36:02,JSMR,RG,3940,23,D,IH,BQ,D
13:35:58,JSMR,RG,3940,150,D,IH,BQ,D
13:35:55,JSMR,RG,3950,4,D,YU,CC,D
13:35:55,JSMR,RG,3950,96,D,YU,BQ,D
13:35:52,JSMR,RG,3950,1,D,CS,BQ,D
13:35:52,JSMR,RG,3950,1,D,CS,BQ,D
13:35:52,JSMR,RG,3950,2,D,OD,BQ,D
13:35:31,JSMR,RG,3940,1,D,IH,SQ,D
13:35:30,JSMR,RG,3940,1,D,IH,XC,D
13:35:23,JSMR,RG,3940,3,D,IH,PD,D
13:35:22,JSMR,RG,3940,22,D,IH,CC,D
13:35:22,JSMR,RG,3940,128,D,YP,CC,D
13:35:17,JSMR,RG,3950,13,F,AK,YU,D
13:35:17,JSMR,RG,3950,4,F,AK,YU,D
13:35:17,JSMR,RG,3950,14,F,AK,DX,D
13:35:17,JSMR,RG,3950,90,F,AK,KZ,D
13:35:17,JSMR,RG,3950,91,F,AK,BK,F
13:35:17,JSMR,RG,3950,24,D,PC,BK,F
13:35:17,JSMR,RG,3950,75,D,PC,KZ,D
13:35:17,JSMR,RG,3950,86,D,PC,AK,F
13:35:17,JSMR,RG,3950,65,D,PC,ZP,F
13:34:56,JSMR,RG,3940,7,D,YP,HP,D
13:34:50,JSMR,RG,3950,11,D,PD,ZP,F
13:34:50,JSMR,RG,3950,4,D,PD,YU,D
13:34:50,JSMR,RG,3950,16,D,PD,YU,D
13:34:50,JSMR,RG,3950,4,D,PD,YU,D
13:34:50,JSMR,RG,3950,15,D,PD,YU,D
13:34:34,JSMR,RG,3940,10,D,YP,YP,D
13:34:34,JSMR,RG,3940,34,D,YP,CC,D
13:34:34,JSMR,RG,3940,1,D,CC,CC,D
13:34:34,JSMR,RG,3940,1,D,NI,CC,D
13:34:34,JSMR,RG,3940,5,D,YP,CC,D
13:34:34,JSMR,RG,3940,22,D,DH,CC,D
13:34:33,JSMR,RG,3940,3,D,DH,DX,D
13:34:33,JSMR,RG,3940,2,D,YP,DX,D
13:34:33,JSMR,RG,3940,5,D,CP,DX,D
13:34:33,JSMR,RG,3940,1,D,PD,DX,D
13:34:27,JSMR,RG,3950,6,D,CS,OD,D
13:34:27,JSMR,RG,3950,16,D,CS,OD,D
13:34:26,JSMR,RG,3950,1,D,CS,OD,D
13:34:26,JSMR,RG,3950,9,D,CS,OD,D
13:34:26,JSMR,RG,3950,7,D,KZ,OD,D
13:34:26,JSMR,RG,3950,13,D,CS,OD,D
13:34:26,JSMR,RG,3950,16,D,CS,OD,D
13:34:26,JSMR,RG,3950,12,D,YP,OD,D
13:34:26,JSMR,RG,3950,14,D,CS,OD,D
13:34:26,JSMR,RG,3950,2,D,OD,OD,D
13:34:26,JSMR,RG,3950,2,D,KK,OD,D
13:34:26,JSMR,RG,3950,8,D,CS,OD,D
13:34:26,JSMR,RG,3950,6,D,YP,OD,D
13:34:26,JSMR,RG,3950,1,D,KK,OD,D
13:34:26,JSMR,RG,3950,2,D,KK,OD,D
13:34:26,JSMR,RG,3950,1,D,KK,OD,D
13:34:26,JSMR,RG,3950,1,D,CC,OD,D
13:34:26,JSMR,RG,3950,1,D,PD,OD,D
13:34:26,JSMR,RG,3950,4,D,DH,OD,D
13:34:26,JSMR,RG,3950,10,D,PD,OD,D
13:34:26,JSMR,RG,3950,2,D,PD,OD,D
13:34:26,JSMR,RG,3950,3,D,KZ,OD,D
13:34:26,JSMR,RG,3950,1,D,PD,OD,D
13:34:26,JSMR,RG,3950,3,D,DR,OD,D
13:34:26,JSMR,RG,3950,5,D,PD,OD,D
13:34:26,JSMR,RG,3950,150,D,PC,OD,D
13:34:26,JSMR,RG,3950,1,D,PD,OD,D
13:34:26,JSMR,RG,3950,100,D,DH,OD,D
13:34:26,JSMR,RG,3950,30,D,SQ,OD,D
13:34:26,JSMR,RG,3950,5,D,NI,OD,D
13:34:26,JSMR,RG,3950,1,D,KK,OD,D
13:34:26,JSMR,RG,3950,1,D,PD,OD,D
13:34:26,JSMR,RG,3950,1,D,PD,OD,D
13:34:26,JSMR,RG,3950,1,D,YP,OD,D
13:34:26,JSMR,RG,3950,10,D,DH,OD,D
13:34:26,JSMR,RG,3950,8,D,YP,OD,D
13:34:26,JSMR,RG,3950,100,D,NI,OD,D
13:34:26,JSMR,RG,3950,1,D,YP,OD,D
13:34:26,JSMR,RG,3950,2,D,KK,OD,D
13:34:26,JSMR,RG,3950,1,D,XC,OD,D
13:34:26,JSMR,RG,3950,1,D,KK,OD,D
13:34:26,JSMR,RG,3950,22,D,PD,OD,D
13:34:26,JSMR,RG,3950,1,D,KZ,OD,D
13:34:26,JSMR,RG,3950,1,D,YP,OD,D
13:34:26,JSMR,RG,3950,5,D,PD,OD,D
13:34:26,JSMR,RG,3950,10,D,NI,OD,D
13:34:26,JSMR,RG,3950,1,D,YP,OD,D
13:34:26,JSMR,RG,3950,1,D,PD,OD,D
13:34:26,JSMR,RG,3950,100,D,NI,OD,D
13:34:26,JSMR,RG,3950,50,D,AZ,OD,D
13:34:26,JSMR,RG,3950,2,D,KK,OD,D
13:34:26,JSMR,RG,3950,1,D,NI,OD,D
13:34:26,JSMR,RG,3950,1,D,OD,OD,D
13:34:26,JSMR,RG,3950,10,D,XC,OD,D
13:34:26,JSMR,RG,3950,1,D,XC,OD,D
13:34:26,JSMR,RG,3950,2,D,EP,OD,D
13:34:26,JSMR,RG,3950,3,D,XL,OD,D
13:34:26,JSMR,RG,3950,2,D,KK,OD,D
13:34:26,JSMR,RG,3950,2,D,KK,OD,D
13:34:26,JSMR,RG,3950,10,D,CC,OD,D
13:34:26,JSMR,RG,3950,1,D,CC,OD,D
13:34:26,JSMR,RG,3950,2,D,PD,OD,D
13:34:26,JSMR,RG,3950,20,D,IP,OD,D
13:34:26,JSMR,RG,3950,3,D,YP,OD,D
13:34:26,JSMR,RG,3950,3,D,YP,OD,D
13:34:26,JSMR,RG,3950,5,D,YP,OD,D
13:34:26,JSMR,RG,3950,26,D,HP,OD,D
13:34:26,JSMR,RG,3950,27,D,NI,OD,D
13:34:26,JSMR,RG,3950,5,D,YP,OD,D
13:34:26,JSMR,RG,3950,6,D,PD,OD,D
13:34:26,JSMR,RG,3950,100,D,KK,OD,D
13:34:26,JSMR,RG,3950,5,D,YP,OD,D
13:34:26,JSMR,RG,3950,20,D,HP,OD,D
13:34:26,JSMR,RG,3950,50,D,YP,OD,D
13:34:26,JSMR,RG,3950,3,D,NI,OD,D
13:34:26,JSMR,RG,3950,25,D,CC,OD,D
13:34:26,JSMR,RG,3950,1,D,YP,OD,D
13:34:26,JSMR,RG,3950,1,D,CC,OD,D
13:34:26,JSMR,RG,3950,5,D,YP,OD,D
13:34:26,JSMR,RG,3950,1,D,CC,OD,D
13:34:26,JSMR,RG,3950,1,D,XC,OD,D
13:34:26,JSMR,RG,3950,1,D,NI,OD,D
13:34:26,JSMR,RG,3950,2,D,OD,OD,D
13:34:26,JSMR,RG,3950,37,D,YP,OD,D
13:34:26,JSMR,RG,3950,100,D,PD,OD,D
13:34:26,JSMR,RG,3950,4,D,XC,OD,D
13:34:26,JSMR,RG,3950,30,D,YP,OD,D
13:34:26,JSMR,RG,3950,326,D,RF,OD,D
13:34:01,JSMR,RG,3950,29,D,RF,YU,D
13:34:01,JSMR,RG,3950,8,D,RF,YU,D
13:33:52,JSMR,RG,3960,2,D,YP,OD,D
13:32:58,JSMR,RG,3950,5,D,RF,KK,D
13:32:57,JSMR,RG,3950,5,D,RF,CP,D
13:32:57,JSMR,RG,3950,93,D,RF,AK,F
13:32:57,JSMR,RG,3950,34,D,RF,BK,F
13:32:57,JSMR,RG,3950,1,D,YP,BK,F
13:32:57,JSMR,RG,3950,3,D,XC,BK,F
13:32:57,JSMR,RG,3950,1,D,YP,BK,F
13:32:57,JSMR,RG,3950,1,D,YP,BK,F
13:32:57,JSMR,RG,3950,5,D,CC,BK,F
13:32:57,JSMR,RG,3950,1,D,YP,BK,F
13:32:57,JSMR,RG,3950,3,D,PD,BK,F
13:32:57,JSMR,RG,3950,1,D,PD,BK,F
13:32:57,JSMR,RG,3950,7,D,KK,BK,F
13:32:55,JSMR,RG,3960,6,D,CS,OD,D
13:32:55,JSMR,RG,3960,13,D,CS,OD,D
13:32:54,JSMR,RG,3960,17,D,CS,OD,D
13:32:54,JSMR,RG,3960,2,D,OD,OD,D
13:32:54,JSMR,RG,3960,2,D,CS,OD,D
13:32:54,JSMR,RG,3960,1,D,KK,OD,D
13:32:54,JSMR,RG,3960,1,D,OD,OD,D
13:32:54,JSMR,RG,3960,2,D,PD,OD,D
13:32:54,JSMR,RG,3960,3,D,CS,OD,D
13:32:54,JSMR,RG,3960,10,D,CC,OD,D
13:32:54,JSMR,RG,3960,1,D,YP,OD,D
13:32:54,JSMR,RG,3960,3,D,XC,OD,D
13:32:54,JSMR,RG,3960,3,D,XC,OD,D
13:32:54,JSMR,RG,3960,5,D,XC,OD,D
13:32:54,JSMR,RG,3960,1,D,YP,OD,D
13:32:54,JSMR,RG,3960,75,D,YP,OD,D
13:32:54,JSMR,RG,3960,2,D,PD,OD,D
13:32:54,JSMR,RG,3960,3,D,CC,OD,D
13:32:54,JSMR,RG,3960,100,D,PD,OD,D
13:32:54,JSMR,RG,3960,1,D,CC,OD,D
13:32:54,JSMR,RG,3960,10,D,CC,OD,D
13:32:54,JSMR,RG,3960,2,D,DH,OD,D
13:32:54,JSMR,RG,3960,5,D,CC,OD,D
13:32:54,JSMR,RG,3960,12,D,PD,OD,D
13:32:54,JSMR,RG,3960,2,D,AG,OD,D
13:32:54,JSMR,RG,3960,1,D,PD,OD,D
13:32:54,JSMR,RG,3960,10,D,AT,OD,D
13:32:54,JSMR,RG,3960,20,D,CP,OD,D
13:32:54,JSMR,RG,3960,3,D,EP,OD,D
13:32:54,JSMR,RG,3960,25,D,OD,OD,D
13:32:54,JSMR,RG,3960,1,D,PD,OD,D
13:32:54,JSMR,RG,3960,3,D,EP,OD,D
13:32:54,JSMR,RG,3960,4,D,CP,OD,D
13:32:54,JSMR,RG,3960,2,D,KK,OD,D
13:32:54,JSMR,RG,3960,1000,D,XA,OD,D
13:32:54,JSMR,RG,3960,32,D,YP,OD,D
13:32:54,JSMR,RG,3960,1,D,SQ,OD,D
13:32:54,JSMR,RG,3960,1,D,XC,OD,D
13:32:54,JSMR,RG,3960,1,D,PD,OD,D
13:32:54,JSMR,RG,3960,1,D,PD,OD,D
13:32:54,JSMR,RG,3960,150,D,NI,OD,D
13:32:54,JSMR,RG,3960,2,D,XC,OD,D
13:32:54,JSMR,RG,3960,1,D,EP,OD,D
13:32:54,JSMR,RG,3960,25,D,MU,OD,D
13:32:54,JSMR,RG,3960,5,D,LG,OD,D
13:32:54,JSMR,RG,3960,1,D,DH,OD,D
13:32:54,JSMR,RG,3960,1,D,XC,OD,D
13:32:54,JSMR,RG,3960,12,D,PD,OD,D
13:32:54,JSMR,RG,3960,2,D,SQ,OD,D
13:32:54,JSMR,RG,3960,107,D,IF,OD,D
13:32:34,JSMR,RG,3970,3,D,KZ,KZ,D
13:32:33,JSMR,RG,3970,3,D,PD,KZ,D
13:32:33,JSMR,RG,3970,5,D,PD,PD,D
13:32:33,JSMR,RG,3970,13,D,PD,DX,D
13:32:33,JSMR,RG,3970,65,D,PD,CC,D
13:32:33,JSMR,RG,3970,1,D,PD,PD,D
13:32:33,JSMR,RG,3970,13,D,PD,KZ,D
13:32:29,JSMR,RG,3970,2,D,KZ,KZ,D
13:32:29,JSMR,RG,3970,6,D,KZ,KZ,D
13:32:29,JSMR,RG,3970,3,D,KZ,BQ,D
13:32:25,JSMR,RG,3970,4,D,CS,BQ,D
13:32:25,JSMR,RG,3970,14,D,CS,BQ,D
13:32:25,JSMR,RG,3970,1,D,CS,BQ,D
13:32:25,JSMR,RG,3970,8,D,CS,BQ,D
13:32:25,JSMR,RG,3970,5,D,CS,BQ,D
13:32:25,JSMR,RG,3970,13,D,CS,BQ,D
13:32:25,JSMR,RG,3970,2,D,CS,BQ,D
13:32:25,JSMR,RG,3970,14,D,CS,CC,D
13:32:22,JSMR,RG,3960,13,D,IF,DX,D
13:32:21,JSMR,RG,3970,1,D,XC,CC,D
13:31:32,JSMR,RG,3970,2,D,OD,CC,D
13:30:21,JSMR,RG,3960,18,D,IF,YP,D
13:30:21,JSMR,RG,3960,5,D,IF,YP,D
13:30:16,JSMR,RG,3970,5,D,CC,CC,D
13:30:16,JSMR,RG,3970,3,D,YP,CC,D
13:30:15,JSMR,RG,3970,5,D,CC,CC,D
13:30:15,JSMR,RG,3960,10,D,IF,YP,D
13:30:13,JSMR,RG,3960,2,D,IF,XC,D
13:30:08,JSMR,RG,3960,13,D,IF,PD,D
13:30:08,JSMR,RG,3960,1,D,IF,PD,D
13:30:07,JSMR,RG,3970,12,D,PD,CC,D
13:30:07,JSMR,RG,3970,1,D,PD,CC,D
13:30:06,JSMR,RG,3960,13,D,IF,YU,D
13:30:06,JSMR,RG,3960,4,D,IF,YU,D
13:30:06,JSMR,RG,3970,2,D,DR,CC,D
13:30:06,JSMR,RG,3960,1,D,IF,PD,D
13:30:05,JSMR,RG,3960,1,D,IF,SQ,D
13:30:04,JSMR,RG,3970,10,D,SQ,CC,D
13:30:04,JSMR,RG,3970,10,D,YU,CC,D
13:30:04,JSMR,RG,3970,3,D,YU,YP,D
13:30:04,JSMR,RG,3970,1,D,YU,PD,D
13:30:04,JSMR,RG,3970,1,D,YU,PD,D
13:30:04,JSMR,RG,3970,5,D,YU,KZ,D
13:30:03,JSMR,RG,3960,8,D,IF,EP,D
11:29:53,JSMR,RG,3960,3,D,IF,KZ,D
11:28:58,JSMR,RG,3960,32,D,IF,DR,D
11:28:54,JSMR,RG,3960,2,D,IF,XC,D
11:28:53,JSMR,RG,3970,21,D,YP,KZ,D
11:28:31,JSMR,RG,3970,1,D,OD,KZ,D
11:28:13,JSMR,RG,3960,14,D,IF,DX,D
11:28:12,JSMR,RG,3970,1,D,YP,KZ,D
11:28:12,JSMR,RG,3970,1,D,YP,NI,D
11:28:12,JSMR,RG,3970,5,D,YP,BK,F
11:28:07,JSMR,RG,3960,3,D,IF,XA,D
11:28:07,JSMR,RG,3960,1,D,DH,XA,D
11:26:36,JSMR,RG,3960,25,D,DH,YP,D
11:26:21,JSMR,RG,3960,74,D,DH,BQ,D
11:26:21,JSMR,RG,3960,1,D,YP,BQ,D
11:26:21,JSMR,RG,3960,3,D,XC,BQ,D
11:26:21,JSMR,RG,3960,22,D,CC,BQ,D
11:26:15,JSMR,RG,3960,28,D,CC,BQ,D
11:26:15,JSMR,RG,3960,20,D,KK,BQ,D
11:26:15,JSMR,RG,3960,1,D,XC,BQ,D
11:26:15,JSMR,RG,3960,3,D,YP,BQ,D
11:26:15,JSMR,RG,3960,1,D,XC,BQ,D
11:26:15,JSMR,RG,3960,20,D,PD,BQ,D
11:26:15,JSMR,RG,3960,20,D,OD,BQ,D
11:26:15,JSMR,RG,3960,1,D,XC,BQ,D
11:26:15,JSMR,RG,3960,1,D,XC,BQ,D
11:26:15,JSMR,RG,3960,5,D,PD,BQ,D
11:26:12,JSMR,RG,3970,2,D,KZ,BK,F
11:26:02,JSMR,RG,3960,1,D,PD,NI,D
11:25:52,JSMR,RG,3960,2,D,PD,DX,D
11:25:52,JSMR,RG,3960,3,D,PD,DX,D
11:25:52,JSMR,RG,3960,8,D,CC,DX,D
11:25:24,JSMR,RG,3960,12,D,CC,KZ,D
11:25:24,JSMR,RG,3960,1,D,NI,KZ,D
11:25:24,JSMR,RG,3960,6,D,SQ,KZ,D
11:25:19,JSMR,RG,3970,1,D,OD,BK,F
11:24:33,JSMR,RG,3960,3,D,SQ,BQ,D
11:24:33,JSMR,RG,3960,47,D,IT,BQ,D
11:24:32,JSMR,RG,3960,53,D,IT,YU,D
11:24:31,JSMR,RG,3960,10,D,LG,YU,D
11:24:31,JSMR,RG,3960,1,D,KK,YU,D
11:24:31,JSMR,RG,3960,9,D,YP,YU,D
11:24:30,JSMR,RG,3960,6,D,YP,PD,D
11:24:01,JSMR,RG,3960,1,D,YP,PD,D
11:24:00,JSMR,RG,3960,10,D,YP,YU,D
11:23:41,JSMR,RG,3970,1,D,OD,BK,F
11:23:37,JSMR,RG,3970,2,D,NI,BK,F
11:23:26,JSMR,RG,3960,12,D,YP,DX,D
11:22:40,JSMR,RG,3960,12,D,YP,LG,D
11:22:40,JSMR,RG,3960,18,D,OD,LG,D
11:22:00,JSMR,RG,3960,20,D,OD,YP,D
11:22:00,JSMR,RG,3960,31,D,OD,YU,D
11:22:00,JSMR,RG,3960,10,D,OD,YU,D
11:20:59,JSMR,RG,3960,11,D,OD,DX,D
11:20:57,JSMR,RG,3970,1,D,XC,CC,D
11:20:47,JSMR,RG,3970,1,D,SQ,CC,D
11:20:23,JSMR,RG,3970,1,D,OD,CC,D
11:20:00,JSMR,RG,3960,9,D,OD,YU,D
11:19:02,JSMR,RG,3960,1,D,OD,DR,D
11:19:02,JSMR,RG,3960,9,D,CC,DR,D
11:18:40,JSMR,RG,3960,1,D,CC,DX,D
11:18:40,JSMR,RG,3960,10,D,NI,DX,D
11:18:40,JSMR,RG,3960,2,D,KK,DX,D
11:18:08,JSMR,RG,3960,3,D,KK,TF,D
11:18:08,JSMR,RG,3960,1,D,YP,TF,D
11:18:00,JSMR,RG,3960,1,D,KK,YU,D
11:18:00,JSMR,RG,3960,1,D,KZ,YU,D
11:18:00,JSMR,RG,3960,3,D,YP,YU,D
11:18:00,JSMR,RG,3960,1,D,XC,YU,D
11:18:00,JSMR,RG,3960,4,D,YP,YU,D
11:17:09,JSMR,RG,3970,1,D,OD,CC,D
11:17:03,JSMR,RG,3960,1,D,YP,NI,D
11:16:36,JSMR,RG,3970,6,D,NI,CC,D
11:16:36,JSMR,RG,3970,10,D,NI,BK,F
11:16:36,JSMR,RG,3970,2,D,NI,PD,D
11:16:31,JSMR,RG,3960,5,D,YP,CC,D
11:16:31,JSMR,RG,3960,5,D,AG,CC,D
11:16:00,JSMR,RG,3960,5,D,AG,YU,D
11:16:00,JSMR,RG,3960,1,D,XC,YU,D
11:16:00,JSMR,RG,3960,1,D,YP,YU,D
11:16:00,JSMR,RG,3960,1,D,KK,YU,D
11:16:00,JSMR,RG,3960,2,D,XC,YU,D
11:16:00,JSMR,RG,3960,1,D,XC,YU,D
11:15:57,JSMR,RG,3970,4,D,KZ,PD,D
11:15:52,JSMR,RG,3970,3,D,KZ,PD,D
11:15:49,JSMR,RG,3970,14,D,PD,DX,D
11:15:49,JSMR,RG,3970,16,D,PD,KZ,D
11:15:44,JSMR,RG,3970,19,F,AK,KZ,D
11:15:44,JSMR,RG,3970,38,F,AK,KZ,D
11:15:44,JSMR,RG,3970,3,F,AK,YP,D
11:15:44,JSMR,RG,3970,18,F,AK,YU,D
11:15:44,JSMR,RG,3970,4,F,AK,CC,F
11:15:44,JSMR,RG,3970,12,F,AK,BK,F
11:15:44,JSMR,RG,3970,12,F,AK,CC,D
11:15:33,JSMR,RG,3970,1,D,OD,CC,D
11:15:00,JSMR,RG,3960,5,D,NI,YU,D
11:15:00,JSMR,RG,3960,33,D,PD,YU,D
11:14:00,JSMR,RG,3960,11,D,PD,YU,D
11:13:59,JSMR,RG,3960,11,D,PD,DX,D
11:12:52,JSMR,RG,3960,3,D,PD,AG,F
11:12:21,JSMR,RG,3970,1,D,OD,CC,D
11:12:00,JSMR,RG,3960,9,D,PD,YU,D
11:11:40,JSMR,RG,3960,33,D,PD,YU,D
11:11:37,JSMR,RG,3960,2,D,YP,DX,D
11:11:37,JSMR,RG,3960,5,D,CC,DX,D
11:11:37,JSMR,RG,3960,5,D,AG,DX,D
11:11:19,JSMR,RG,3970,2,D,OD,CC,D
11:11:09,JSMR,RG,3960,10,D,AG,NI,D
11:10:50,JSMR,RG,3960,2,D,AG,EP,D
11:10:41,JSMR,RG,3970,1,D,OD,CC,D
11:10:00,JSMR,RG,3960,9,D,AG,YU,D
11:09:08,JSMR,RG,3960,13,D,AG,DX,D
11:09:03,JSMR,RG,3960,2,D,AG,XC,D
11:08:34,JSMR,RG,3960,15,D,AG,EP,D
11:08:00,JSMR,RG,3960,9,D,AG,YU,D
11:07:27,JSMR,RG,3970,23,D,PD,CC,D
11:07:27,JSMR,RG,3970,27,D,PD,BQ,D
11:07:23,JSMR,RG,3970,1,D,OD,BQ,D
11:07:05,JSMR,RG,3970,3,F,AG,BQ,D
11:06:17,JSMR,RG,3970,69,D,EP,BQ,D
11:06:17,JSMR,RG,3970,15,D,EP,BK,F
11:06:17,JSMR,RG,3970,100,D,EP,BQ,D
11:06:17,JSMR,RG,3970,10,D,EP,BK,F
11:06:17,JSMR,RG,3970,6,D,EP,CC,D
11:06:07,JSMR,RG,3970,3,D,KZ,CC,D
11:06:00,JSMR,RG,3960,11,D,AG,YU,D
11:05:56,JSMR,RG,3970,56,D,YP,CC,D
11:05:56,JSMR,RG,3970,34,D,YP,CC,D
11:05:54,JSMR,RG,3970,31,D,EP,CC,D
11:05:54,JSMR,RG,3970,65,D,EP,CC,D
11:05:54,JSMR,RG,3970,11,D,EP,BK,F
11:05:54,JSMR,RG,3970,13,D,EP,DX,D
11:05:54,JSMR,RG,3970,29,D,EP,KZ,D
11:05:54,JSMR,RG,3970,65,D,EP,CC,D
11:05:54,JSMR,RG,3970,20,D,EP,YU,D
11:05:54,JSMR,RG,3970,24,D,EP,BK,F
11:05:54,JSMR,RG,3970,42,D,EP,CC,D
11:05:19,JSMR,RG,3970,20,D,CC,CC,D
11:04:50,JSMR,RG,3970,38,F,AK,CC,D
11:04:50,JSMR,RG,3970,100,D,PD,CC,D
11:04:49,JSMR,RG,3980,5,D,YU,CC,D
11:04:21,JSMR,RG,3960,4,D,AG,DX,D
11:04:21,JSMR,RG,3970,1,D,YP,DX,D
11:04:21,JSMR,RG,3970,1,D,OD,DX,D
11:04:21,JSMR,RG,3970,1,D,SQ,DX,D
11:04:21,JSMR,RG,3970,5,D,XL,DX,D
11:04:21,JSMR,RG,3970,1,D,GR,DX,D
11:03:18,JSMR,RG,3970,1,D,GR,AG,D
11:03:07,JSMR,RG,3970,20,D,NI,AG,D
11:03:07,JSMR,RG,3970,4,D,KK,AG,D
11:03:07,JSMR,RG,3970,1,D,OD,AG,D
11:03:07,JSMR,RG,3970,1,D,DX,AG,D
11:03:07,JSMR,RG,3970,3,D,XC,AG,D
11:02:14,JSMR,RG,3970,2,D,XC,BK,F
11:02:11,JSMR,RG,3970,2,D,YP,BK,F
11:02:11,JSMR,RG,3970,3,D,YP,KZ,D
11:02:10,JSMR,RG,3970,5,D,PD,KZ,D
11:02:07,JSMR,RG,3970,3,D,KZ,KZ,D
11:02:00,JSMR,RG,3970,2,D,CC,KZ,D
11:01:33,JSMR,RG,3970,7,D,YP,KZ,D
11:01:13,JSMR,RG,3970,3,D,YP,BK,F
11:01:13,JSMR,RG,3970,13,D,YP,DX,D
11:01:13,JSMR,RG,3970,1,D,YP,KK,D
11:01:13,JSMR,RG,3970,2,D,YP,DH,D
11:01:13,JSMR,RG,3970,24,D,YP,BQ,D
11:00:33,JSMR,RG,3970,5,D,YP,BQ,D
11:00:12,JSMR,RG,3970,1,D,XC,BQ,D
11:00:12,JSMR,RG,3970,10,D,AG,BQ,D
11:00:12,JSMR,RG,3970,1,D,OD,BQ,D
11:00:12,JSMR,RG,3970,2,D,KZ,BQ,D
11:00:12,JSMR,RG,3970,7,D,NI,BQ,D
10:59:58,JSMR,RG,3980,1,D,XC,CC,D
10:59:45,JSMR,RG,3970,3,D,NI,YP,D
10:59:36,JSMR,RG,3970,2,D,NI,CC,F
10:59:36,JSMR,RG,3970,10,D,NI,YU,D
10:59:36,JSMR,RG,3970,10,D,NI,PD,D
10:59:36,JSMR,RG,3970,21,D,NI,KZ,D
10:59:36,JSMR,RG,3970,3,D,NI,BK,F
10:59:36,JSMR,RG,3970,9,D,NI,YU,D
10:59:36,JSMR,RG,3970,27,D,NI,KZ,D
10:59:36,JSMR,RG,3970,8,D,NI,YU,D
10:59:33,JSMR,RG,3960,13,D,AG,DX,D
10:59:17,JSMR,RG,3970,1,D,PD,YU,D
10:59:14,JSMR,RG,3960,2,D,AG,NI,D
10:59:12,JSMR,RG,3970,9,D,LG,YU,D
10:59:12,JSMR,RG,3970,15,D,LG,YU,D
10:59:12,JSMR,RG,3970,6,D,LG,CC,D
10:58:57,JSMR,RG,3970,1,D,OD,CC,D
10:58:40,JSMR,RG,3970,50,D,PD,CC,D
10:58:20,JSMR,RG,3960,1,D,AG,XC,D
10:57:41,JSMR,RG,3960,4,D,AG,KK,D
10:57:41,JSMR,RG,3960,1,D,NI,KK,D
10:57:41,JSMR,RG,3960,1,D,YP,KK,D
10:57:41,JSMR,RG,3960,1,D,CC,KK,D
10:57:30,JSMR,RG,3960,1,D,CC,YU,D
10:57:30,JSMR,RG,3960,5,D,YP,YU,D
10:57:30,JSMR,RG,3960,1,D,NI,YU,D
10:57:30,JSMR,RG,3960,11,D,OD,YU,D
10:57:30,JSMR,RG,3960,1,D,XC,YU,D
10:57:30,JSMR,RG,3960,1,D,XC,YU,D
10:57:30,JSMR,RG,3960,10,D,NI,YU,D
10:57:30,JSMR,RG,3960,5,D,SQ,YU,D
10:57:30,JSMR,RG,3960,1,D,YP,YU,D
10:57:15,JSMR,RG,3970,1,D,OD,CC,D
10:57:09,JSMR,RG,3960,8,D,YP,DX,D
10:57:06,JSMR,RG,3960,1,D,YP,CC,D
10:57:06,JSMR,RG,3960,5,D,YP,CC,D
10:57:06,JSMR,RG,3960,1,D,YP,CC,D
10:57:06,JSMR,RG,3960,1,D,YP,CC,D
10:57:06,JSMR,RG,3960,2,D,YP,CC,D
10:56:26,JSMR,RG,3960,1,D,CC,YP,D
10:56:06,JSMR,RG,3970,20,D,CC,CC,D
10:55:37,JSMR,RG,3970,1,D,YP,CC,D
10:55:07,JSMR,RG,3960,10,D,CC,EP,D
10:55:06,JSMR,RG,3960,2,D,CC,DX,D
10:55:06,JSMR,RG,3960,1,D,YP,DX,D
10:54:55,JSMR,RG,3970,2,D,YP,CC,D
10:54:55,JSMR,RG,3970,3,D,KZ,CC,D
10:54:55,JSMR,RG,3970,2,D,DR,CC,D
10:54:55,JSMR,RG,3970,3,D,YP,CC,D
10:54:55,JSMR,RG,3970,4,D,OD,CC,D
10:54:55,JSMR,RG,3970,3,D,YP,CC,D
10:54:55,JSMR,RG,3970,1,D,YP,CC,D
10:54:55,JSMR,RG,3970,1,D,KK,CC,D
10:54:55,JSMR,RG,3970,1,D,XC,CC,D
10:54:55,JSMR,RG,3970,30,D,SQ,CC,D
10:54:55,JSMR,RG,3970,1,D,PD,CC,D
10:54:55,JSMR,RG,3970,2,D,KK,CC,D
10:54:55,JSMR,RG,3970,1,D,PD,CC,D
10:54:55,JSMR,RG,3970,5,D,GR,CC,D
10:54:55,JSMR,RG,3970,250,D,IP,CC,D
10:54:55,JSMR,RG,3970,2,D,EP,CC,D
10:54:55,JSMR,RG,3970,5,D,CC,CC,D
10:54:55,JSMR,RG,3970,5,D,PD,CC,D
10:53:59,JSMR,RG,3980,1,D,OD,CC,D
10:53:45,JSMR,RG,3970,3,D,PD,YU,D
10:53:45,JSMR,RG,3970,30,D,IF,YU,D
10:53:44,JSMR,RG,3980,2,D,XC,CC,D
10:53:36,JSMR,RG,3970,11,D,IF,YU,D
10:53:23,JSMR,RG,3980,3,D,XC,CC,D
10:53:14,JSMR,RG,3980,3,D,YP,CC,D
10:53:08,JSMR,RG,3980,1,D,XC,CC,D
10:52:42,JSMR,RG,3980,2,D,YP,CC,D
10:52:41,JSMR,RG,3970,1,D,IF,LG,D
10:52:39,JSMR,RG,3980,2,D,CC,CC,D
10:52:39,JSMR,RG,3980,3,D,CC,KZ,D
10:52:21,JSMR,RG,3980,1,D,OD,KZ,D
10:51:52,JSMR,RG,3980,2,D,KZ,KZ,D
10:51:51,JSMR,RG,3970,2,D,IF,YP,D
10:51:49,JSMR,RG,3980,1,D,EP,KZ,D
10:51:15,JSMR,RG,3970,6,D,IF,YU,D
10:51:15,JSMR,RG,3970,1,D,PD,YU,D
10:51:15,JSMR,RG,3970,1,D,CC,YU,D
10:51:15,JSMR,RG,3970,5,D,YP,YU,D
10:51:15,JSMR,RG,3970,11,D,OD,YU,D
10:51:15,JSMR,RG,3970,13,D,YP,YU,D
10:50:54,JSMR,RG,3970,1,D,YP,PD,D
10:50:47,JSMR,RG,3980,27,D,NI,KZ,D
10:50:47,JSMR,RG,3980,1,D,NI,YP,D
10:50:47,JSMR,RG,3980,71,D,NI,BK,F
10:50:47,JSMR,RG,3980,1,D,NI,CC,D
10:50:18,JSMR,RG,3980,50,D,PD,CC,D
10:49:14,JSMR,RG,3980,1,D,AZ,CC,D
10:49:05,JSMR,RG,3980,15,D,EP,CC,D
10:48:44,JSMR,RG,3970,6,D,YP,KK,D
10:48:44,JSMR,RG,3970,5,D,YP,KK,D
10:48:44,JSMR,RG,3970,10,D,YP,KK,D
10:48:44,JSMR,RG,3970,1,D,YP,KK,D
10:48:44,JSMR,RG,3970,1,D,YP,KK,D
10:48:44,JSMR,RG,3970,1,D,DH,KK,D
10:48:44,JSMR,RG,3970,1,D,HP,KK,D
10:48:43,JSMR,RG,3970,4,D,HP,AT,D
10:48:42,JSMR,RG,3980,1,D,CC,CC,D
10:48:24,JSMR,RG,3980,50,D,IF,CC,D
10:48:24,JSMR,RG,3980,1,D,OD,CC,D
10:48:24,JSMR,RG,3980,1,D,XC,CC,D
10:48:24,JSMR,RG,3980,6,D,NI,CC,D
10:48:24,JSMR,RG,3980,1,D,KK,CC,D
10:48:24,JSMR,RG,3980,3,D,KZ,CC,D
10:48:24,JSMR,RG,3980,1,D,YP,CC,D
10:48:24,JSMR,RG,3980,2,D,KK,CC,D
10:48:24,JSMR,RG,3980,3,D,KZ,CC,D
10:48:24,JSMR,RG,3980,1,D,PD,CC,D
10:48:24,JSMR,RG,3980,1,D,KZ,CC,D
10:48:24,JSMR,RG,3980,5,D,PD,CC,D
10:48:24,JSMR,RG,3980,1,D,SQ,CC,D
10:48:24,JSMR,RG,3980,6,D,YP,CC,D
10:48:12,JSMR,RG,3990,1,D,PD,AG,D
10:47:30,JSMR,RG,3990,1,D,OD,AG,D
10:47:29,JSMR,RG,3980,4,D,YP,KZ,D
10:47:29,JSMR,RG,3980,2,D,PD,KZ,D
10:47:29,JSMR,RG,3980,24,D,CC,KZ,D
10:47:20,JSMR,RG,3980,1,D,CC,BQ,D
10:47:20,JSMR,RG,3980,10,D,PD,BQ,D
10:47:20,JSMR,RG,3980,3,D,PD,BQ,D
10:47:20,JSMR,RG,3980,2,D,XC,BQ,D
10:47:20,JSMR,RG,3980,1,D,YP,BQ,D
10:47:20,JSMR,RG,3980,5,D,PD,BQ,D
10:47:20,JSMR,RG,3980,1,D,NI,BQ,D
10:47:20,JSMR,RG,3980,2,D,YP,BQ,D
10:47:20,JSMR,RG,3980,1,D,YP,BQ,D
10:47:20,JSMR,RG,3980,1,D,XC,BQ,D
10:47:20,JSMR,RG,3980,3,D,YP,BQ,D
10:47:20,JSMR,RG,3980,2,D,LG,BQ,D
10:47:20,JSMR,RG,3980,10,D,DR,BQ,D
10:47:20,JSMR,RG,3980,2,D,PD,BQ,D
10:47:20,JSMR,RG,3980,2,D,CC,BQ,D
10:47:20,JSMR,RG,3980,4,D,CC,BQ,D
10:47:18,JSMR,RG,3980,1,D,CC,BQ,D
10:47:18,JSMR,RG,3980,1,D,XC,BQ,D
10:47:18,JSMR,RG,3980,25,D,GR,BQ,D
10:47:18,JSMR,RG,3980,23,D,NI,BQ,D
10:47:11,JSMR,RG,3980,27,D,NI,BQ,D
10:47:11,JSMR,RG,3980,1,D,XC,BQ,D
10:47:11,JSMR,RG,3980,2,D,XC,BQ,D
10:47:11,JSMR,RG,3980,10,D,PD,BQ,D
10:47:11,JSMR,RG,3980,1,D,KK,BQ,D
10:47:11,JSMR,RG,3980,9,D,YP,BQ,D
10:47:07,JSMR,RG,3980,6,D,YP,BQ,D
10:47:07,JSMR,RG,3980,5,D,EP,BQ,D
10:47:07,JSMR,RG,3980,5,D,PD,BQ,D
10:47:07,JSMR,RG,3980,25,D,PD,BQ,D
10:47:07,JSMR,RG,3980,2,D,KK,BQ,D
10:47:07,JSMR,RG,3980,1,D,KK,BQ,D
10:47:07,JSMR,RG,3980,1,D,CC,BQ,D
10:47:07,JSMR,RG,3980,1,D,KK,BQ,D
10:47:07,JSMR,RG,3980,4,D,YP,BQ,D
10:46:56,JSMR,RG,3990,2,D,EP,AG,D
10:46:44,JSMR,RG,3990,4,D,NI,AG,D
10:46:13,JSMR,RG,3990,54,D,OD,AG,D
10:46:13,JSMR,RG,3990,10,D,OD,BK,F
10:46:13,JSMR,RG,3990,36,D,OD,CC,D
10:45:50,JSMR,RG,3990,1,D,YP,CC,D
10:45:30,JSMR,RG,3990,5,D,CC,CC,D
10:44:47,JSMR,RG,3990,2,D,KK,CC,D
10:44:39,JSMR,RG,3990,1,D,XC,CC,D
10:44:34,JSMR,RG,3990,5,D,PD,CC,D
10:44:14,JSMR,RG,3990,1,D,OD,CC,D
10:43:56,JSMR,RG,3990,39,D,IF,CC,D
10:43:56,JSMR,RG,3990,11,D,IF,YU,D
10:43:52,JSMR,RG,3990,2,D,DR,YU,D
10:43:48,JSMR,RG,3980,1,D,YP,YP,D
10:43:47,JSMR,RG,3990,1,D,YP,YU,D
10:43:40,JSMR,RG,3990,1,D,YP,YU,D
10:43:31,JSMR,RG,3990,1,D,KK,YU,D
10:43:15,JSMR,RG,3990,1,D,PD,YP,D
10:43:15,JSMR,RG,3990,1,D,PD,XC,D
10:43:15,JSMR,RG,3990,10,D,PD,BK,F
10:43:15,JSMR,RG,3990,11,D,PD,YU,D
10:41:40,JSMR,RG,3990,8,D,PD,YU,D
10:41:39,JSMR,RG,3990,15,D,PD,YU,D
10:41:39,JSMR,RG,3990,20,D,PD,YU,D
10:41:39,JSMR,RG,3990,7,D,PD,KZ,D
10:41:39,JSMR,RG,3990,12,D,DH,KZ,D
10:41:34,JSMR,RG,3990,51,D,DH,AK,F
10:41:34,JSMR,RG,3990,1,D,OD,AK,F
10:41:34,JSMR,RG,3990,1,D,KK,AK,F
10:41:34,JSMR,RG,3990,12,D,PD,AK,F
10:41:34,JSMR,RG,3990,4,D,OD,AK,F
10:41:24,JSMR,RG,3990,21,D,OD,KZ,D
10:41:24,JSMR,RG,3990,2,D,KZ,KZ,D
10:41:24,JSMR,RG,3990,2,D,YP,KZ,D
10:41:24,JSMR,RG,3990,2,D,YP,KZ,D
10:41:19,JSMR,RG,3990,98,D,YP,BQ,D
10:41:19,JSMR,RG,3990,1,D,YP,BQ,D
10:41:19,JSMR,RG,3990,2,D,PD,BQ,D
10:41:19,JSMR,RG,3990,10,D,CC,BQ,D
10:41:19,JSMR,RG,3990,2,D,PD,BQ,D
10:41:19,JSMR,RG,3990,6,D,DH,BQ,D
10:41:19,JSMR,RG,3990,2,D,KK,BQ,D
10:41:19,JSMR,RG,3990,4,D,DR,BQ,D
10:41:17,JSMR,RG,3990,32,D,DR,BQ,D
10:41:17,JSMR,RG,3990,7,D,NI,BQ,D
10:41:17,JSMR,RG,3990,25,D,YP,BQ,D
10:41:17,JSMR,RG,3990,5,D,YP,BQ,D
10:41:17,JSMR,RG,3990,20,D,YP,BQ,D
10:41:17,JSMR,RG,3990,1,D,KK,BQ,D
10:41:17,JSMR,RG,3990,2,F,PD,BQ,D
10:41:17,JSMR,RG,3990,5,D,PD,BQ,D
10:41:17,JSMR,RG,3990,1,D,PD,BQ,D
10:41:17,JSMR,RG,3990,2,D,KK,BQ,D
10:40:03,JSMR,RG,4000,1,D,CC,BQ,D
10:40:00,JSMR,RG,3990,15,D,YP,YU,D
10:40:00,JSMR,RG,3990,19,D,XC,YU,D
10:40:00,JSMR,RG,3990,1,D,PD,YU,D
10:40:00,JSMR,RG,3990,4,D,YU,YU,D
10:39:22,JSMR,RG,4000,1,D,OD,BQ,D
10:38:33,JSMR,RG,4000,16,D,PD,BQ,D
10:38:33,JSMR,RG,4000,34,D,PD,BK,F
10:38:21,JSMR,RG,4000,21,D,OD,BK,F
10:38:21,JSMR,RG,4000,4,D,OD,BK,F
10:36:44,JSMR,RG,4000,3,D,PD,BK,F
10:36:00,JSMR,RG,4000,4,D,PD,BK,F
10:36:00,JSMR,RG,4000,1,D,PD,YU,D
10:35:26,JSMR,RG,4000,3,D,YP,YU,D
10:35:00,JSMR,RG,4000,1,D,OD,YU,D
10:35:00,JSMR,RG,4000,5,D,PD,YU,D
10:35:00,JSMR,RG,4000,10,D,LG,YU,D
10:35:00,JSMR,RG,4000,5,D,CC,YU,D
10:35:00,JSMR,RG,4000,2,D,KK,YU,D
10:35:00,JSMR,RG,4000,4,D,YP,YU,D
10:34:28,JSMR,RG,4010,1,D,OD,OD,D
10:34:19,JSMR,RG,4000,1,D,YP,KZ,D
10:34:19,JSMR,RG,4000,22,D,PD,KZ,D
10:34:13,JSMR,RG,4000,20,D,PD,BQ,D
10:34:07,JSMR,RG,4000,2,D,PD,YP,D
10:33:57,JSMR,RG,4000,56,D,PD,AG,D
10:33:57,JSMR,RG,4000,44,D,PD,AG,D
10:32:24,JSMR,RG,4000,3,D,PD,YP,D
10:31:57,JSMR,RG,4000,2,D,PD,PD,D
10:31:57,JSMR,RG,4000,2,D,PD,PD,D
10:30:20,JSMR,RG,4000,26,D,PD,LG,D
10:30:20,JSMR,RG,4000,9,D,PD,BK,F
10:30:20,JSMR,RG,4000,16,D,PD,YU,D
10:30:00,JSMR,RG,4000,1,D,OD,YU,D
10:30:00,JSMR,RG,4000,1,D,XC,YU,D
10:30:00,JSMR,RG,4000,2,D,NI,YU,D
10:30:00,JSMR,RG,4000,18,D,MG,YU,D
10:28:58,JSMR,RG,4000,65,D,MG,PD,D
10:28:02,JSMR,RG,4000,50,D,MG,BQ,D
10:27:59,JSMR,RG,4000,7,D,MG,BQ,D
10:27:59,JSMR,RG,4000,43,D,NI,BQ,D
10:27:50,JSMR,RG,4010,1,D,OD,XL,D
10:27:40,JSMR,RG,4000,7,D,NI,PD,D
10:27:40,JSMR,RG,4000,5,D,PD,PD,D
10:27:40,JSMR,RG,4000,13,D,XA,PD,D
10:26:33,JSMR,RG,4000,1,D,XA,XC,D
10:26:04,JSMR,RG,4000,5,D,XA,CC,D
10:25:24,JSMR,RG,4000,6,D,XA,BQ,D
10:25:24,JSMR,RG,4000,1,D,KK,BQ,D
10:25:24,JSMR,RG,4000,5,D,AI,BQ,D
10:25:24,JSMR,RG,4000,1,D,OD,BQ,D
10:25:24,JSMR,RG,4000,1,D,PD,BQ,D
10:25:24,JSMR,RG,4000,2,D,XC,BQ,D
10:25:24,JSMR,RG,4000,5,D,YP,BQ,D
10:25:24,JSMR,RG,4000,1,D,PD,BQ,D
10:25:24,JSMR,RG,4000,8,D,AG,BQ,D
10:25:11,JSMR,RG,4010,1,D,KK,XL,D
10:25:10,JSMR,RG,4000,20,D,AG,BQ,D
10:25:02,JSMR,RG,4000,50,D,AG,BQ,D
10:24:58,JSMR,RG,4000,50,D,AG,BQ,D
10:24:49,JSMR,RG,4000,50,D,AG,BQ,D
10:24:38,JSMR,RG,4000,1,D,AG,GR,D
10:23:18,JSMR,RG,4000,20,D,AG,CC,D
10:23:17,JSMR,RG,4000,1,D,AG,LG,D
10:23:07,JSMR,RG,4000,49,D,NI,LG,D
10:23:07,JSMR,RG,4000,18,D,NI,YU,D
10:23:07,JSMR,RG,4000,40,D,NI,NI,D
10:23:07,JSMR,RG,4000,5,D,NI,XC,D
10:23:07,JSMR,RG,4000,16,D,NI,YU,D
10:23:07,JSMR,RG,4000,6,D,NI,XC,D
10:23:07,JSMR,RG,4000,4,D,NI,YP,D
10:23:07,JSMR,RG,4000,12,D,NI,SQ,D
10:22:50,JSMR,RG,4000,1,D,OD,SQ,D
10:22:39,JSMR,RG,4000,12,D,PD,SQ,D
10:22:39,JSMR,RG,4000,16,D,PD,DH,D
10:21:21,JSMR,RG,4000,1,D,YP,DH,D
10:21:21,JSMR,RG,4000,1,D,YP,SQ,D
10:21:20,JSMR,RG,4000,5,D,YP,SQ,D
10:20:56,JSMR,RG,4000,3,D,NI,SQ,D
10:20:24,JSMR,RG,4000,2,D,PD,SQ,D
10:20:24,JSMR,RG,4000,1,D,PD,DR,D
10:20:03,JSMR,RG,4000,2,D,PD,DR,D
10:20:03,JSMR,RG,4000,3,D,PD,YU,D
10:19:32,JSMR,RG,4000,1,D,OD,YU,D
10:19:08,JSMR,RG,4000,12,D,CC,YU,D
10:19:08,JSMR,RG,4000,138,D,CC,OD,D
10:17:58,JSMR,RG,4000,5,D,PD,OD,D
10:17:55,JSMR,RG,3990,2,D,YU,PD,D
10:17:54,JSMR,RG,4000,1,D,OD,OD,D
10:17:53,JSMR,RG,4000,5,D,PD,OD,D
10:17:53,JSMR,RG,4000,50,D,PD,OD,D
10:17:52,JSMR,RG,4000,5,D,CC,OD,D
10:17:46,JSMR,RG,4000,5,D,PD,OD,D
10:17:16,JSMR,RG,4000,3,D,NI,OD,D
10:17:11,JSMR,RG,4000,2,D,PD,OD,D
10:16:00,JSMR,RG,4000,1,D,XC,OD,D
10:15:47,JSMR,RG,4000,20,D,PD,OD,D
10:14:32,JSMR,RG,4000,50,D,IF,OD,D
10:14:14,JSMR,RG,4000,1,D,OD,OD,D
10:14:14,JSMR,RG,4000,14,D,AG,OD,D
10:14:14,JSMR,RG,4000,8,D,AG,XC,D
10:14:13,JSMR,RG,4000,50,D,AG,YB,D
10:14:04,JSMR,RG,4000,10,D,AG,OD,D
10:13:48,JSMR,RG,4000,5,D,AG,PD,D
10:13:48,JSMR,RG,4000,25,D,AG,PD,D
10:13:48,JSMR,RG,4000,88,D,AG,OD,D
10:13:30,JSMR,RG,3990,1,D,YU,YP,D
10:12:37,JSMR,RG,3990,18,D,YU,YU,D
10:12:37,JSMR,RG,3990,18,D,YU,YU,D
10:12:37,JSMR,RG,3990,7,D,YU,BQ,D
10:12:25,JSMR,RG,3990,5,D,PD,BQ,D
10:12:25,JSMR,RG,3990,2,D,OD,BQ,D
10:12:25,JSMR,RG,3990,36,D,YU,BQ,D
10:12:21,JSMR,RG,3990,14,D,YU,BQ,D
10:12:21,JSMR,RG,3990,1,D,NI,BQ,D
10:12:21,JSMR,RG,3990,25,D,CC,BQ,D
10:12:21,JSMR,RG,3990,5,D,PD,BQ,D
10:12:21,JSMR,RG,3990,3,D,YP,BQ,D
10:12:21,JSMR,RG,3990,1,D,PD,BQ,D
10:12:21,JSMR,RG,3990,1,D,YP,BQ,D
10:12:02,JSMR,RG,4000,3,D,PD,OD,D
10:10:03,JSMR,RG,4000,1,D,NI,OD,D
10:10:03,JSMR,RG,4000,12,D,PD,OD,D
10:10:03,JSMR,RG,4000,1,D,OD,OD,D
10:10:03,JSMR,RG,4000,295,F,BK,OD,D
10:09:38,JSMR,RG,4010,14,F,AK,CS,F
10:09:38,JSMR,RG,4010,5,F,AK,YP,D
10:09:38,JSMR,RG,4010,10,F,AK,KK,D
10:09:38,JSMR,RG,4010,65,F,AK,AG,D
10:09:38,JSMR,RG,4010,1,D,OD,AG,D
10:09:31,JSMR,RG,4010,34,F,CS,AG,D
10:09:31,JSMR,RG,4010,64,F,CS,PD,D
10:09:16,JSMR,RG,4000,3,F,CS,LG,D
10:09:16,JSMR,RG,4000,19,F,CS,YU,D
10:09:16,JSMR,RG,4000,18,F,CS,YU,D
10:09:16,JSMR,RG,4000,162,F,CS,OD,D
10:08:26,JSMR,RG,3990,22,F,BK,CC,D
10:08:26,JSMR,RG,3990,11,D,XC,CC,D
10:08:26,JSMR,RG,3990,7,D,YP,CC,D
10:07:54,JSMR,RG,3990,3,D,YP,BQ,D
10:07:54,JSMR,RG,3990,1,D,XC,BQ,D
10:07:54,JSMR,RG,3990,2,D,YP,BQ,D
10:07:54,JSMR,RG,3990,1,F,CC,BQ,D
10:07:54,JSMR,RG,3990,43,D,PD,BQ,D
10:07:53,JSMR,RG,3990,1,D,PD,CC,D
10:07:30,JSMR,RG,3990,3,D,PD,PD,D
10:06:39,JSMR,RG,3990,3,D,PD,XC,D
10:06:34,JSMR,RG,3990,50,D,PD,BQ,D
10:06:03,JSMR,RG,3980,203,F,AK,ZP,D
10:06:03,JSMR,RG,3980,11,D,OD,ZP,D
10:06:03,JSMR,RG,3980,10,D,PD,ZP,D
10:06:03,JSMR,RG,3980,1,D,YP,ZP,D
10:06:03,JSMR,RG,3980,2,D,YP,ZP,D
10:06:03,JSMR,RG,3980,1,D,GR,ZP,D
10:06:03,JSMR,RG,3980,19,D,YP,ZP,D
10:05:39,JSMR,RG,4000,2,D,XC,OD,D
10:05:18,JSMR,RG,4000,230,F,AK,OD,D
10:05:18,JSMR,RG,4000,1,D,OD,OD,D
10:05:18,JSMR,RG,4000,5,D,NI,OD,D
10:05:10,JSMR,RG,4000,20,D,NI,XA,D
10:05:10,JSMR,RG,4000,15,D,AG,XA,D
10:05:10,JSMR,RG,4000,30,D,AG,YP,D
10:05:10,JSMR,RG,4000,20,D,AG,YU,D
10:05:10,JSMR,RG,4000,30,D,AG,SQ,D
10:05:10,JSMR,RG,4000,5,D,AG,ZP,F
10:05:10,JSMR,RG,4000,100,D,AG,OD,D
10:05:04,JSMR,RG,3990,55,D,AG,AK,F
10:05:04,JSMR,RG,3990,3,D,AG,ZP,F
10:05:04,JSMR,RG,3990,15,D,AG,YU,D
10:04:49,JSMR,RG,4000,10,D,PD,OD,D
10:04:24,JSMR,RG,4000,2,D,KK,OD,D
10:04:12,JSMR,RG,4000,1,D,CC,OD,D
10:04:12,JSMR,RG,3990,4,D,CC,YP,D
10:04:11,JSMR,RG,3990,1,D,XC,YP,D
10:04:10,JSMR,RG,3990,3,F,AK,ZP,F
10:04:09,JSMR,RG,3990,18,F,AK,YU,D
10:04:08,JSMR,RG,3990,29,F,AK,YP,D
10:04:08,JSMR,RG,3990,20,D,DR,YP,D
10:04:08,JSMR,RG,3990,1,D,PD,YP,D
10:04:08,JSMR,RG,3990,25,D,KK,YP,D
10:04:08,JSMR,RG,3990,1,D,YP,YP,D
10:04:08,JSMR,RG,3990,24,D,HP,YP,D
10:04:07,JSMR,RG,4000,2,D,XC,OD,D
10:03:48,JSMR,RG,3990,6,D,HP,ZP,F
10:03:47,JSMR,RG,3990,100,D,HP,XA,D
10:03:47,JSMR,RG,3990,10,D,XC,XA,D
10:03:47,JSMR,RG,3990,9,D,SQ,XA,D
10:03:47,JSMR,RG,3990,1,D,YP,XA,D
10:03:47,JSMR,RG,3990,5,D,YP,XA,D
10:03:47,JSMR,RG,3990,1,D,YP,XA,D
10:03:47,JSMR,RG,3990,61,D,IF,XA,D
10:03:38,JSMR,RG,3990,4,D,IF,CC,D
10:03:30,JSMR,RG,4000,1,D,NI,OD,D
10:03:02,JSMR,RG,3990,5,D,IF,YP,D
10:02:55,JSMR,RG,3990,4,D,IF,GR,D
10:02:16,JSMR,RG,3990,1,D,IF,KK,D
10:02:08,JSMR,RG,3990,6,D,IF,CC,D
10:02:07,JSMR,RG,4000,5,D,OD,OD,D
10:01:54,JSMR,RG,4000,1,D,YP,OD,D
10:01:54,JSMR,RG,4000,1,D,OD,OD,D
10:01:54,JSMR,RG,4000,77,D,IF,OD,D
10:01:52,JSMR,RG,4000,18,D,IF,NI,D
10:01:46,JSMR,RG,4000,4,D,IF,PD,D
10:01:27,JSMR,RG,4000,1,D,IF,ZP,F
10:01:20,JSMR,RG,3990,5,D,IF,CC,D
10:01:16,JSMR,RG,3990,2,D,IF,AZ,D
10:01:06,JSMR,RG,3990,2,D,IF,KK,D
10:01:06,JSMR,RG,3990,10,D,IF,BQ,D
10:00:59,JSMR,RG,3990,1,D,XC,BQ,D
10:00:59,JSMR,RG,3990,1,D,PD,BQ,D
10:00:59,JSMR,RG,3990,10,D,CC,BQ,D
10:00:59,JSMR,RG,3990,3,D,PD,BQ,D
10:00:54,JSMR,RG,4000,1,D,PD,YB,D
10:00:35,JSMR,RG,3990,10,D,PD,YP,D
10:00:18,JSMR,RG,3990,1,D,PD,ZP,F
10:00:18,JSMR,RG,3990,11,D,PD,BK,F
10:00:18,JSMR,RG,3990,25,D,PD,DH,D
10:00:15,JSMR,RG,4000,100,F,AK,DR,D
10:00:15,JSMR,RG,4000,1,F,AK,PD,D
10:00:15,JSMR,RG,4000,10,F,AK,PD,D
10:00:15,JSMR,RG,4000,16,F,AK,BK,F
10:00:15,JSMR,RG,4000,25,F,AK,AZ,D
10:00:15,JSMR,RG,4000,19,F,AK,YU,D
10:00:15,JSMR,RG,4000,115,F,AK,YP,D
10:00:15,JSMR,RG,4000,6,F,AK,PD,D
10:00:15,JSMR,RG,4000,5,F,AK,ZP,F
10:00:15,JSMR,RG,4000,33,F,AK,AG,D
10:00:14,JSMR,RG,3990,2,F,AK,BK,F
10:00:14,JSMR,RG,3990,1,D,OD,BK,F
10:00:14,JSMR,RG,3990,6,D,YP,BK,F
10:00:13,JSMR,RG,3990,15,D,YP,YU,D
10:00:13,JSMR,RG,3990,10,D,YP,PD,D
10:00:13,JSMR,RG,3990,5,D,YP,PD,D
10:00:13,JSMR,RG,3990,91,D,YP,BK,F
10:00:13,JSMR,RG,3990,4,D,YP,ZP,F
10:00:13,JSMR,RG,3990,5,D,YP,ZP,F
10:00:13,JSMR,RG,3990,58,D,YP,OD,D
10:00:06,JSMR,RG,3990,10,D,CD,OD,D
10:00:06,JSMR,RG,3980,6,D,YP,EP,D
10:00:06,JSMR,RG,3980,1,D,YP,EP,D
10:00:06,JSMR,RG,3980,1,D,PD,EP,D
10:00:04,JSMR,RG,3990,20,D,YP,OD,D
10:00:00,JSMR,RG,3980,1,D,PD,KK,D
9:59:55,JSMR,RG,3990,4,D,PD,OD,D
9:59:49,JSMR,RG,3990,5,D,SQ,OD,D
9:59:41,JSMR,RG,3990,5,D,CC,OD,D
9:59:28,JSMR,RG,3990,5,D,YP,OD,D
9:59:24,JSMR,RG,3980,1,D,PD,PD,D
9:59:24,JSMR,RG,3980,2,D,CP,PD,D
9:59:23,JSMR,RG,3980,10,D,CP,PD,D
9:59:23,JSMR,RG,3980,3,D,CP,PD,D
9:59:22,JSMR,RG,3990,1,D,XC,OD,D
9:59:22,JSMR,RG,3990,1,D,KK,OD,D
9:59:22,JSMR,RG,3990,1,D,EP,OD,D
9:59:22,JSMR,RG,3990,1,D,CC,OD,D
9:59:22,JSMR,RG,3990,11,D,OD,OD,D
9:59:22,JSMR,RG,3990,1,D,EP,OD,D
9:59:22,JSMR,RG,3990,30,D,YP,OD,D
9:59:22,JSMR,RG,3990,5,D,AZ,OD,D
9:59:22,JSMR,RG,3990,1,D,YP,OD,D
9:59:22,JSMR,RG,3990,15,D,TF,OD,D
9:59:22,JSMR,RG,3990,5,D,NI,OD,D
9:59:22,JSMR,RG,3990,7,D,YP,OD,D
9:59:22,JSMR,RG,3990,25,D,YP,OD,D
9:59:22,JSMR,RG,3990,1,D,YP,OD,D
9:59:22,JSMR,RG,3990,1,D,YP,OD,D
9:59:22,JSMR,RG,3990,6,D,PD,OD,D
9:59:22,JSMR,RG,3990,81,D,PS,OD,D
9:59:21,JSMR,RG,3990,10,D,PS,PD,D
9:59:13,JSMR,RG,3990,9,D,PS,DR,D
9:59:13,JSMR,RG,3990,6,D,KK,DR,D
9:58:53,JSMR,RG,3990,1,D,YU,PD,D
9:58:53,JSMR,RG,4000,2,D,KK,AG,D
9:58:53,JSMR,RG,4000,2,D,LS,AG,D
9:58:53,JSMR,RG,4000,5,D,YP,AG,D
9:58:53,JSMR,RG,4000,1,D,CC,AG,D
9:58:53,JSMR,RG,4000,1,D,KK,AG,D
9:58:53,JSMR,RG,4000,3,D,XC,AG,D
9:58:53,JSMR,RG,4000,5,D,PD,AG,D
9:58:53,JSMR,RG,4000,10,D,PD,AG,D
9:58:53,JSMR,RG,4000,1,D,NI,AG,D
9:58:53,JSMR,RG,4000,25,D,EP,AG,D
9:58:53,JSMR,RG,4000,1,D,AT,AG,D
9:58:53,JSMR,RG,4000,2,D,XC,AG,D
9:58:53,JSMR,RG,4000,10,D,AZ,AG,D
9:58:53,JSMR,RG,4000,10,D,KK,AG,D
9:58:53,JSMR,RG,4000,5,D,AZ,AG,D
9:58:53,JSMR,RG,4000,5,D,NI,AG,D
9:58:53,JSMR,RG,4000,20,D,CP,AG,D
9:58:53,JSMR,RG,4000,1,D,PD,AG,D
9:58:53,JSMR,RG,4000,100,D,PD,AG,D
9:58:53,JSMR,RG,4000,3,D,YP,AG,D
9:58:53,JSMR,RG,4000,50,D,YB,AG,D
9:58:53,JSMR,RG,4000,1,D,XC,AG,D
9:58:53,JSMR,RG,4000,5,D,XC,AG,D
9:58:53,JSMR,RG,4000,5,D,YP,AG,D
9:58:53,JSMR,RG,4000,1,D,PD,AG,D
9:58:53,JSMR,RG,4000,11,D,OD,AG,D
9:58:53,JSMR,RG,4000,500,D,OD,AG,D
9:58:53,JSMR,RG,4000,2,D,YP,AG,D
9:58:53,JSMR,RG,4000,3,D,YP,AG,D
9:58:53,JSMR,RG,4000,1,D,YP,AG,D
9:58:53,JSMR,RG,4000,10,D,CC,AG,D
9:58:53,JSMR,RG,4000,50,D,GR,AG,D
9:58:53,JSMR,RG,4000,5,D,PD,AG,D
9:58:53,JSMR,RG,4000,5,D,CC,AG,D
9:58:53,JSMR,RG,4000,5,D,PD,AG,D
9:58:53,JSMR,RG,4000,1,D,XC,AG,D
9:58:28,JSMR,RG,4010,36,F,FS,PD,D
9:58:26,JSMR,RG,4010,20,F,FS,CC,D
9:58:13,JSMR,RG,4010,3,F,FS,DR,D
9:58:13,JSMR,RG,4010,67,F,FS,BK,F
9:58:13,JSMR,RG,4010,5,F,FS,ZP,F
9:58:13,JSMR,RG,4010,18,F,FS,YU,D
9:58:13,JSMR,RG,4010,17,F,FS,YU,D
9:58:13,JSMR,RG,4010,84,F,FS,PD,D
9:58:07,JSMR,RG,4010,2,D,CC,PD,D
9:58:00,JSMR,RG,4010,8,D,NI,PD,D
9:57:58,JSMR,RG,4010,5,D,NI,ZP,F
9:57:57,JSMR,RG,4010,7,D,NI,OD,D
9:57:57,JSMR,RG,4010,5,D,YP,OD,D
9:57:57,JSMR,RG,4010,9,D,SQ,OD,D
9:57:57,JSMR,RG,4010,10,D,XC,OD,D
9:57:57,JSMR,RG,4010,45,D,IF,OD,D
9:57:57,JSMR,RG,4010,1,D,PD,OD,D
9:57:57,JSMR,RG,4010,1,D,CC,OD,D
9:57:57,JSMR,RG,4010,2,D,XC,OD,D
9:57:57,JSMR,RG,4010,1,D,NI,OD,D
9:57:57,JSMR,RG,4010,5,D,YP,OD,D
9:57:57,JSMR,RG,4010,5,D,YP,OD,D
9:57:57,JSMR,RG,4010,2,D,KK,OD,D
9:57:57,JSMR,RG,4010,1,D,KK,OD,D
9:57:57,JSMR,RG,4010,1,D,KK,OD,D
9:57:57,JSMR,RG,4010,20,D,PD,OD,D
9:57:57,JSMR,RG,4010,1,D,YU,OD,D
9:57:57,JSMR,RG,4010,384,D,NI,OD,D
9:57:55,JSMR,RG,4020,1,D,OD,OD,D
9:57:31,JSMR,RG,4010,116,D,NI,BQ,D
9:57:31,JSMR,RG,4010,84,D,NI,BQ,D
9:57:27,JSMR,RG,4010,200,D,NI,BQ,D
9:56:44,JSMR,RG,4010,20,D,NI,PD,D
9:56:41,JSMR,RG,4010,25,D,NI,PD,D
9:56:27,JSMR,RG,4010,5,D,NI,OD,D
9:56:13,JSMR,RG,4010,154,D,NI,YP,D
9:56:09,JSMR,RG,4010,200,D,NI,KK,D
9:55:45,JSMR,RG,4020,111,D,PD,OD,D
9:55:44,JSMR,RG,4020,89,D,PD,OD,D
9:55:43,JSMR,RG,4020,7,D,KK,OD,D
9:55:26,JSMR,RG,4020,4,D,CC,OD,D
9:55:20,JSMR,RG,4020,3,D,CC,ZP,F
9:55:20,JSMR,RG,4020,3,D,CC,YP,D
9:55:18,JSMR,RG,4020,1,D,OD,YP,D
9:55:18,JSMR,RG,4020,1,D,CC,YP,D
9:55:18,JSMR,RG,4020,6,D,NI,YP,D
9:55:18,JSMR,RG,4020,139,D,IF,YP,D
9:55:07,JSMR,RG,4020,10,D,IF,DR,D
9:54:44,JSMR,RG,4030,1,D,CC,PD,D
9:54:39,JSMR,RG,4020,4,D,IF,CC,D
9:54:35,JSMR,RG,4020,10,D,IF,KK,D
9:54:34,JSMR,RG,4030,1,D,CC,PD,D
9:54:29,JSMR,RG,4020,2,D,IF,XC,D
9:54:29,JSMR,RG,4030,4,D,NI,PD,D
9:54:12,JSMR,RG,4020,1,D,IF,BK,F
9:54:09,JSMR,RG,4020,1,D,IF,YP,D
9:54:09,JSMR,RG,4020,4,D,IF,BK,F
9:54:09,JSMR,RG,4020,79,D,IF,BK,F
9:54:07,JSMR,RG,4010,312,D,NI,OD,D
9:54:07,JSMR,RG,4010,5,D,CC,OD,D
9:54:07,JSMR,RG,4010,1,D,PD,OD,D
9:54:07,JSMR,RG,4010,1,D,PD,OD,D
9:54:07,JSMR,RG,4010,5,D,YP,OD,D
9:54:07,JSMR,RG,4010,1,D,KK,OD,D
9:54:07,JSMR,RG,4010,11,D,OD,OD,D
9:54:07,JSMR,RG,4010,2,D,YP,OD,D
9:54:07,JSMR,RG,4010,1,D,YP,OD,D
9:54:07,JSMR,RG,4010,161,D,GR,OD,D
9:54:06,JSMR,RG,4020,26,D,NI,BK,F
9:54:06,JSMR,RG,4020,9,D,NI,ZP,F
9:54:06,JSMR,RG,4020,19,D,NI,YU,D
9:54:06,JSMR,RG,4020,196,D,NI,AG,D
9:53:56,JSMR,RG,4010,12,D,GR,BK,F
9:53:52,JSMR,RG,4010,65,D,GR,DR,D
9:53:52,JSMR,RG,4010,5,D,GR,EP,D
9:53:51,JSMR,RG,4010,30,D,GR,LG,D
9:53:47,JSMR,RG,4020,7,D,KK,AG,D
9:53:43,JSMR,RG,4010,13,D,GR,BK,F
9:53:40,JSMR,RG,4010,28,D,GR,BK,F
9:53:38,JSMR,RG,4010,30,D,GR,BK,F
9:53:37,JSMR,RG,4010,34,D,GR,YP,D
9:53:37,JSMR,RG,4010,2,D,GR,YP,D
9:53:36,JSMR,RG,4010,34,D,GR,PD,D
9:53:36,JSMR,RG,4010,86,D,GR,BK,F
9:53:36,JSMR,RG,4010,1,D,XC,BK,F
9:53:32,JSMR,RG,4020,5,D,YP,AG,D
9:53:32,JSMR,RG,4020,20,D,YP,AG,D
9:53:32,JSMR,RG,4020,1,D,CC,AG,D
9:53:32,JSMR,RG,4020,50,D,NI,AG,D
9:53:32,JSMR,RG,4020,5,D,GR,AG,D
9:53:32,JSMR,RG,4020,5,D,OD,AG,D
9:53:32,JSMR,RG,4020,5,D,GR,AG,D
9:53:32,JSMR,RG,4020,1,D,NI,AG,D
9:53:32,JSMR,RG,4020,8,D,CC,AG,D
9:53:32,JSMR,RG,4020,75,D,LG,AG,D
9:53:32,JSMR,RG,4020,3,D,XC,AG,D
9:53:32,JSMR,RG,4020,1,D,PD,AG,D
9:53:32,JSMR,RG,4020,100,D,PD,AG,D
9:53:32,JSMR,RG,4020,100,D,DH,AG,D
9:53:32,JSMR,RG,4020,1,D,YP,AG,D
9:53:32,JSMR,RG,4020,1,D,KK,AG,D
9:53:32,JSMR,RG,4020,5,D,CC,AG,D
9:53:32,JSMR,RG,4020,1,D,PD,AG,D
9:53:32,JSMR,RG,4020,210,D,ZP,AG,D
9:53:32,JSMR,RG,4020,1,D,ZP,KK,D
9:53:30,JSMR,RG,4020,21,D,ZP,BK,F
9:53:27,JSMR,RG,4020,100,D,ZP,IT,D
9:53:26,JSMR,RG,4020,26,D,ZP,DR,D
9:53:18,JSMR,RG,4020,1,D,ZP,PD,D
9:53:17,JSMR,RG,4020,35,D,ZP,PD,D
9:53:16,JSMR,RG,4020,22,D,ZP,BK,F
9:53:14,JSMR,RG,4030,10,D,CC,BK,F
9:53:14,JSMR,RG,4030,15,D,CC,YU,D
9:53:14,JSMR,RG,4030,16,D,CC,YU,D
9:53:14,JSMR,RG,4030,20,D,CC,YP,D
9:53:14,JSMR,RG,4030,39,D,CC,BQ,D
9:53:11,JSMR,RG,4020,4,D,ZP,YP,D
9:53:04,JSMR,RG,4020,4,D,ZP,XC,D
9:53:03,JSMR,RG,4020,30,D,ZP,BK,F
9:53:00,JSMR,RG,4020,46,D,ZP,YP,D
9:53:00,JSMR,RG,4020,5,D,SQ,YP,D
9:53:00,JSMR,RG,4020,5,D,YP,YP,D
9:53:00,JSMR,RG,4020,1,D,KK,YP,D
9:53:00,JSMR,RG,4020,4,D,YP,YP,D
9:53:00,JSMR,RG,4020,100,D,DH,YP,D
9:53:00,JSMR,RG,4020,11,D,OD,YP,D
9:53:00,JSMR,RG,4020,1,D,YP,YP,D
9:53:00,JSMR,RG,4020,1,D,XC,YP,D
9:53:00,JSMR,RG,4020,26,D,AI,YP,D
9:52:43,JSMR,RG,4030,2,D,NI,BQ,D
9:52:34,JSMR,RG,4030,5,D,YP,BQ,D
9:52:34,JSMR,RG,4030,1,F,CC,BQ,D
9:52:34,JSMR,RG,4030,3,D,IF,BQ,D
9:52:30,JSMR,RG,4030,3,D,IF,ZP,F
9:52:30,JSMR,RG,4030,39,D,IF,BQ,D
9:52:30,JSMR,RG,4030,1,D,YP,BQ,D
9:52:30,JSMR,RG,4030,2,D,KK,BQ,D
9:52:30,JSMR,RG,4030,35,D,YP,BQ,D
9:52:30,JSMR,RG,4030,1,D,GR,BQ,D
9:52:30,JSMR,RG,4030,25,D,CC,BQ,D
9:52:30,JSMR,RG,4030,1,D,DR,BQ,D
9:52:30,JSMR,RG,4030,46,D,PD,BQ,D
9:52:29,JSMR,RG,4030,50,D,PD,YP,D
9:52:23,JSMR,RG,4030,4,D,PD,DR,D
9:52:23,JSMR,RG,4030,1,D,YP,DR,D
9:52:23,JSMR,RG,4030,5,D,PD,DR,D
9:52:23,JSMR,RG,4030,10,D,CC,DR,D
9:52:03,JSMR,RG,4040,1,D,OD,AG,D
9:52:03,JSMR,RG,4040,2,D,PD,AG,D
9:52:03,JSMR,RG,4040,20,D,AI,AG,D
9:52:03,JSMR,RG,4040,1,D,KK,AG,D
9:52:03,JSMR,RG,4040,1,D,KK,AG,D
9:52:03,JSMR,RG,4040,100,D,PD,AG,D
9:52:03,JSMR,RG,4040,1,D,CC,AG,D
9:52:03,JSMR,RG,4040,10,D,CC,AG,D
9:52:03,JSMR,RG,4040,1,D,EP,AG,D
9:52:03,JSMR,RG,4040,300,D,ZP,AG,D
9:52:03,JSMR,RG,4040,2,D,YP,AG,D
9:52:03,JSMR,RG,4040,3,D,EP,AG,D
9:52:03,JSMR,RG,4040,1,D,GR,AG,D
9:51:43,JSMR,RG,4040,3,D,AG,CC,D
9:51:29,JSMR,RG,4040,448,D,AG,AZ,D
9:51:29,JSMR,RG,4040,2,D,LS,AZ,D
9:51:29,JSMR,RG,4040,50,D,PD,AZ,D
9:51:06,JSMR,RG,4050,1,D,PD,BK,F
9:49:58,JSMR,RG,4050,194,D,PD,BK,F
9:49:58,JSMR,RG,4050,4,D,PD,ZP,F
9:49:58,JSMR,RG,4050,52,D,PD,OD,D
9:49:45,JSMR,RG,4040,36,D,PD,BK,F
9:49:44,JSMR,RG,4050,248,F,FS,OD,D
9:49:24,JSMR,RG,4050,2,F,FS,ZP,F
9:49:15,JSMR,RG,4040,14,D,PD,BK,F
9:49:15,JSMR,RG,4040,1,D,YP,BK,F
9:49:12,JSMR,RG,4040,1,D,PD,BK,F
9:49:12,JSMR,RG,4040,2,D,XC,BK,F
9:49:12,JSMR,RG,4040,1,D,YP,BK,F
9:49:12,JSMR,RG,4040,50,D,PD,BK,F
9:49:08,JSMR,RG,4050,1,D,OD,BK,F
9:49:08,JSMR,RG,4050,5,D,SQ,BK,F
9:49:08,JSMR,RG,4050,1,D,KK,BK,F
9:49:08,JSMR,RG,4050,3,D,CC,BK,F
9:49:08,JSMR,RG,4050,7,D,CC,ZP,F
9:49:07,JSMR,RG,4050,25,D,DR,YP,D
9:49:07,JSMR,RG,4050,5,D,CC,YP,D
9:49:07,JSMR,RG,4050,250,D,IF,YP,D
9:49:07,JSMR,RG,4050,1,D,GR,YP,D
9:49:07,JSMR,RG,4050,3,D,XC,YP,D
9:49:07,JSMR,RG,4050,5,D,PD,YP,D
9:49:07,JSMR,RG,4050,200,D,PD,YP,D
9:49:07,JSMR,RG,4050,25,D,CC,YP,D
9:49:07,JSMR,RG,4050,100,D,PD,YP,D
9:49:07,JSMR,RG,4050,5,D,CC,YP,D
9:49:07,JSMR,RG,4050,1,D,LS,YP,D
9:49:07,JSMR,RG,4050,100,D,LG,YP,D
9:49:07,JSMR,RG,4050,100,D,NI,YP,D
9:49:07,JSMR,RG,4050,100,D,PD,YP,D
9:49:07,JSMR,RG,4050,1,D,YP,YP,D
9:49:07,JSMR,RG,4050,10,D,GR,YP,D
9:49:07,JSMR,RG,4050,25,D,CC,YP,D
9:49:07,JSMR,RG,4050,10,D,AZ,YP,D
9:49:07,JSMR,RG,4050,1,D,KK,YP,D
9:49:07,JSMR,RG,4050,1,D,NI,YP,D
9:49:07,JSMR,RG,4050,232,D,EP,YP,D
9:48:33,JSMR,RG,4050,50,D,EP,BQ,D
9:48:30,JSMR,RG,4050,50,D,EP,BQ,D
9:48:05,JSMR,RG,4060,1,D,OD,YP,D
9:46:55,JSMR,RG,4060,25,D,CC,YP,D
9:46:47,JSMR,RG,4050,9,D,EP,CC,D
9:46:46,JSMR,RG,4050,200,D,EP,LG,D
9:46:07,JSMR,RG,4060,178,F,FS,YP,D
9:46:07,JSMR,RG,4060,10,F,FS,CC,D
9:46:07,JSMR,RG,4060,11,F,FS,BK,F
9:46:07,JSMR,RG,4060,1,F,FS,XC,D
9:45:54,JSMR,RG,4060,3,D,YP,XC,D
9:44:59,JSMR,RG,4060,1,D,NI,XC,D
9:44:21,JSMR,RG,4060,176,D,PD,BK,F
9:44:21,JSMR,RG,4060,25,D,PD,ZP,F
9:44:21,JSMR,RG,4060,49,D,PD,YP,D
9:44:17,JSMR,RG,4050,23,D,EP,BK,F
9:44:17,JSMR,RG,4050,19,D,EP,YU,D
9:44:05,JSMR,RG,4050,12,D,EP,BK,F
9:44:02,JSMR,RG,4050,7,D,EP,PD,D
9:44:01,JSMR,RG,4050,82,D,EP,BK,F
9:43:58,JSMR,RG,4060,1,D,OD,YP,D
9:43:58,JSMR,RG,4060,1,D,PD,YP,D
9:43:58,JSMR,RG,4060,1,F,CC,YP,D
9:43:58,JSMR,RG,4060,7,D,XC,YP,D
9:43:58,JSMR,RG,4060,100,D,NI,YP,D
9:43:58,JSMR,RG,4060,1,D,NI,YP,D
9:43:58,JSMR,RG,4060,1,D,EP,YP,D
9:43:58,JSMR,RG,4060,81,D,PD,YP,D
9:43:58,JSMR,RG,4060,5,D,PD,YP,D
9:43:58,JSMR,RG,4060,10,D,PD,YP,D
9:43:58,JSMR,RG,4060,1,D,XC,YP,D
9:43:58,JSMR,RG,4060,1,D,NI,YP,D
9:43:58,JSMR,RG,4060,441,D,NI,YP,D
9:43:21,JSMR,RG,4060,3,D,NI,CC,D
9:43:18,JSMR,RG,4060,1,D,NI,EP,D
9:41:35,JSMR,RG,4060,11,D,NI,BK,F
9:41:34,JSMR,RG,4070,2,F,BK,BK,F
9:41:34,JSMR,RG,4060,44,D,NI,BQ,D
9:41:34,JSMR,RG,4060,6,D,PD,BQ,D
9:41:30,JSMR,RG,4060,50,D,PD,BQ,D
9:41:28,JSMR,RG,4060,50,D,PD,BQ,D
9:41:21,JSMR,RG,4070,1,D,OD,BK,F
9:40:56,JSMR,RG,4070,1,F,BK,BK,F
9:40:55,JSMR,RG,4060,22,D,PD,BK,F
9:40:54,JSMR,RG,4060,88,D,PD,PD,D
9:40:42,JSMR,RG,4060,1,D,PD,CC,D
9:40:35,JSMR,RG,4060,21,D,PD,BK,F
9:40:33,JSMR,RG,4060,45,D,PD,CC,D
9:40:33,JSMR,RG,4060,55,F,FS,CC,D
9:40:29,JSMR,RG,4070,3,F,AK,BK,F
9:40:29,JSMR,RG,4070,54,F,AK,AK,F
9:40:29,JSMR,RG,4070,11,F,AK,ZP,F
9:40:29,JSMR,RG,4070,47,F,AK,OD,D
9:40:28,JSMR,RG,4070,300,F,FS,OD,D
9:39:44,JSMR,RG,4070,100,D,PD,OD,D
9:39:17,JSMR,RG,4070,1,D,EP,OD,D
9:39:10,JSMR,RG,4070,3,D,DH,OD,D
9:38:42,JSMR,RG,4070,1,D,EP,OD,D
9:38:39,JSMR,RG,4070,10,D,KK,OD,D
9:38:39,JSMR,RG,4070,38,D,YP,OD,D
9:38:38,JSMR,RG,4070,12,D,YP,IF,D
9:38:38,JSMR,RG,4070,3,D,PD,IF,D
9:38:38,JSMR,RG,4070,1,D,XC,IF,D
9:38:38,JSMR,RG,4070,1,F,CC,IF,D
9:38:38,JSMR,RG,4070,160,F,BK,IF,D
9:38:38,JSMR,RG,4070,73,D,PD,IF,D
9:38:00,JSMR,RG,4080,1,D,OD,YP,D
9:37:25,JSMR,RG,4070,1,D,PD,NI,D
9:37:19,JSMR,RG,4070,2,D,PD,CC,D
9:37:19,JSMR,RG,4070,15,D,PD,YP,F
9:37:05,JSMR,RG,4070,50,D,PD,BQ,D
9:37:02,JSMR,RG,4070,50,D,PD,BQ,D
9:36:32,JSMR,RG,4080,1,D,YP,YP,D
9:35:41,JSMR,RG,4080,1,D,ZP,YP,D
9:35:41,JSMR,RG,4080,2,D,ZP,YP,D
9:35:20,JSMR,RG,4070,10,D,PD,BK,F
9:35:19,JSMR,RG,4070,1,D,PD,DH,D
9:35:19,JSMR,RG,4070,7,D,PD,ZP,F
9:35:19,JSMR,RG,4070,36,D,PD,BK,F
9:35:19,JSMR,RG,4070,5,D,PD,DR,D
9:35:05,JSMR,RG,4060,76,F,FS,PD,D
9:34:55,JSMR,RG,4070,15,D,YP,DR,D
9:34:09,JSMR,RG,4070,1,D,KK,DR,D
9:34:02,JSMR,RG,4070,33,F,AK,DR,D
9:34:01,JSMR,RG,4070,115,F,AK,DR,D
9:34:00,JSMR,RG,4070,31,F,AK,DR,D
9:34:00,JSMR,RG,4070,2,F,AK,NI,D
9:34:00,JSMR,RG,4070,2,F,AK,CC,D
9:34:00,JSMR,RG,4070,5,F,AK,DR,D
9:34:00,JSMR,RG,4070,66,F,AK,BK,F
9:34:00,JSMR,RG,4070,5,F,AK,ZP,F
9:34:00,JSMR,RG,4070,4,F,AK,BQ,D
9:33:58,JSMR,RG,4070,1,D,PD,BQ,D
9:33:30,JSMR,RG,4060,3,F,FS,YP,D
9:32:58,JSMR,RG,4070,43,F,AK,BQ,D
9:32:58,JSMR,RG,4070,2,D,YP,BQ,D
9:32:43,JSMR,RG,4070,19,F,AK,NI,D
9:32:43,JSMR,RG,4070,21,F,FS,NI,D
9:32:32,JSMR,RG,4070,10,F,FS,YP,D
9:31:53,JSMR,RG,4070,200,F,FS,YP,D
9:30:59,JSMR,RG,4070,50,F,FS,BQ,D
9:30:59,JSMR,RG,4070,13,F,FS,BK,F
9:30:59,JSMR,RG,4070,3,F,FS,ZP,F
9:30:59,JSMR,RG,4070,3,F,FS,BQ,D
9:30:54,JSMR,RG,4070,10,D,PD,BQ,D
9:30:44,JSMR,RG,4070,7,D,AG,BQ,D
9:30:44,JSMR,RG,4070,11,D,AG,XC,D
9:30:44,JSMR,RG,4070,57,D,AG,BK,F
9:30:44,JSMR,RG,4070,225,D,AG,OD,D
9:30:29,JSMR,RG,4070,50,D,CC,OD,D
9:30:03,JSMR,RG,4070,1,D,PD,OD,D
9:29:45,JSMR,RG,4070,3,D,PD,OD,D
9:29:41,JSMR,RG,4070,21,F,AK,OD,D
9:29:41,JSMR,RG,4070,5,F,AK,XA,D
9:29:41,JSMR,RG,4070,30,F,AK,AZ,D
9:29:41,JSMR,RG,4070,50,F,AK,KK,D
9:29:41,JSMR,RG,4070,9,F,AK,YP,D
9:29:41,JSMR,RG,4070,4,F,AK,YP,D
9:29:41,JSMR,RG,4070,1,F,AK,YP,D
9:29:41,JSMR,RG,4070,5,F,AK,DH,D
9:29:41,JSMR,RG,4070,5,F,AK,GR,D
9:29:41,JSMR,RG,4070,10,F,AK,PD,D
9:29:41,JSMR,RG,4070,10,F,AK,PD,D
9:29:41,JSMR,RG,4070,4,F,AK,BK,F
9:29:41,JSMR,RG,4070,17,F,AK,BK,F
9:29:41,JSMR,RG,4070,28,F,AK,BK,F
9:29:41,JSMR,RG,4070,31,F,AK,BQ,D
9:29:40,JSMR,RG,4070,50,D,PD,BQ,D
9:29:21,JSMR,RG,4070,4,D,YP,BQ,D
9:29:11,JSMR,RG,4070,65,F,AK,BQ,D
9:29:11,JSMR,RG,4070,10,F,AK,YU,D
9:29:11,JSMR,RG,4070,13,F,AK,BK,F
9:29:11,JSMR,RG,4070,20,F,AK,CD,D
9:29:11,JSMR,RG,4070,7,F,AK,PD,D
9:28:33,JSMR,RG,4060,1,F,FS,PD,D
9:27:57,JSMR,RG,4060,40,F,FS,SQ,D
9:27:31,JSMR,RG,4060,3,F,FS,SQ,D
9:27:24,JSMR,RG,4060,3,F,FS,CS,D
9:27:24,JSMR,RG,4060,22,F,FS,CS,D
9:27:24,JSMR,RG,4060,14,F,FS,CS,D
9:27:24,JSMR,RG,4060,7,F,FS,CS,D
9:27:23,JSMR,RG,4060,4,F,FS,CS,D
9:27:23,JSMR,RG,4060,10,F,FS,BK,F
9:27:23,JSMR,RG,4060,100,F,FS,YP,D
9:27:23,JSMR,RG,4060,9,F,FS,CS,D
9:27:23,JSMR,RG,4060,1,F,FS,NI,D
9:27:23,JSMR,RG,4060,8,F,FS,KK,D
9:27:14,JSMR,RG,4050,23,D,EP,YP,D
9:26:54,JSMR,RG,4060,2,F,AK,KK,D
9:26:54,JSMR,RG,4060,5,F,AK,YP,D
9:26:54,JSMR,RG,4060,10,F,AK,BK,F
9:26:53,JSMR,RG,4060,14,F,AK,BK,F
9:26:53,JSMR,RG,4060,5,F,AK,CS,D
9:26:51,JSMR,RG,4060,6,F,AK,CS,D
9:26:51,JSMR,RG,4060,4,F,AK,CS,D
9:26:51,JSMR,RG,4060,100,F,AK,AG,D
9:26:51,JSMR,RG,4060,5,F,AK,BK,F
9:26:24,JSMR,RG,4060,115,F,AK,BK,F
9:26:20,JSMR,RG,4050,10,D,EP,BK,F
9:26:15,JSMR,RG,4050,12,D,EP,BK,F
9:26:12,JSMR,RG,4060,2,F,AK,BK,F
9:26:12,JSMR,RG,4060,54,F,AK,AK,F
9:26:12,JSMR,RG,4060,24,F,AK,CS,D
9:26:12,JSMR,RG,4060,35,F,AK,PD,D
9:25:46,JSMR,RG,4060,10,D,CC,PD,D
9:25:27,JSMR,RG,4060,1,D,XC,PD,D
9:25:20,JSMR,RG,4050,10,D,EP,BQ,D
9:25:16,JSMR,RG,4050,30,D,EP,NI,D
9:24:26,JSMR,RG,4050,12,D,EP,BK,F
9:24:20,JSMR,RG,4050,14,D,EP,BK,F
9:24:19,JSMR,RG,4060,50,D,PD,PD,D
9:24:19,JSMR,RG,4060,43,F,AK,PD,D
9:24:19,JSMR,RG,4060,1,D,YP,PD,D
9:24:19,JSMR,RG,4060,25,D,LG,PD,D
9:24:19,JSMR,RG,4060,5,D,CC,PD,D
9:24:19,JSMR,RG,4060,20,D,NI,PD,D
9:24:19,JSMR,RG,4060,10,F,BK,PD,D
9:24:16,JSMR,RG,4060,2,F,BK,YP,D
9:23:58,JSMR,RG,4070,1,D,PD,PD,D
9:23:27,JSMR,RG,4060,12,F,BK,EP,D
9:23:25,JSMR,RG,4060,2,F,BK,CC,D
9:23:21,JSMR,RG,4060,7,F,BK,TF,D
9:22:38,JSMR,RG,4060,10,F,BK,PD,D
9:22:18,JSMR,RG,4060,5,F,BK,NI,D
9:21:54,JSMR,RG,4060,5,F,BK,BK,F
9:21:54,JSMR,RG,4060,3,D,HP,BK,F
9:21:54,JSMR,RG,4060,2,D,DH,BK,F
9:21:54,JSMR,RG,4060,1,D,CC,BK,F
9:21:54,JSMR,RG,4060,3,D,PD,BK,F
9:21:52,JSMR,RG,4060,50,D,PD,BQ,D
9:21:48,JSMR,RG,4060,50,D,PD,BQ,D
9:21:15,JSMR,RG,4070,1,D,YB,PD,D
9:21:14,JSMR,RG,4070,1,D,PD,PD,D
9:20:58,JSMR,RG,4070,1,D,NI,PD,D
9:20:58,JSMR,RG,4070,6,D,NI,BQ,D
9:20:38,JSMR,RG,4060,12,D,PD,CC,D
9:20:34,JSMR,RG,4060,1,D,PD,XC,D
9:20:19,JSMR,RG,4060,100,D,PD,TF,D
9:20:16,JSMR,RG,4070,6,D,CC,BQ,D
9:19:51,JSMR,RG,4070,1,D,KK,BQ,D
9:18:17,JSMR,RG,4070,7,D,CC,BQ,D
9:18:17,JSMR,RG,4070,3,D,CC,TF,D
9:18:12,JSMR,RG,4060,34,D,PD,LG,D
9:18:12,JSMR,RG,4060,1,D,YP,LG,D
9:18:12,JSMR,RG,4060,8,D,OD,LG,D
9:18:12,JSMR,RG,4060,58,D,PD,LG,D
9:18:11,JSMR,RG,4060,2,D,PD,DH,D
9:18:10,JSMR,RG,4070,10,D,CC,TF,D
9:18:06,JSMR,RG,4060,7,D,PD,XC,D
9:17:26,JSMR,RG,4060,8,D,PD,CC,D
9:15:32,JSMR,RG,4060,25,D,PD,YP,D
9:15:32,JSMR,RG,4060,10,D,YP,YP,D
9:15:32,JSMR,RG,4060,25,F,BK,YP,D
9:15:27,JSMR,RG,4060,5,F,BK,YP,D
9:15:03,JSMR,RG,4060,1,D,EP,YP,D
9:14:59,JSMR,RG,4060,2,D,EP,PD,D
9:14:59,JSMR,RG,4060,13,D,CD,PD,D
9:14:21,JSMR,RG,4060,21,D,CD,KK,D
9:14:08,JSMR,RG,4060,5,D,CD,YP,D
9:13:33,JSMR,RG,4060,11,D,CD,BQ,D
9:13:33,JSMR,RG,4060,39,D,YB,BQ,D
9:13:14,JSMR,RG,4070,4,D,PD,TF,D
9:13:11,JSMR,RG,4070,1,D,YP,TF,D
9:13:05,JSMR,RG,4060,1,D,YB,PD,D
9:12:50,JSMR,RG,4060,9,D,YB,XC,D
9:12:50,JSMR,RG,4060,2,D,YP,XC,D
9:12:41,JSMR,RG,4070,2,D,YP,TF,D
9:11:30,JSMR,RG,4060,5,D,YP,YP,D
9:11:19,JSMR,RG,4060,20,D,YP,BQ,D
9:11:17,JSMR,RG,4060,4,D,YP,PD,D
9:10:46,JSMR,RG,4060,10,D,YP,CS,D
9:10:45,JSMR,RG,4060,32,D,YP,CS,D
9:10:45,JSMR,RG,4060,20,D,YP,BK,F
9:10:45,JSMR,RG,4060,28,D,YP,CS,D
9:10:45,JSMR,RG,4060,13,D,YP,BK,F
9:10:45,JSMR,RG,4060,3,D,YP,LG,D
9:10:45,JSMR,RG,4060,10,D,YP,YU,D
9:10:45,JSMR,RG,4060,50,D,YP,BQ,D
9:10:45,JSMR,RG,4060,3,D,YP,PD,D
9:10:42,JSMR,RG,4050,4,D,EP,NI,D
9:10:38,JSMR,RG,4050,33,D,EP,CS,D
9:10:37,JSMR,RG,4050,10,D,EP,CS,D
9:10:37,JSMR,RG,4050,5,D,EP,LG,D
9:10:37,JSMR,RG,4050,25,D,EP,PD,D
9:10:37,JSMR,RG,4050,8,D,EP,XC,D
9:10:37,JSMR,RG,4050,1,D,EP,XC,D
9:10:37,JSMR,RG,4050,1,D,EP,CS,D
9:10:37,JSMR,RG,4050,3,D,EP,CS,D
9:10:37,JSMR,RG,4050,4,D,EP,CS,D
9:10:37,JSMR,RG,4050,21,D,EP,BK,F
9:10:37,JSMR,RG,4050,10,D,EP,BK,F
9:10:37,JSMR,RG,4050,3,D,EP,CS,D
9:10:37,JSMR,RG,4050,77,D,EP,LG,D
9:10:30,JSMR,RG,4050,15,D,PD,LG,D
9:10:18,JSMR,RG,4050,1,D,YP,LG,D
9:09:19,JSMR,RG,4050,5,D,YP,LG,D
9:09:13,JSMR,RG,4050,2,D,XC,LG,D
9:09:05,JSMR,RG,4050,9,D,PD,CS,D
9:09:05,JSMR,RG,4050,2,D,PD,CS,D
9:09:05,JSMR,RG,4050,6,D,PD,CS,D
9:09:05,JSMR,RG,4050,11,D,PD,BK,F
9:09:05,JSMR,RG,4050,1,D,PD,CS,D
9:09:05,JSMR,RG,4050,4,D,PD,AT,D
9:09:05,JSMR,RG,4050,17,D,PD,BQ,D
9:09:00,JSMR,RG,4050,33,D,AI,BQ,D
9:09:00,JSMR,RG,4050,13,D,AI,BK,F
9:09:00,JSMR,RG,4050,10,D,AI,BK,F
9:09:00,JSMR,RG,4050,8,D,AI,CS,D
9:09:00,JSMR,RG,4050,36,D,AI,BQ,D
9:08:26,JSMR,RG,4050,6,D,XC,BQ,D
9:08:25,JSMR,RG,4050,1,D,PD,BQ,D
9:08:25,JSMR,RG,4050,3,D,PD,BQ,D
9:08:25,JSMR,RG,4050,30,D,NI,BQ,D
9:08:25,JSMR,RG,4050,1,D,PD,BQ,D
9:08:09,JSMR,RG,4060,6,D,XC,PD,D
9:08:02,JSMR,RG,4060,1,D,PD,PD,D
9:07:48,JSMR,RG,4060,2,D,NI,PD,D
9:07:41,JSMR,RG,4060,2,D,NI,BQ,D
9:07:41,JSMR,RG,4060,18,D,PD,BQ,D
9:07:39,JSMR,RG,4060,1,D,PD,YP,D
9:07:05,JSMR,RG,4060,6,D,PD,AI,D
9:07:05,JSMR,RG,4060,11,D,KK,AI,D
9:06:59,JSMR,RG,4060,5,D,KK,KK,D
9:06:57,JSMR,RG,4060,1,D,KK,PC,D
9:06:47,JSMR,RG,4060,11,D,KK,BK,F
9:06:47,JSMR,RG,4060,1,D,KK,YP,D
9:06:47,JSMR,RG,4060,1,D,KK,CC,D
9:06:30,JSMR,RG,4050,4,D,PD,BK,F
9:06:22,JSMR,RG,4050,105,F,AK,BK,F
9:06:22,JSMR,RG,4050,10,F,AK,CS,D
9:06:22,JSMR,RG,4050,1,F,AK,CS,D
9:06:22,JSMR,RG,4050,134,F,AK,CC,D
9:06:10,JSMR,RG,4050,10,F,AK,BK,F
9:06:05,JSMR,RG,4050,6,F,AK,BK,F
9:06:05,JSMR,RG,4050,48,D,PD,BK,F
9:06:04,JSMR,RG,4050,2,D,PD,OD,D
9:06:04,JSMR,RG,4050,7,D,PD,CS,D
9:06:04,JSMR,RG,4050,127,D,PD,BK,F
9:06:04,JSMR,RG,4050,2,D,PD,XC,D
9:06:04,JSMR,RG,4050,204,D,PD,PD,D
9:06:04,JSMR,RG,4050,20,D,PD,HP,D
9:06:04,JSMR,RG,4050,1090,D,PD,YP,D
9:06:01,JSMR,RG,4050,2,D,YU,YP,D
9:05:56,JSMR,RG,4040,2,F,AK,GR,D
9:05:45,JSMR,RG,4040,1,F,AK,XC,D
9:05:32,JSMR,RG,4040,119,F,AK,GR,D
9:05:32,JSMR,RG,4040,5,F,AK,GR,D
9:05:27,JSMR,RG,4040,27,F,AK,BQ,D
9:05:27,JSMR,RG,4040,8,D,PD,BQ,D
9:05:22,JSMR,RG,4040,43,D,PD,BQ,D
9:05:22,JSMR,RG,4040,3,D,PD,XC,D
9:05:12,JSMR,RG,4040,5,D,PD,CS,D
9:05:11,JSMR,RG,4040,17,D,PD,CS,D
9:05:11,JSMR,RG,4040,5,D,PD,CS,D
9:05:11,JSMR,RG,4040,1,D,PD,CS,D
9:05:11,JSMR,RG,4040,14,D,PD,CS,D
9:05:11,JSMR,RG,4040,50,D,PD,PD,D
9:05:11,JSMR,RG,4040,24,D,PD,BK,F
9:05:11,JSMR,RG,4040,16,D,PD,CS,D
9:05:11,JSMR,RG,4040,14,D,PD,CC,D
9:04:44,JSMR,RG,4030,3,D,PD,CS,D
9:04:44,JSMR,RG,4030,9,D,PD,CS,D
9:04:44,JSMR,RG,4030,1,D,PD,CS,D
9:04:44,JSMR,RG,4030,4,D,PD,CS,D
9:04:44,JSMR,RG,4030,2,D,PD,CS,D
9:04:44,JSMR,RG,4030,2,D,PD,CS,D
9:04:44,JSMR,RG,4030,7,D,PD,CS,D
9:04:44,JSMR,RG,4030,45,D,PD,BK,F
9:04:44,JSMR,RG,4030,14,D,PD,OD,D
9:04:31,JSMR,RG,4020,3,D,AI,PD,D
9:04:22,JSMR,RG,4020,6,D,AI,XC,D
9:04:04,JSMR,RG,4020,11,D,AI,BK,F
9:04:00,JSMR,RG,4030,5,D,YP,BK,F
9:03:57,JSMR,RG,4030,14,D,PD,CS,D
9:03:56,JSMR,RG,4030,36,D,PD,BK,F
9:03:56,JSMR,RG,4030,1,D,PD,BK,F
9:03:54,JSMR,RG,4030,190,D,PD,KK,D
9:03:54,JSMR,RG,4030,59,D,PD,KK,D
9:03:54,JSMR,RG,4030,5,D,NI,KK,D
9:03:54,JSMR,RG,4030,8,D,OD,KK,D
9:03:52,JSMR,RG,4030,3,D,OD,BK,F
9:03:52,JSMR,RG,4030,1,D,YP,BK,F
9:03:52,JSMR,RG,4030,11,D,KK,BK,F
9:03:52,JSMR,RG,4030,4,D,EP,BK,F
9:03:50,JSMR,RG,4040,3,D,YP,CS,D
9:03:49,JSMR,RG,4040,2,D,YP,NI,D
9:03:49,JSMR,RG,4040,100,D,AI,NI,D
9:03:49,JSMR,RG,4040,8,D,CC,NI,D
9:03:49,JSMR,RG,4040,70,D,PD,NI,D
9:03:34,JSMR,RG,4040,10,D,PD,CC,D
9:03:26,JSMR,RG,4040,16,D,PD,SQ,D
9:03:18,JSMR,RG,4040,11,D,PD,BK,F
9:03:13,JSMR,RG,4040,11,D,PD,BK,F
9:03:08,JSMR,RG,4050,100,D,AI,YP,D
9:02:56,JSMR,RG,4050,5,D,XC,YP,D
9:02:37,JSMR,RG,4050,18,D,YP,YP,D
9:02:35,JSMR,RG,4040,1,D,PD,YB,D
9:02:04,JSMR,RG,4040,9,D,PD,BK,F
9:02:02,JSMR,RG,4050,20,D,NI,YP,D
9:01:54,JSMR,RG,4040,9,D,PD,BK,F
9:01:50,JSMR,RG,4040,36,D,PD,YP,D
9:01:49,JSMR,RG,4040,10,D,PD,BK,F
9:01:49,JSMR,RG,4050,2,D,XC,YP,D
9:01:46,JSMR,RG,4040,17,D,PD,BK,F
9:01:46,JSMR,RG,4040,2,D,YP,BK,F
9:01:46,JSMR,RG,4040,3,D,XC,BK,F
9:01:46,JSMR,RG,4040,1,D,PD,BK,F
9:01:46,JSMR,RG,4040,11,D,OD,BK,F
9:01:46,JSMR,RG,4040,1,D,YP,BK,F
9:01:46,JSMR,RG,4040,1,D,PD,BK,F
9:01:46,JSMR,RG,4040,2,D,PD,BK,F
9:01:46,JSMR,RG,4040,5,D,PD,BK,F
9:01:46,JSMR,RG,4040,10,D,PD,BK,F
9:01:41,JSMR,RG,4050,50,D,CC,YP,D
9:01:41,JSMR,RG,4050,6,D,PD,YP,D
9:01:41,JSMR,RG,4050,50,D,PD,YP,D
9:01:41,JSMR,RG,4050,1,D,PD,YP,D
9:01:41,JSMR,RG,4050,1,D,CC,YP,D
9:01:41,JSMR,RG,4050,1,D,YP,YP,D
9:01:41,JSMR,RG,4050,4,D,AT,YP,D
9:01:41,JSMR,RG,4050,1,D,PD,YP,D
9:01:41,JSMR,RG,4050,250,D,IF,YP,D
9:01:41,JSMR,RG,4050,1,D,CC,YP,D
9:01:41,JSMR,RG,4050,2,D,PD,YP,D
9:01:41,JSMR,RG,4050,5,D,PD,YP,D
9:01:41,JSMR,RG,4050,2,D,DR,YP,D
9:01:41,JSMR,RG,4050,4,D,EP,YP,D
9:01:41,JSMR,RG,4060,226,D,PD,YP,D
9:01:22,JSMR,RG,4070,7,D,YP,CS,D
9:01:22,JSMR,RG,4070,59,D,YP,BK,F
9:01:22,JSMR,RG,4070,63,D,YP,BK,F
9:01:22,JSMR,RG,4070,4,D,YP,CS,D
9:01:22,JSMR,RG,4070,1,D,YP,CS,D
9:01:22,JSMR,RG,4070,11,D,YP,CS,D
9:01:22,JSMR,RG,4070,55,D,YP,SQ,D
9:01:20,JSMR,RG,4060,11,D,PD,BK,F
9:01:18,JSMR,RG,4060,13,D,PD,BK,F
9:01:18,JSMR,RG,4060,5,D,YP,BK,F
9:01:18,JSMR,RG,4060,1,D,YP,BK,F
9:01:18,JSMR,RG,4060,5,D,PD,BK,F
9:01:18,JSMR,RG,4060,10,D,CC,BK,F
9:01:18,JSMR,RG,4060,2,D,PD,BK,F
9:01:16,JSMR,RG,4070,245,D,PD,SQ,D
9:01:15,JSMR,RG,4070,1,D,PD,CS,D
9:01:14,JSMR,RG,4070,1,D,PD,CS,D
9:01:14,JSMR,RG,4070,3,D,PD,YP,D
9:01:14,JSMR,RG,4070,2,F,CC,YP,D
9:01:14,JSMR,RG,4070,5,D,CC,YP,D
9:01:14,JSMR,RG,4070,5,D,LG,YP,D
9:01:14,JSMR,RG,4070,2,D,XC,YP,D
9:01:14,JSMR,RG,4070,5,D,PD,YP,D
9:01:14,JSMR,RG,4070,20,D,YP,YP,D
9:01:14,JSMR,RG,4070,6,D,KK,YP,D
9:01:10,JSMR,RG,4070,19,D,KK,CC,D
9:01:10,JSMR,RG,4070,31,D,PD,CC,D
9:00:53,JSMR,RG,4070,16,D,PD,EP,D
9:00:21,JSMR,RG,4070,3,D,PD,XC,D
9:00:21,JSMR,RG,4070,3,D,AT,XC,D
9:00:21,JSMR,RG,4070,1,D,XC,XC,D
9:00:21,JSMR,RG,4070,1,D,YP,XC,D
9:00:12,JSMR,RG,4070,1,D,YP,PD,D
9:00:04,JSMR,RG,4080,1,D,YP,YP,D
9:00:04,JSMR,RG,4080,1,D,YP,CS,D
9:00:04,JSMR,RG,4080,2,D,YP,YP,D
9:00:04,JSMR,RG,4080,1,D,YP,YP,D
9:00:02,JSMR,RG,4070,1,D,YP,YP,D
9:00:01,JSMR,RG,4070,1,F,KK,YP,D
8:55:00,JSMR,RG,4070,2,F,KK,XC,D
8:55:00,JSMR,RG,4070,2,F,KK,YP,D
8:55:00,JSMR,RG,4070,5,F,KK,CC,D
8:55:00,JSMR,RG,4070,5,D,YP,CC,D
8:55:00,JSMR,RG,4070,1,D,YP,YP,D
8:55:00,JSMR,RG,4070,4,D,YP,LG,D
8:55:00,JSMR,RG,4070,10,D,YP,LG,D
8:55:00,JSMR,RG,4070,7,F,KK,LG,D
8:55:00,JSMR,RG,4070,20,D,CC,LG,D
8:55:00,JSMR,RG,4070,2,D,PD,LG,D
8:55:00,JSMR,RG,4070,3,D,CC,LG,D
8:55:00,JSMR,RG,4070,1,D,XC,LG,D
8:55:00,JSMR,RG,4070,3,D,PD,LG,D
8:55:00,JSMR,RG,4070,2,D,EP,SQ,D
8:55:00,JSMR,RG,4070,2,D,XC,SQ,D
8:55:00,JSMR,RG,4070,1,D,YP,SQ,D
8:55:00,JSMR,RG,4070,20,D,CC,SQ,D
8:55:00,JSMR,RG,4070,8,D,CC,PD,D
8:55:00,JSMR,RG,4070,13,D,CC,PD,D
8:55:00,JSMR,RG,4070,2,D,CC,PD,D
8:55:00,JSMR,RG,4070,1,D,CC,PD,D
8:55:00,JSMR,RG,4070,40,D,CC,DX,D
8:55:00,JSMR,RG,4070,1,D,CC,EP,D
8:55:00,JSMR,RG,4070,4,D,CC,BQ,D
8:55:00,JSMR,RG,4070,11,D,CC,CS,D
8:55:00,JSMR,RG,4070,6,D,PD,CS,D
8:55:00,JSMR,RG,4070,4,D,PD,BK,F
8:55:00,JSMR,RG,4070,15,D,EP,BK,F
8:55:00,JSMR,RG,4070,1,D,YP,BK,F
8:55:00,JSMR,RG,4070,1,D,YP,BK,F
8:55:00,JSMR,RG,4070,5,D,PD,BK,F