Time,Stock,Brd,Price,Qty,BT,BC,SC,ST
15:09:19,JSMR,RG,3910,1,D,YP,CC,D
15:07:28,JSMR,RG,3910,1,D,YP,YP,D
15:07:23,JSMR,RG,3910,1,D,YP,YP,D
15:07:19,JSMR,RG,3910,1,D,YP,YP,D
15:05:30,JSMR,RG,3910,1,D,YP,YP,D
15:05:30,JSMR,RG,3910,1,D,XC,YP,D
15:05:30,JSMR,RG,3910,5,D,CC,YP,D
15:05:30,JSMR,RG,3910,1,D,OD,YP,D
15:05:30,JSMR,RG,3910,2,D,OD,YP,D
15:05:01,JSMR,RG,3910,5,D,OD,IF,D
15:00:00,JSMR,RG,3910,5,D,OD,CC,D
15:00:00,JSMR,RG,3910,5,D,OD,OD,D
15:00:00,JSMR,RG,3910,65,D,OD,DX,F
15:00:00,JSMR,RG,3910,65,D,OD,DX,D
15:00:00,JSMR,RG,3910,3,D,OD,LS,D
15:00:00,JSMR,RG,3910,25,D,OD,YP,D
15:00:00,JSMR,RG,3910,15,D,OD,CC,D
15:00:00,JSMR,RG,3910,9,D,OD,AK,F
15:00:00,JSMR,RG,3910,359,D,OD,PD,D
15:00:00,JSMR,RG,3910,1,D,PD,PD,D
15:00:00,JSMR,RG,3910,13,D,OK,PD,D
15:00:00,JSMR,RG,3910,5,D,CC,PD,D
15:00:00,JSMR,RG,3910,300,D,PD,PD,D
15:00:00,JSMR,RG,3910,10,D,CC,PD,D
15:00:00,JSMR,RG,3910,10,D,AT,PD,D
15:00:00,JSMR,RG,3910,1,D,YP,PD,D
15:00:00,JSMR,RG,3910,20,D,TF,PD,D
15:00:00,JSMR,RG,3910,25,D,NI,PD,D
15:00:00,JSMR,RG,3910,10,D,CC,PD,D
15:00:00,JSMR,RG,3910,1,D,YP,PD,D
15:00:00,JSMR,RG,3910,30,D,PD,PD,D
15:00:00,JSMR,RG,3910,1,D,XC,PD,D
15:00:00,JSMR,RG,3910,40,D,YU,PD,D
15:00:00,JSMR,RG,3910,464,D,DH,PD,D
15:00:00,JSMR,RG,3910,1054,D,GR,PD,D
15:00:00,JSMR,RG,3910,3,D,YP,PD,D
15:00:00,JSMR,RG,3910,12,F,ZP,PD,D
15:00:00,JSMR,RG,3910,18,F,BK,PD,D
15:00:00,JSMR,RG,3910,69,D,KZ,PD,D
15:00:00,JSMR,RG,3910,3,D,KZ,CC,D
14:49:54,JSMR,RG,3920,1,F,ZP,YP,D
14:49:43,JSMR,RG,3910,39,D,OD,NI,D
14:49:43,JSMR,RG,3920,1,F,ZP,YP,D
14:49:43,JSMR,RG,3920,1,F,ZP,CC,D
14:49:13,JSMR,RG,3920,1,D,BB,CC,D
14:49:13,JSMR,RG,3910,27,D,OD,CC,D
14:49:00,JSMR,RG,3920,8,D,AK,CC,D
14:49:00,JSMR,RG,3920,4,D,AK,CC,D
14:48:21,JSMR,RG,3910,40,D,OD,YU,D
14:48:21,JSMR,RG,3910,336,D,OD,CC,D
14:48:20,JSMR,RG,3910,8,D,AK,CC,D
14:48:20,JSMR,RG,3910,300,D,SQ,CC,D
14:48:20,JSMR,RG,3910,2,D,NI,CC,D
14:48:20,JSMR,RG,3910,1,D,KK,CC,D
14:48:20,JSMR,RG,3910,10,D,YP,CC,D
14:48:20,JSMR,RG,3910,8,D,CC,CC,D
14:48:20,JSMR,RG,3910,3,D,CC,CC,D
14:48:20,JSMR,RG,3910,100,D,HD,CC,D
14:48:20,JSMR,RG,3910,30,D,YU,CC,D
14:48:20,JSMR,RG,3910,2,D,CC,CC,D
14:48:20,JSMR,RG,3910,30,D,AI,CC,D
14:48:20,JSMR,RG,3910,1,D,XC,CC,D
14:48:20,JSMR,RG,3910,2,D,PD,CC,D
14:48:20,JSMR,RG,3910,15,D,YP,CC,D
14:48:20,JSMR,RG,3910,25,D,HD,CC,D
14:48:20,JSMR,RG,3910,21,D,KK,CC,D
14:48:20,JSMR,RG,3910,5,D,XC,CC,D
14:48:20,JSMR,RG,3910,5,D,NI,CC,D
14:48:20,JSMR,RG,3910,2,D,NI,CC,D
14:48:20,JSMR,RG,3910,50,D,SQ,CC,D
14:48:20,JSMR,RG,3910,1,D,SQ,CC,D
14:48:20,JSMR,RG,3910,1,D,YP,CC,D
14:48:20,JSMR,RG,3910,7,F,BK,CC,D
14:48:20,JSMR,RG,3910,1,D,PD,CC,D
14:48:20,JSMR,RG,3910,10,D,GR,CC,D
14:48:20,JSMR,RG,3910,1,D,YP,CC,D
14:48:20,JSMR,RG,3910,5,D,LG,CC,D
14:48:20,JSMR,RG,3910,1,D,XC,CC,D
14:48:20,JSMR,RG,3910,17,D,NI,CC,D
14:48:17,JSMR,RG,3910,83,D,NI,CC,D
14:48:17,JSMR,RG,3910,5,D,CC,CC,D
14:48:17,JSMR,RG,3910,1,D,YB,CC,D
14:48:17,JSMR,RG,3910,50,D,YP,CC,D
14:48:17,JSMR,RG,3910,75,D,OK,CC,D
14:48:17,JSMR,RG,3910,2,D,PD,CC,D
14:48:17,JSMR,RG,3910,250,D,SS,CC,D
14:48:17,JSMR,RG,3910,3,D,XC,CC,D
14:48:17,JSMR,RG,3910,10,D,KK,CC,D
14:48:17,JSMR,RG,3910,10,D,PD,CC,D
14:48:17,JSMR,RG,3910,10,D,PD,CC,D
14:48:17,JSMR,RG,3910,1,D,AT,CC,D
14:48:17,JSMR,RG,3910,2,D,XC,CC,D
14:48:17,JSMR,RG,3910,1,D,XC,CC,D
14:48:17,JSMR,RG,3910,50,D,XC,CC,D
14:48:17,JSMR,RG,3910,1,D,KK,CC,D
14:48:17,JSMR,RG,3910,4,D,SQ,CC,D
14:48:17,JSMR,RG,3910,50,D,CP,CC,D
14:48:17,JSMR,RG,3910,9,D,XC,CC,D
14:48:17,JSMR,RG,3910,3,D,NI,CC,D
14:48:17,JSMR,RG,3910,10,D,PD,CC,D
14:48:17,JSMR,RG,3910,2,D,SS,CC,D
14:48:17,JSMR,RG,3910,1,D,PD,CC,D
14:48:17,JSMR,RG,3910,2,D,AT,CC,D
14:48:17,JSMR,RG,3910,3,D,NI,CC,D
14:48:17,JSMR,RG,3910,5,D,XC,CC,D
14:48:17,JSMR,RG,3910,10,D,NI,CC,D
14:48:17,JSMR,RG,3910,1,D,OD,CC,D
14:48:17,JSMR,RG,3910,30,D,AT,CC,D
14:48:17,JSMR,RG,3910,1,D,KK,CC,D
14:48:17,JSMR,RG,3910,1,D,LG,CC,D
14:48:17,JSMR,RG,3910,4,D,DH,CC,D
14:48:17,JSMR,RG,3910,10,D,PD,CC,D
14:48:17,JSMR,RG,3910,2,D,SQ,CC,D
14:48:17,JSMR,RG,3910,50,D,IF,CC,D
14:48:17,JSMR,RG,3910,97,D,AK,CC,D
14:48:17,JSMR,RG,3910,6,F,ZP,CC,D
14:48:17,JSMR,RG,3910,10,D,GR,CC,D
14:48:17,JSMR,RG,3910,2,D,XC,CC,D
14:48:17,JSMR,RG,3910,40,D,PD,CC,D
14:48:17,JSMR,RG,3910,2,D,XC,CC,D
14:48:17,JSMR,RG,3910,91,D,OD,CC,D
14:48:15,JSMR,RG,3920,16,D,AK,CC,D
14:48:14,JSMR,RG,3920,1,D,OD,CC,D
14:48:14,JSMR,RG,3920,9,F,ZP,CC,D
14:48:13,JSMR,RG,3910,9,D,OD,CC,D
14:48:13,JSMR,RG,3910,1,D,YP,CC,D
14:48:13,JSMR,RG,3910,1,D,YP,CC,D
14:48:13,JSMR,RG,3910,45,D,NI,CC,D
14:48:13,JSMR,RG,3910,2,D,CC,CC,D
14:48:13,JSMR,RG,3910,6,D,KK,CC,D
14:48:13,JSMR,RG,3910,100,D,PD,CC,D
14:48:13,JSMR,RG,3910,1,D,CC,CC,D
14:48:13,JSMR,RG,3910,5,D,XC,CC,D
14:48:13,JSMR,RG,3910,26,D,PD,CC,D
14:48:13,JSMR,RG,3910,30,D,PD,CC,D
14:48:13,JSMR,RG,3910,1,D,PD,CC,D
14:48:13,JSMR,RG,3910,6,D,KK,CC,D
14:48:13,JSMR,RG,3910,53,D,LG,CC,D
14:48:13,JSMR,RG,3910,12,D,YB,CC,D
14:48:13,JSMR,RG,3910,2,D,PD,CC,D
14:48:13,JSMR,RG,3910,3,D,PD,CC,D
14:48:13,JSMR,RG,3910,10,D,NI,CC,D
14:48:13,JSMR,RG,3910,20,D,KK,CC,D
14:48:13,JSMR,RG,3910,5,D,CC,CC,D
14:48:13,JSMR,RG,3910,5,D,SQ,CC,D
14:48:13,JSMR,RG,3910,1,D,PD,CC,D
14:48:13,JSMR,RG,3910,7,D,EP,CC,D
14:48:13,JSMR,RG,3910,1,D,AZ,CC,D
14:48:13,JSMR,RG,3910,5,D,SQ,CC,D
14:48:13,JSMR,RG,3910,20,D,CC,CC,D
14:48:13,JSMR,RG,3910,20,D,GR,CC,D
14:48:13,JSMR,RG,3910,1,D,KK,CC,D
14:48:13,JSMR,RG,3910,1,D,KK,CC,D
14:48:13,JSMR,RG,3910,2,D,YP,CC,D
14:48:13,JSMR,RG,3910,5,D,GR,CC,D
14:48:13,JSMR,RG,3910,300,D,YP,CC,D
14:48:13,JSMR,RG,3910,3,D,NI,CC,D
14:48:13,JSMR,RG,3910,25,D,XC,CC,D
14:48:13,JSMR,RG,3910,5,D,YP,CC,D
14:48:13,JSMR,RG,3910,1,D,NI,CC,D
14:48:13,JSMR,RG,3910,10,D,KK,CC,D
14:48:13,JSMR,RG,3910,5,D,AZ,CC,D
14:48:13,JSMR,RG,3910,3,D,NI,CC,D
14:48:13,JSMR,RG,3910,250,D,DR,CC,D
14:48:13,JSMR,RG,3910,25,D,DR,CC,D
14:48:13,JSMR,RG,3910,1,D,XC,CC,D
14:48:13,JSMR,RG,3910,3,D,PD,CC,D
14:48:13,JSMR,RG,3910,1,D,NI,CC,D
14:48:13,JSMR,RG,3910,5,D,XC,CC,D
14:48:13,JSMR,RG,3910,1,D,KK,CC,D
14:48:13,JSMR,RG,3910,2,D,IF,CC,D
14:48:13,JSMR,RG,3910,100,D,ZP,CC,D
14:48:13,JSMR,RG,3910,3,D,PD,CC,D
14:48:13,JSMR,RG,3910,1,D,CC,CC,D
14:48:13,JSMR,RG,3910,25,D,CC,CC,D
14:48:13,JSMR,RG,3910,1,D,LG,CC,D
14:48:13,JSMR,RG,3910,10,D,KK,CC,D
14:48:13,JSMR,RG,3910,31,D,PD,CC,D
14:48:13,JSMR,RG,3910,1,D,DH,CC,D
14:48:13,JSMR,RG,3910,2,D,KK,CC,D
14:48:13,JSMR,RG,3910,280,D,GR,CC,D
14:47:44,JSMR,RG,3910,1,D,GR,CS,D
14:47:42,JSMR,RG,3920,3,D,YP,CC,D
14:47:34,JSMR,RG,3910,5,D,GR,CS,D
14:47:34,JSMR,RG,3910,1,D,GR,CS,D
14:47:31,JSMR,RG,3920,2,F,ZP,CC,D
14:47:30,JSMR,RG,3920,71,D,AK,CC,D
14:47:28,JSMR,RG,3920,1,D,BB,CC,D
14:47:24,JSMR,RG,3910,3,D,GR,AK,F
14:47:13,JSMR,RG,3910,7,D,GR,CS,D
14:47:00,JSMR,RG,3920,65,D,AK,CC,D
14:46:44,JSMR,RG,3920,27,D,AK,CC,D
14:46:43,JSMR,RG,3920,5,F,CS,CC,D
14:46:24,JSMR,RG,3920,6,F,CS,CC,D
14:46:24,JSMR,RG,3920,2,F,CS,CC,D
14:46:03,JSMR,RG,3920,5,F,CS,CC,D
14:46:03,JSMR,RG,3920,2,F,CS,CC,D
14:46:03,JSMR,RG,3920,2,F,CS,CC,D
14:46:00,JSMR,RG,3920,64,D,AK,CC,D
14:45:59,JSMR,RG,3920,8,D,NI,CC,D
14:45:39,JSMR,RG,3910,60,D,GR,XC,D
14:45:31,JSMR,RG,3920,1,D,PD,CC,D
14:45:30,JSMR,RG,3920,15,F,ZP,CC,D
14:45:30,JSMR,RG,3920,47,D,AK,CC,D
14:45:24,JSMR,RG,3920,2,F,ZP,CC,D
14:45:24,JSMR,RG,3920,2,F,CS,CC,D
14:45:24,JSMR,RG,3920,5,F,CS,CC,D
14:45:24,JSMR,RG,3920,8,F,CS,CS,D
14:45:13,JSMR,RG,3910,27,D,GR,XC,D
14:45:04,JSMR,RG,3920,3,D,PD,CS,D
14:45:04,JSMR,RG,3920,11,D,PD,AK,F
14:44:49,JSMR,RG,3920,1,D,PD,AK,F
14:44:39,JSMR,RG,3920,100,D,ZP,AK,F
14:44:30,JSMR,RG,3920,84,D,AK,AK,F
14:44:08,JSMR,RG,3920,84,D,RF,AK,F
14:44:08,JSMR,RG,3920,13,D,RF,KK,D
14:44:08,JSMR,RG,3920,5,D,RF,CS,D
14:44:08,JSMR,RG,3920,12,D,RF,CS,D
14:44:08,JSMR,RG,3920,86,D,RF,CC,D
14:44:06,JSMR,RG,3920,5,D,GR,CC,D
14:43:42,JSMR,RG,3920,1,F,CS,CC,D
14:43:42,JSMR,RG,3920,12,F,CS,CC,D
14:43:42,JSMR,RG,3920,2,F,CS,CC,D
14:43:42,JSMR,RG,3920,3,F,CS,CC,D
14:43:42,JSMR,RG,3920,2,F,CS,CC,D
14:43:42,JSMR,RG,3920,17,F,CS,CC,D
14:43:31,JSMR,RG,3920,1,D,BB,CC,D
14:43:30,JSMR,RG,3920,3,F,ZP,CC,D
14:43:30,JSMR,RG,3920,81,D,AK,CC,D
14:42:57,JSMR,RG,3910,17,D,GR,CS,D
14:42:57,JSMR,RG,3910,9,D,GR,CS,D
14:42:42,JSMR,RG,3910,1,D,GR,PD,D
14:42:08,JSMR,RG,3910,5,D,GR,PD,D
14:41:59,JSMR,RG,3910,3,D,GR,BK,F
14:41:59,JSMR,RG,3920,3,F,ZP,CC,D
14:41:58,JSMR,RG,3920,200,D,PD,CC,D
14:41:31,JSMR,RG,3920,1,D,PD,CC,D
14:41:30,JSMR,RG,3910,25,D,GR,YU,D
14:41:24,JSMR,RG,3910,2,D,GR,BK,F
14:41:02,JSMR,RG,3920,26,D,YP,CC,D
14:41:00,JSMR,RG,3910,27,D,GR,YU,D
14:40:59,JSMR,RG,3910,1,D,GR,YP,D
14:40:54,JSMR,RG,3920,2,F,ZP,CC,D
14:40:53,JSMR,RG,3920,10,F,BK,CC,D
14:40:45,JSMR,RG,3920,5,F,BK,CC,D
14:40:36,JSMR,RG,3920,31,F,BK,CC,D
14:40:25,JSMR,RG,3910,2,D,GR,BK,F
14:40:23,JSMR,RG,3920,100,D,YP,CC,D
14:40:19,JSMR,RG,3920,3,F,ZP,CC,D
14:40:15,JSMR,RG,3920,2,D,AT,CC,D
14:40:00,JSMR,RG,3920,256,D,AK,CC,D
14:39:53,JSMR,RG,3920,1,D,BB,CC,D
14:39:48,JSMR,RG,3920,30,D,CC,CC,D
14:39:38,JSMR,RG,3920,4,F,ZP,CC,D
14:39:37,JSMR,RG,3920,15,F,CS,CC,D
14:39:37,JSMR,RG,3920,3,F,CS,CC,D
14:39:37,JSMR,RG,3920,2,F,CS,CC,D
14:39:37,JSMR,RG,3920,16,F,CS,CC,D
14:39:37,JSMR,RG,3920,15,F,CS,CC,D
14:37:31,JSMR,RG,3920,1,D,PD,CC,D
14:36:36,JSMR,RG,3910,24,D,GR,XC,D
14:36:12,JSMR,RG,3920,25,D,NI,CC,D
14:36:06,JSMR,RG,3920,1,D,BB,CC,D
14:35:46,JSMR,RG,3920,35,D,YP,CC,D
14:35:46,JSMR,RG,3920,11,D,YP,CS,D
14:35:46,JSMR,RG,3920,14,D,YP,YU,D
14:35:46,JSMR,RG,3920,12,D,YP,YU,D
14:35:46,JSMR,RG,3920,8,D,YP,CS,D
14:35:46,JSMR,RG,3920,220,D,YP,CC,D
14:35:45,JSMR,RG,3920,73,D,AK,CC,D
14:35:10,JSMR,RG,3910,500,D,GR,AK,F
14:35:09,JSMR,RG,3920,35,D,PD,CC,D
14:34:00,JSMR,RG,3910,1,D,OD,YU,D
14:34:00,JSMR,RG,3910,10,D,YP,YU,D
14:34:00,JSMR,RG,3910,3,D,YP,YU,D
14:34:00,JSMR,RG,3910,13,D,CC,YU,D
14:34:00,JSMR,RG,3920,72,D,AK,CC,D
14:34:00,JSMR,RG,3920,5,D,AK,CS,D
14:34:00,JSMR,RG,3920,1,D,AK,PD,D
14:33:25,JSMR,RG,3910,7,D,CC,XC,D
14:33:25,JSMR,RG,3910,1,D,PD,XC,D
14:33:25,JSMR,RG,3910,2,F,CS,XC,D
14:33:00,JSMR,RG,3910,2,F,CS,CC,D
14:32:26,JSMR,RG,3910,1,F,ZP,XC,D
14:32:12,JSMR,RG,3920,1,D,BB,PD,D
14:32:03,JSMR,RG,3920,1,D,DH,PD,D
14:31:47,JSMR,RG,3920,2,D,PD,PD,D
14:31:47,JSMR,RG,3920,1,D,PD,CS,D
14:31:09,JSMR,RG,3920,10,D,AI,CS,D
14:31:05,JSMR,RG,3920,2,F,CS,CS,D
14:31:05,JSMR,RG,3920,25,F,CS,BK,F
14:31:00,JSMR,RG,3910,4,F,ZP,YU,D
14:31:00,JSMR,RG,3910,5,D,DH,YU,D
14:31:00,JSMR,RG,3910,1,D,CC,YU,D
14:31:00,JSMR,RG,3910,5,D,YP,YU,D
14:31:00,JSMR,RG,3910,9,F,AI,YU,D
14:30:58,JSMR,RG,3920,50,D,YP,BK,F
14:30:51,JSMR,RG,3920,129,D,RF,BK,F
14:30:51,JSMR,RG,3920,171,D,RF,CC,D
14:30:03,JSMR,RG,3920,10,D,PD,CC,D
14:29:45,JSMR,RG,3920,10,D,PD,CC,D
14:29:45,JSMR,RG,3920,176,D,AK,CC,D
14:29:28,JSMR,RG,3920,5,D,PD,CC,D
14:29:13,JSMR,RG,3920,2,D,PD,CC,D
14:28:36,JSMR,RG,3920,2,D,PD,CC,D
14:28:25,JSMR,RG,3920,1,D,BB,CC,D
14:28:11,JSMR,RG,3920,50,D,YU,CC,D
14:28:00,JSMR,RG,3910,28,F,AI,YU,D
14:26:50,JSMR,RG,3910,12,F,AI,BK,F
14:26:48,JSMR,RG,3910,15,F,AI,BK,F
14:26:45,JSMR,RG,3920,94,D,AK,CC,D
14:26:28,JSMR,RG,3920,34,D,PD,CC,D
14:26:24,JSMR,RG,3910,1,D,PD,OD,D
14:26:17,JSMR,RG,3910,9,D,YP,BK,F
14:26:12,JSMR,RG,3910,6,D,YP,BK,F
14:26:12,JSMR,RG,3910,1,D,PD,BK,F
14:26:12,JSMR,RG,3910,8,D,XC,BK,F
14:26:09,JSMR,RG,3920,32,F,ZP,CC,D
14:26:08,JSMR,RG,3920,60,D,SQ,CC,D
14:26:08,JSMR,RG,3910,9,D,XC,BK,F
14:26:07,JSMR,RG,3920,353,D,DR,CC,D
14:26:07,JSMR,RG,3920,4,D,DR,CS,D
14:26:07,JSMR,RG,3920,8,D,DR,CS,D
14:26:07,JSMR,RG,3920,1,D,DR,LG,D
14:26:07,JSMR,RG,3920,70,D,DR,AK,F
14:26:07,JSMR,RG,3920,20,D,DR,ZP,D
14:26:07,JSMR,RG,3920,4,D,DR,CS,D
14:26:07,JSMR,RG,3920,50,D,DR,YU,D
14:26:07,JSMR,RG,3920,5,D,DR,CS,D
14:26:07,JSMR,RG,3920,3,D,DR,CS,D
14:26:07,JSMR,RG,3920,12,D,DR,CS,D
14:26:07,JSMR,RG,3920,11,D,DR,CS,D
14:26:07,JSMR,RG,3920,40,D,DR,BK,F
14:26:07,JSMR,RG,3920,199,D,DR,CC,D
14:25:28,JSMR,RG,3920,35,F,CS,CC,D
14:25:26,JSMR,RG,3920,200,D,YP,CC,D
14:25:21,JSMR,RG,3920,2,F,ZP,CC,D
14:24:48,JSMR,RG,3920,1,D,BB,CC,D
14:24:40,JSMR,RG,3910,2,D,XC,OD,D
14:23:21,JSMR,RG,3920,2,F,ZP,CC,D
14:23:19,JSMR,RG,3920,13,D,NI,CC,D
14:23:14,JSMR,RG,3920,48,D,XA,CC,D
14:23:14,JSMR,RG,3920,2,D,XA,CS,D
14:22:58,JSMR,RG,3920,5,D,GR,KK,D
14:22:43,JSMR,RG,3910,1,D,XC,XC,D
14:22:33,JSMR,RG,3910,8,D,XC,LG,D
14:22:33,JSMR,RG,3910,2,D,YP,LG,D
14:22:33,JSMR,RG,3910,5,D,YP,LG,D
14:22:33,JSMR,RG,3910,7,D,PD,LG,D
14:22:30,JSMR,RG,3920,2,F,ZP,KK,D
14:22:30,JSMR,RG,3920,3,D,AK,KK,D
14:22:30,JSMR,RG,3920,54,D,AK,BK,F
14:22:11,JSMR,RG,3920,5,D,YP,BK,F
14:21:13,JSMR,RG,3920,1,D,BB,BK,F
14:21:00,JSMR,RG,3920,59,D,AK,BK,F
14:21:00,JSMR,RG,3920,3,D,AK,CC,D
14:20:49,JSMR,RG,3920,1,F,ZP,CC,D
14:20:38,JSMR,RG,3920,25,D,GR,CC,D
14:20:20,JSMR,RG,3920,5,D,NI,CC,D
14:20:17,JSMR,RG,3920,1,F,ZP,CC,D
14:19:31,JSMR,RG,3920,1,F,ZP,CC,D
14:19:30,JSMR,RG,3920,60,D,AK,CC,D
14:18:43,JSMR,RG,3920,1,F,ZP,CC,D
14:18:31,JSMR,RG,3920,20,D,CC,CC,D
14:17:46,JSMR,RG,3920,1,F,ZP,CC,D
14:17:45,JSMR,RG,3920,63,D,AK,CC,D
14:17:33,JSMR,RG,3920,1,D,BB,CC,D
14:16:56,JSMR,RG,3920,1,F,ZP,CC,D
14:16:55,JSMR,RG,3920,34,F,CS,CC,D
14:16:00,JSMR,RG,3920,66,D,AK,CC,D
14:15:26,JSMR,RG,3920,200,D,YP,CC,D
14:15:15,JSMR,RG,3920,2,F,ZP,CC,D
14:15:05,JSMR,RG,3920,7,D,PD,CC,D
14:15:05,JSMR,RG,3920,6,D,PD,CS,D
14:15:05,JSMR,RG,3920,22,D,PD,BK,F
14:14:03,JSMR,RG,3920,1,D,BB,BK,F
14:13:45,JSMR,RG,3920,2,F,ZP,BK,F
14:13:45,JSMR,RG,3920,69,D,AK,BK,F
14:13:45,JSMR,RG,3920,1,D,AK,CS,D
14:13:12,JSMR,RG,3920,1,D,DH,CS,D
14:13:01,JSMR,RG,3920,2,F,ZP,CS,D
14:12:07,JSMR,RG,3920,2,D,KK,CS,D
14:12:07,JSMR,RG,3920,1,D,KK,CS,D
14:12:07,JSMR,RG,3920,2,D,KK,CS,D
14:12:05,JSMR,RG,3920,1,D,KK,CS,D
14:11:44,JSMR,RG,3920,1,D,XC,CS,D
14:11:44,JSMR,RG,3920,1,D,XC,CS,D
14:11:15,JSMR,RG,3920,3,F,ZP,CS,D
14:11:15,JSMR,RG,3920,1,D,AK,CS,D
14:11:15,JSMR,RG,3920,9,D,AK,CS,D
14:11:15,JSMR,RG,3920,6,D,AK,CS,D
14:11:15,JSMR,RG,3920,1,D,AK,CS,D
14:11:15,JSMR,RG,3920,59,D,AK,BK,F
14:10:57,JSMR,RG,3910,2,D,PD,PD,D
14:10:57,JSMR,RG,3910,10,D,PD,PD,D
14:10:57,JSMR,RG,3910,13,D,XA,PD,D
14:10:41,JSMR,RG,3920,1,D,XC,BK,F
14:10:38,JSMR,RG,3920,30,D,LG,BK,F
14:10:28,JSMR,RG,3910,19,D,XA,NI,D
14:10:25,JSMR,RG,3920,1,D,BB,BK,F
14:10:10,JSMR,RG,3920,1,F,ZP,BK,F
14:08:25,JSMR,RG,3920,5,F,CS,BK,F
14:08:25,JSMR,RG,3920,21,F,CS,CC,D
14:08:24,JSMR,RG,3910,12,D,XA,YP,D
14:08:07,JSMR,RG,3910,9,D,XA,BK,F
14:08:06,JSMR,RG,3910,25,D,XA,DH,D
14:08:03,JSMR,RG,3910,7,D,XA,AZ,D
14:07:58,JSMR,RG,3910,14,D,XA,BK,F
14:07:55,JSMR,RG,3910,1,D,XA,BK,F
14:07:55,JSMR,RG,3910,25,D,CC,BK,F
14:07:51,JSMR,RG,3920,179,D,AZ,CC,D
14:07:51,JSMR,RG,3920,21,D,AZ,BK,F
14:07:51,JSMR,RG,3920,1,D,AZ,CS,D
14:07:51,JSMR,RG,3920,4,D,AZ,CS,D
14:07:51,JSMR,RG,3920,4,D,AZ,CS,D
14:07:51,JSMR,RG,3920,91,D,AZ,CC,D
14:06:39,JSMR,RG,3910,15,D,CC,BK,F
14:06:34,JSMR,RG,3910,9,D,CC,BK,F
14:06:30,JSMR,RG,3920,72,D,AK,CC,D
14:06:28,JSMR,RG,3920,1,D,BB,CC,D
14:06:03,JSMR,RG,3910,1,D,CC,BK,F
14:06:03,JSMR,RG,3910,9,D,YB,BK,F
14:06:01,JSMR,RG,3920,34,D,PD,CC,D
14:04:41,JSMR,RG,3910,20,D,YB,CC,D
14:04:15,JSMR,RG,3920,75,D,AK,CC,D
14:02:31,JSMR,RG,3920,1,D,BB,CC,D
14:02:01,JSMR,RG,3910,52,D,YB,PD,D
14:01:50,JSMR,RG,3920,100,D,YP,CC,D
14:01:29,JSMR,RG,3920,32,F,CS,CC,D
14:01:15,JSMR,RG,3920,90,D,AK,CC,D
14:00:44,JSMR,RG,3920,4,D,DR,CC,D
14:00:44,JSMR,RG,3920,1,D,DR,YU,D
14:00:21,JSMR,RG,3920,1,D,PD,YU,D
14:00:05,JSMR,RG,3910,17,D,YB,CS,D
14:00:05,JSMR,RG,3910,10,D,PD,CS,D
14:00:05,JSMR,RG,3910,1,D,PD,CS,D
14:00:05,JSMR,RG,3910,12,D,YP,CS,D
13:58:48,JSMR,RG,3920,1,D,BB,YU,D
13:58:45,JSMR,RG,3920,47,D,AK,YU,D
13:58:45,JSMR,RG,3920,6,D,AK,YU,D
13:58:45,JSMR,RG,3920,20,D,AK,BK,F
13:58:45,JSMR,RG,3920,3,D,AK,CS,D
13:57:29,JSMR,RG,3910,7,D,YP,XA,D
13:57:20,JSMR,RG,3910,6,D,YP,KK,D
13:57:20,JSMR,RG,3910,1,D,PD,KK,D
13:57:20,JSMR,RG,3910,5,D,PD,KK,D
13:57:20,JSMR,RG,3910,3,D,DX,KK,D
13:55:35,JSMR,RG,3920,5,D,GR,CS,D
13:55:35,JSMR,RG,3920,1,D,GR,CS,D
13:55:35,JSMR,RG,3920,1,D,GR,CS,D
13:55:35,JSMR,RG,3920,3,D,GR,CC,D
13:55:07,JSMR,RG,3920,34,D,PD,CC,D
13:54:56,JSMR,RG,3920,1,D,BB,CC,D
13:54:52,JSMR,RG,3920,5,D,CC,CC,D
13:51:21,JSMR,RG,3920,1,D,KK,CC,D
13:51:03,JSMR,RG,3920,1,D,SS,CC,D
13:51:03,JSMR,RG,3920,1,D,BB,CC,D
13:50:01,JSMR,RG,3910,7,D,DX,YP,D
13:50:01,JSMR,RG,3910,8,D,NI,YP,D
13:49:39,JSMR,RG,3910,2,D,NI,KK,D
13:49:39,JSMR,RG,3910,2,D,SQ,KK,D
13:49:39,JSMR,RG,3910,6,D,YP,KK,D
13:48:25,JSMR,RG,3910,2,D,YP,YB,D
13:47:51,JSMR,RG,3920,1,F,ZP,CC,D
13:47:50,JSMR,RG,3920,100,D,YP,CC,D
13:47:43,JSMR,RG,3920,1,D,NI,CC,D
13:47:18,JSMR,RG,3920,2,F,ZP,CC,D
13:47:16,JSMR,RG,3920,1,D,BB,CC,D
13:47:09,JSMR,RG,3920,1,D,PD,CC,D
13:47:03,JSMR,RG,3920,3,D,PD,CC,D
13:45:43,JSMR,RG,3920,5,D,AI,CC,D
13:45:24,JSMR,RG,3920,1,F,ZP,CC,D
13:45:13,JSMR,RG,3920,35,D,PD,CC,D
13:44:46,JSMR,RG,3920,2,F,ZP,CC,D
13:44:15,JSMR,RG,3920,5,D,YP,CC,D
13:44:12,JSMR,RG,3920,5,D,XC,CC,D
13:43:22,JSMR,RG,3920,1,D,BB,CC,D
13:42:43,JSMR,RG,3920,2,F,ZP,CC,D
13:42:42,JSMR,RG,3920,50,D,IF,CC,D
13:42:30,JSMR,RG,3920,11,D,YP,CC,D
13:41:28,JSMR,RG,3920,5,D,DH,CC,D
13:40:48,JSMR,RG,3920,1,F,ZP,CC,D
13:40:29,JSMR,RG,3920,1,D,KK,CC,D
13:40:02,JSMR,RG,3920,11,F,CS,CC,D
13:40:02,JSMR,RG,3920,4,F,CS,CC,D
13:40:02,JSMR,RG,3920,1,F,CS,CC,D
13:40:02,JSMR,RG,3920,124,F,BK,CC,D
13:40:02,JSMR,RG,3920,11,F,CS,CC,D
13:40:02,JSMR,RG,3920,1,F,CS,CC,D
13:40:02,JSMR,RG,3920,13,F,ZP,CC,D
13:40:02,JSMR,RG,3920,56,D,AK,CC,D
13:39:51,JSMR,RG,3920,1,D,AK,CS,D
13:39:51,JSMR,RG,3920,7,D,AK,CS,D
13:39:51,JSMR,RG,3920,8,D,AK,BK,F
13:39:51,JSMR,RG,3920,6,F,CS,BK,F
13:39:51,JSMR,RG,3920,2,F,CS,BK,F
13:39:51,JSMR,RG,3920,4,F,CS,BK,F
13:39:51,JSMR,RG,3920,3,F,CS,BK,F
13:39:51,JSMR,RG,3920,1,F,CS,BK,F
13:39:51,JSMR,RG,3920,66,D,AK,BK,F
13:39:51,JSMR,RG,3920,22,D,AK,BK,F
13:39:51,JSMR,RG,3920,3,D,AK,CS,D
13:39:50,JSMR,RG,3920,38,D,AK,CC,D
13:39:50,JSMR,RG,3920,2,F,CS,CC,D
13:39:50,JSMR,RG,3920,2,F,CS,CC,D
13:39:50,JSMR,RG,3920,7,F,CS,CC,D
13:39:50,JSMR,RG,3920,2,D,AT,CC,D
13:39:50,JSMR,RG,3920,1,D,NI,CC,D
13:39:50,JSMR,RG,3920,16,F,BK,CC,D
13:39:50,JSMR,RG,3920,100,D,YP,CC,D
13:39:50,JSMR,RG,3920,1,D,NI,CC,D
13:39:50,JSMR,RG,3920,2,D,XC,CC,D
13:39:50,JSMR,RG,3920,2,D,NI,CC,D
13:39:50,JSMR,RG,3920,4,D,HP,CC,D
13:39:50,JSMR,RG,3920,13,D,KK,CC,D
13:39:50,JSMR,RG,3920,90,D,AK,CC,D
13:39:50,JSMR,RG,3920,50,D,PD,CC,D
13:39:50,JSMR,RG,3920,39,D,NI,CC,D
13:39:50,JSMR,RG,3920,1,D,NI,CC,D
13:39:50,JSMR,RG,3920,100,D,YP,CC,D
13:39:50,JSMR,RG,3920,6,F,CS,CC,D
13:39:50,JSMR,RG,3920,6,F,CS,CC,D
13:39:50,JSMR,RG,3920,3,D,AK,CC,D
13:39:50,JSMR,RG,3920,1,D,AK,CC,D
13:39:50,JSMR,RG,3920,1,D,AK,CC,D
13:39:50,JSMR,RG,3920,10,D,YP,CC,D
13:39:50,JSMR,RG,3920,3,D,YP,CC,D
13:39:43,JSMR,RG,3930,1,D,BB,AZ,D
13:39:00,JSMR,RG,3920,1,D,YP,YU,D
13:39:00,JSMR,RG,3920,1,D,YP,YU,D
13:39:00,JSMR,RG,3920,7,F,ZP,YU,D
13:38:52,JSMR,RG,3930,34,D,PD,AZ,D
13:37:13,JSMR,RG,3920,1,F,CS,XC,D
13:37:00,JSMR,RG,3920,2,F,CS,YU,D
13:37:00,JSMR,RG,3920,2,D,XC,YU,D
13:37:00,JSMR,RG,3920,2,D,XC,YU,D
13:37:00,JSMR,RG,3920,2,D,LG,YU,D
13:36:50,JSMR,RG,3920,7,D,LG,TF,D
13:36:24,JSMR,RG,3920,10,D,LG,PD,D
13:36:21,JSMR,RG,3920,8,D,LG,CS,D
13:36:10,JSMR,RG,3920,7,D,LG,PD,D
13:36:04,JSMR,RG,3930,1,D,BB,AZ,D
13:35:02,JSMR,RG,3920,16,D,LG,AK,F
13:35:02,JSMR,RG,3920,5,D,CC,AK,F
13:35:02,JSMR,RG,3920,79,D,CC,AK,F
13:35:01,JSMR,RG,3920,100,D,CC,AK,F
13:35:00,JSMR,RG,3920,8,D,CC,YU,D
13:34:57,JSMR,RG,3920,100,D,CC,AK,F
13:34:36,JSMR,RG,3920,350,D,CC,LG,D
13:34:16,JSMR,RG,3920,1,D,CC,MG,D
13:33:21,JSMR,RG,3920,8,D,CC,YU,D
13:30:21,JSMR,RG,3920,2,D,CC,YP,D
13:30:18,JSMR,RG,3920,1,D,CC,YP,D
13:30:17,JSMR,RG,3930,25,D,CC,AZ,D
13:30:16,JSMR,RG,3920,1,D,CC,OD,D
13:30:16,JSMR,RG,3930,207,D,AK,AZ,D
13:30:16,JSMR,RG,3920,54,D,CC,AK,F
13:30:11,JSMR,RG,3920,413,D,CC,BK,F
13:30:11,JSMR,RG,3920,1,D,PD,BK,F
13:30:11,JSMR,RG,3920,10,D,KK,BK,F
13:30:11,JSMR,RG,3920,1,D,PD,BK,F
13:30:11,JSMR,RG,3920,1,F,CS,BK,F
13:30:11,JSMR,RG,3920,4,F,CS,BK,F
13:30:11,JSMR,RG,3920,2,F,CS,BK,F
13:30:11,JSMR,RG,3920,2,D,DH,BK,F
13:30:11,JSMR,RG,3920,5,D,CC,BK,F
13:30:11,JSMR,RG,3920,61,D,YU,BK,F
13:30:08,JSMR,RG,3920,5,D,YU,LG,D
13:30:05,JSMR,RG,3920,4,D,YU,YU,D
13:30:05,JSMR,RG,3930,152,D,KZ,AZ,D
13:30:05,JSMR,RG,3930,395,D,KZ,AZ,D
13:30:05,JSMR,RG,3930,149,D,KZ,AZ,D
13:30:05,JSMR,RG,3930,1709,D,KZ,AZ,D
13:30:05,JSMR,RG,3930,1027,D,KZ,AZ,D
13:30:05,JSMR,RG,3930,1326,D,KZ,AZ,D
13:30:05,JSMR,RG,3930,380,D,KZ,AZ,D
13:30:05,JSMR,RG,3930,117,D,KZ,AZ,D
13:30:05,JSMR,RG,3920,69,D,YU,BK,F
13:30:04,JSMR,RG,3920,2,D,YU,DR,D
13:30:04,JSMR,RG,3920,70,D,YU,YU,D
13:30:04,JSMR,RG,3920,10,D,YU,CS,D
13:30:04,JSMR,RG,3920,29,D,YU,CC,D
13:30:04,JSMR,RG,3920,20,D,DR,CC,D
13:30:03,JSMR,RG,3920,5,D,EP,CC,D
13:30:03,JSMR,RG,3920,100,D,LG,CC,D
13:30:02,JSMR,RG,3910,6,D,YP,YB,D
13:30:02,JSMR,RG,3920,25,D,YB,CC,D
11:29:50,JSMR,RG,3920,7,F,CS,CC,D
11:29:45,JSMR,RG,3920,1,D,AK,CC,D
11:29:44,JSMR,RG,3920,1,F,ZP,CC,D
11:29:37,JSMR,RG,3920,1,D,XC,CC,D
11:29:23,JSMR,RG,3920,1,F,CS,CC,D
11:29:22,JSMR,RG,3920,3,D,PD,CC,D
11:29:22,JSMR,RG,3920,1,D,PD,CC,D
11:29:22,JSMR,RG,3920,2,F,CS,CC,D
11:29:22,JSMR,RG,3920,4,F,ZP,CC,D
11:29:00,JSMR,RG,3930,23,D,AK,AZ,D
11:29:00,JSMR,RG,3930,4,D,AK,AZ,D
11:28:59,JSMR,RG,3920,1,D,NI,CS,D
11:28:39,JSMR,RG,3920,1,D,NI,CS,D
11:28:30,JSMR,RG,3930,13,D,AK,AZ,D
11:28:15,JSMR,RG,3930,7,D,AK,AZ,D
11:26:34,JSMR,RG,3920,15,D,XC,BK,F
11:26:28,JSMR,RG,3920,1,D,KK,BK,F
11:25:13,JSMR,RG,3920,7,D,YU,BK,F
11:25:13,JSMR,RG,3920,2,D,YU,CS,D
11:25:13,JSMR,RG,3920,5,D,YU,CS,D
11:25:13,JSMR,RG,3920,2,D,YU,CS,D
11:25:13,JSMR,RG,3920,34,D,YU,CC,D
11:24:47,JSMR,RG,3920,2,F,ZP,CC,D
11:23:50,JSMR,RG,3920,6,D,XC,CC,D
11:23:28,JSMR,RG,3920,1,D,XC,CC,D
11:23:11,JSMR,RG,3920,3,F,CS,CC,D
11:23:11,JSMR,RG,3920,35,D,AK,CC,D
11:23:11,JSMR,RG,3920,5,D,CC,CC,D
11:23:11,JSMR,RG,3920,2,D,PD,CC,D
11:23:11,JSMR,RG,3920,1,D,BB,CC,D
11:23:11,JSMR,RG,3920,8,F,CS,CC,D
11:23:11,JSMR,RG,3920,4,F,CS,CC,D
11:23:11,JSMR,RG,3920,1,F,ZP,CC,D
11:23:11,JSMR,RG,3920,98,D,AK,CC,D
11:23:00,JSMR,RG,3930,29,D,AK,AZ,D
11:22:28,JSMR,RG,3930,35,D,PD,AZ,D
11:22:11,JSMR,RG,3930,2,F,CS,AZ,D
11:22:11,JSMR,RG,3920,8,D,CC,BK,F
11:22:11,JSMR,RG,3920,3,D,CC,CS,D
11:22:11,JSMR,RG,3920,2,D,CC,CS,D
11:22:11,JSMR,RG,3920,3,D,CC,CS,D
11:22:11,JSMR,RG,3920,1,D,CC,CS,D
11:22:11,JSMR,RG,3920,5,D,CC,CS,D
11:22:11,JSMR,RG,3920,4,D,CC,CS,D
11:22:11,JSMR,RG,3920,5,D,CC,PD,D
11:22:11,JSMR,RG,3920,169,D,CC,CC,D
11:22:07,JSMR,RG,3920,2,F,ZP,CC,D
11:22:07,JSMR,RG,3920,29,D,YP,CC,D
11:22:07,JSMR,RG,3920,21,D,YP,BK,F
11:21:45,JSMR,RG,3920,13,D,AK,BK,F
11:21:45,JSMR,RG,3920,6,D,AK,CS,D
11:21:45,JSMR,RG,3920,20,D,AK,CC,D
11:21:44,JSMR,RG,3920,8,F,CS,CC,D
11:19:31,JSMR,RG,3920,2,F,ZP,CC,D
11:18:35,JSMR,RG,3920,1,F,ZP,CC,D
11:17:37,JSMR,RG,3920,3,D,PD,CC,D
11:17:21,JSMR,RG,3920,3,F,ZP,CC,D
11:15:26,JSMR,RG,3920,1,F,ZP,CC,D
11:15:21,JSMR,RG,3920,4,D,SQ,CC,D
11:15:17,JSMR,RG,3910,2,D,YP,XC,D
11:14:56,JSMR,RG,3920,1,D,GR,CC,D
11:14:46,JSMR,RG,3920,16,D,XC,CC,D
11:14:38,JSMR,RG,3920,31,D,AK,CC,D
11:14:38,JSMR,RG,3920,8,F,CS,CC,D
11:14:37,JSMR,RG,3920,2,F,CS,CC,D
11:14:37,JSMR,RG,3920,39,D,AK,CC,D
11:14:37,JSMR,RG,3920,5,F,CS,CC,D
11:14:37,JSMR,RG,3920,37,D,AK,CC,D
11:14:37,JSMR,RG,3920,10,D,YP,CC,D
11:14:37,JSMR,RG,3920,1,D,AT,CC,D
11:14:37,JSMR,RG,3920,10,D,YP,CC,D
11:14:37,JSMR,RG,3920,3,F,CS,CC,D
11:14:37,JSMR,RG,3920,1,F,CS,CC,D
11:14:37,JSMR,RG,3920,3,F,CS,CC,D
11:14:37,JSMR,RG,3920,50,D,YP,CC,D
11:14:37,JSMR,RG,3920,1,D,PD,CC,D
11:14:37,JSMR,RG,3920,14,D,DR,CC,D
11:14:37,JSMR,RG,3920,1,F,ZP,CC,D
11:14:37,JSMR,RG,3920,6,F,CS,CC,D
11:14:37,JSMR,RG,3920,1,F,CS,CC,D
11:14:37,JSMR,RG,3920,18,D,AK,CC,D
11:14:29,JSMR,RG,3930,1,D,PD,AZ,D
11:14:22,JSMR,RG,3920,2,D,AK,CS,D
11:14:12,JSMR,RG,3930,1,D,PD,AZ,D
11:14:02,JSMR,RG,3920,1,D,AK,PD,D
11:13:31,JSMR,RG,3920,2,D,AK,CS,D
11:13:01,JSMR,RG,3920,1,D,AK,CS,D
11:12:43,JSMR,RG,3930,34,D,PD,AZ,D
11:12:30,JSMR,RG,3920,1,D,AK,CS,D
11:12:00,JSMR,RG,3930,38,D,AK,AZ,D
11:10:01,JSMR,RG,3920,15,D,AK,CC,F
11:09:45,JSMR,RG,3920,1,F,CS,BK,F
11:09:43,JSMR,RG,3920,1,D,BB,BK,F
11:09:43,JSMR,RG,3920,6,D,NI,BK,F
11:09:43,JSMR,RG,3920,1,D,NI,XC,D
11:09:43,JSMR,RG,3920,9,D,NI,BK,F
11:09:43,JSMR,RG,3920,4,D,NI,CS,D
11:09:35,JSMR,RG,3920,1,F,CS,CS,D
11:09:14,JSMR,RG,3920,1,F,CS,CS,D
11:09:01,JSMR,RG,3920,2,F,ZP,CS,D
11:08:54,JSMR,RG,3920,1,F,CS,CS,D
11:08:34,JSMR,RG,3920,1,F,CS,CS,D
11:08:28,JSMR,RG,3920,2,D,XC,KK,D
11:08:07,JSMR,RG,3920,2,F,CS,KK,D
11:08:06,JSMR,RG,3920,19,D,DR,KK,D
11:07:34,JSMR,RG,3920,2,F,CS,KK,D
11:07:04,JSMR,RG,3910,3,D,YP,XC,D
11:06:54,JSMR,RG,3920,1,F,ZP,BK,F
11:06:54,JSMR,RG,3920,17,D,AG,BK,F
11:06:54,JSMR,RG,3920,4,D,AG,CS,D
11:06:54,JSMR,RG,3920,79,D,AG,CC,D
11:06:53,JSMR,RG,3920,5,F,CS,CC,D
11:05:53,JSMR,RG,3910,81,D,YP,YP,D
11:05:53,JSMR,RG,3910,5,D,YP,YP,D
11:05:53,JSMR,RG,3910,14,D,EP,YP,D
11:05:17,JSMR,RG,3920,1,F,ZP,CC,D
11:05:02,JSMR,RG,3920,8,F,CS,CC,D
11:04:48,JSMR,RG,3920,1,D,OD,CC,D
11:03:26,JSMR,RG,3920,1,F,ZP,CC,D
11:03:25,JSMR,RG,3920,10,D,XC,CC,D
11:03:00,JSMR,RG,3920,1,D,KK,CC,D
11:02:24,JSMR,RG,3920,8,F,CS,CC,D
11:02:18,JSMR,RG,3920,35,D,PD,CC,D
11:02:15,JSMR,RG,3920,5,D,KK,CC,D
11:02:08,JSMR,RG,3920,1,F,ZP,CC,D
11:01:41,JSMR,RG,3920,1,D,KK,CC,D
11:01:27,JSMR,RG,3920,1,F,ZP,CC,D
11:00:26,JSMR,RG,3920,1,D,XC,CC,D
10:59:53,JSMR,RG,3920,3,D,SQ,CC,D
10:59:31,JSMR,RG,3920,34,D,AK,CC,D
10:59:31,JSMR,RG,3920,37,D,AK,CC,D
10:59:31,JSMR,RG,3920,47,D,AK,CC,D
10:59:31,JSMR,RG,3920,33,D,AK,CC,D
10:59:31,JSMR,RG,3920,2,F,CS,CC,D
10:59:31,JSMR,RG,3920,4,D,BB,CC,D
10:59:31,JSMR,RG,3920,182,D,NI,CC,D
10:59:04,JSMR,RG,3920,5,D,NI,CS,D
10:59:04,JSMR,RG,3920,1,D,NI,CS,D
10:59:04,JSMR,RG,3920,1,D,NI,CS,D
10:59:04,JSMR,RG,3920,5,D,NI,CS,D
10:59:03,JSMR,RG,3920,1,D,NI,CS,D
10:59:03,JSMR,RG,3920,3,D,NI,CS,D
10:59:03,JSMR,RG,3920,1,D,NI,CS,D
10:59:03,JSMR,RG,3920,20,D,NI,BK,F
10:59:03,JSMR,RG,3920,4,D,NI,CS,D
10:59:03,JSMR,RG,3920,1,D,NI,CS,D
10:59:03,JSMR,RG,3920,1,D,NI,CS,D
10:59:03,JSMR,RG,3920,4,D,NI,CS,D
10:59:03,JSMR,RG,3920,21,D,NI,YU,D
10:58:53,JSMR,RG,3920,9,F,CS,YU,D
10:58:53,JSMR,RG,3920,2,F,ZP,YU,D
10:58:53,JSMR,RG,3920,52,D,YP,YU,D
10:58:53,JSMR,RG,3920,50,D,YP,YU,D
10:58:53,JSMR,RG,3920,4,D,YP,CS,D
10:58:53,JSMR,RG,3920,2,D,YP,CS,D
10:58:53,JSMR,RG,3920,3,D,YP,CS,D
10:58:53,JSMR,RG,3920,3,D,YP,CS,D
10:58:53,JSMR,RG,3920,14,D,YP,BK,F
10:58:53,JSMR,RG,3920,3,D,YP,CS,D
10:58:53,JSMR,RG,3920,1,D,YP,CS,D
10:58:53,JSMR,RG,3920,4,D,YP,CS,D
10:58:53,JSMR,RG,3920,6,D,YP,EP,D
10:58:53,JSMR,RG,3920,4,D,YP,CS,D
10:58:53,JSMR,RG,3920,1,D,YP,CS,D
10:58:53,JSMR,RG,3920,3,D,YP,CC,D
10:58:53,JSMR,RG,3920,3,D,YP,PD,D
10:58:53,JSMR,RG,3920,1,D,YP,CS,D
10:58:53,JSMR,RG,3920,6,D,YP,CS,D
10:58:53,JSMR,RG,3920,67,D,YP,BK,F
10:58:53,JSMR,RG,3920,1,D,YP,CS,D
10:58:53,JSMR,RG,3920,2,D,YP,CS,D
10:58:53,JSMR,RG,3920,20,D,YP,CC,D
10:58:47,JSMR,RG,3920,2,D,XC,CC,D
10:58:30,JSMR,RG,3920,36,D,AK,CC,D
10:58:22,JSMR,RG,3920,1,D,NI,CC,D
10:57:19,JSMR,RG,3920,15,D,YP,CC,D
10:57:12,JSMR,RG,3920,2,F,ZP,CC,D
10:57:07,JSMR,RG,3920,1,D,KK,CC,D
10:57:07,JSMR,RG,3920,3,D,YP,CC,D
10:57:07,JSMR,RG,3920,1,D,CC,CC,D
10:56:51,JSMR,RG,3920,1,D,AT,CC,D
10:55:28,JSMR,RG,3920,1,D,YP,CC,D
10:55:28,JSMR,RG,3920,10,F,CS,CC,D
10:55:25,JSMR,RG,3920,1,D,XC,CC,D
10:55:06,JSMR,RG,3920,7,D,NI,CC,D
10:55:00,JSMR,RG,3920,40,D,AK,CC,D
10:54:12,JSMR,RG,3920,5,D,XC,CC,D
10:53:07,JSMR,RG,3920,1,D,PD,CC,D
10:52:19,JSMR,RG,3920,34,D,PD,CC,D
10:52:09,JSMR,RG,3920,1,D,XC,CC,D
10:51:15,JSMR,RG,3920,18,D,AK,CC,D
10:51:15,JSMR,RG,3920,3,D,AK,CS,D
10:51:15,JSMR,RG,3920,6,D,AK,YU,D
10:51:15,JSMR,RG,3920,1,D,AK,CS,D
10:51:15,JSMR,RG,3920,17,D,AK,CC,D
10:51:00,JSMR,RG,3920,1,D,XC,CC,D
10:50:34,JSMR,RG,3910,2,D,EP,YP,D
10:49:51,JSMR,RG,3920,1,D,NI,CC,D
10:49:10,JSMR,RG,3920,2,D,AT,CC,D
10:48:18,JSMR,RG,3920,1,D,KK,CC,D
10:46:59,JSMR,RG,3920,5,D,KK,CC,D
10:45:00,JSMR,RG,3920,15,D,CC,CC,D
10:43:53,JSMR,RG,3920,10,D,AI,CC,D
10:43:38,JSMR,RG,3910,9,D,EP,PD,D
10:42:56,JSMR,RG,3920,2,D,XC,CC,D
10:42:34,JSMR,RG,3920,35,D,PD,CC,D
10:41:44,JSMR,RG,3920,25,D,YP,CC,D
10:36:41,JSMR,RG,3910,10,D,KK,KK,D
10:36:32,JSMR,RG,3920,50,D,SQ,CC,D
10:36:19,JSMR,RG,3920,5,D,DH,CC,D
10:36:15,JSMR,RG,3920,1,D,KK,CC,D
10:35:32,JSMR,RG,3920,5,D,DH,CC,D
10:35:05,JSMR,RG,3920,14,D,XC,CC,D
10:34:33,JSMR,RG,3920,11,D,KK,CC,D
10:34:33,JSMR,RG,3920,2,D,KK,CS,D
10:34:33,JSMR,RG,3920,2,D,KK,XC,D
10:34:05,JSMR,RG,3910,11,D,NI,PD,D
10:34:05,JSMR,RG,3910,19,D,NI,PD,D
10:33:42,JSMR,RG,3910,25,D,NI,PD,D
10:33:00,JSMR,RG,3910,6,D,NI,NI,D
10:33:00,JSMR,RG,3910,11,D,YP,NI,D
10:33:00,JSMR,RG,3910,23,D,NI,NI,D
10:32:42,JSMR,RG,3910,16,D,NI,BK,F
10:32:42,JSMR,RG,3910,1,D,SQ,BK,F
10:32:42,JSMR,RG,3910,1,D,YP,BK,F
10:32:42,JSMR,RG,3910,1,D,MG,BK,F
10:32:42,JSMR,RG,3910,10,D,CC,BK,F
10:32:42,JSMR,RG,3910,4,D,EP,BK,F
10:32:42,JSMR,RG,3910,2,D,PD,BK,F
10:32:42,JSMR,RG,3910,3,D,PD,BK,F
10:32:40,JSMR,RG,3920,12,F,CS,BK,F
10:32:39,JSMR,RG,3920,7,F,CS,BK,F
10:32:39,JSMR,RG,3920,5,F,ZP,BK,F
10:32:39,JSMR,RG,3920,11,D,KK,BK,F
10:32:36,JSMR,RG,3920,39,D,KK,BK,F
10:32:36,JSMR,RG,3920,3,D,NI,BK,F
10:32:36,JSMR,RG,3920,30,D,GR,BK,F
10:32:36,JSMR,RG,3920,1,D,NI,BK,F
10:32:36,JSMR,RG,3920,20,D,YP,BK,F
10:32:36,JSMR,RG,3920,13,D,PD,BK,F
10:32:36,JSMR,RG,3920,1,D,PD,BK,F
10:32:36,JSMR,RG,3920,100,D,EP,BK,F
10:32:36,JSMR,RG,3920,2,D,YP,BK,F
10:32:36,JSMR,RG,3920,100,D,AG,BK,F
10:32:36,JSMR,RG,3920,1,D,XC,BK,F
10:32:36,JSMR,RG,3920,25,D,CC,BK,F
10:32:36,JSMR,RG,3920,1,D,YP,BK,F
10:32:36,JSMR,RG,3920,5,D,NI,BK,F
10:32:36,JSMR,RG,3920,2,D,YP,BK,F
10:32:36,JSMR,RG,3920,3,D,SQ,BK,F
10:32:36,JSMR,RG,3920,25,D,YP,BK,F
10:32:36,JSMR,RG,3920,1,D,SQ,BK,F
10:32:36,JSMR,RG,3920,50,D,OD,BK,F
10:32:36,JSMR,RG,3920,1,D,SQ,BK,F
10:32:36,JSMR,RG,3920,2,D,CC,BK,F
10:32:36,JSMR,RG,3920,1,D,XC,BK,F
10:32:36,JSMR,RG,3920,10,D,DX,BK,F
10:32:36,JSMR,RG,3920,1,D,PD,BK,F
10:32:36,JSMR,RG,3920,1,D,NI,BK,F
10:32:36,JSMR,RG,3920,96,D,XC,BK,F
10:32:35,JSMR,RG,3930,34,D,PD,AZ,D
10:32:32,JSMR,RG,3920,4,D,XC,CS,D
10:32:32,JSMR,RG,3920,10,D,YU,CS,D
10:32:32,JSMR,RG,3920,1,D,XC,CS,D
10:32:32,JSMR,RG,3920,5,D,YP,CS,D
10:32:31,JSMR,RG,3930,5,F,ZP,AZ,D
10:32:31,JSMR,RG,3930,1,D,PD,AZ,D
10:32:31,JSMR,RG,3930,5,D,XC,AZ,D
10:32:31,JSMR,RG,3930,1,D,CC,AZ,D
10:32:31,JSMR,RG,3930,2,D,PD,AZ,D
10:32:31,JSMR,RG,3930,5,D,NI,AZ,D
10:32:31,JSMR,RG,3930,2,D,YP,AZ,D
10:32:31,JSMR,RG,3930,100,D,IT,AZ,D
10:32:31,JSMR,RG,3930,20,D,CC,AZ,D
10:32:31,JSMR,RG,3930,1,D,PD,AZ,D
10:32:31,JSMR,RG,3930,10,D,CC,AZ,D
10:32:31,JSMR,RG,3930,15,D,YP,AZ,D
10:32:31,JSMR,RG,3930,100,D,YB,AZ,D
10:32:31,JSMR,RG,3930,900,D,GR,AZ,D
10:32:31,JSMR,RG,3930,1000,D,GR,AZ,D
10:32:31,JSMR,RG,3930,3,D,XC,AZ,D
10:32:31,JSMR,RG,3930,1,D,YP,AZ,D
10:32:31,JSMR,RG,3930,1,D,YP,AZ,D
10:32:31,JSMR,RG,3930,50,D,KK,AZ,D
10:32:31,JSMR,RG,3930,1,D,PD,AZ,D
10:32:31,JSMR,RG,3930,100,D,YB,AZ,D
10:32:31,JSMR,RG,3930,10,D,CC,AZ,D
10:32:31,JSMR,RG,3930,5,D,YP,AZ,D
10:32:31,JSMR,RG,3930,23,D,LS,AZ,D
10:32:31,JSMR,RG,3930,5,D,CC,AZ,D
10:32:31,JSMR,RG,3930,15,D,CC,AZ,D
10:32:31,JSMR,RG,3930,10,D,SQ,AZ,D
10:32:31,JSMR,RG,3930,1,D,KK,AZ,D
10:32:31,JSMR,RG,3930,1,D,YP,AZ,D
10:32:31,JSMR,RG,3940,1,D,DR,AZ,D
10:32:31,JSMR,RG,3940,36,D,AK,AZ,D
10:32:31,JSMR,RG,3940,1,D,EP,AZ,D
10:32:31,JSMR,RG,3940,5,F,BK,AZ,D
10:32:31,JSMR,RG,3940,3,D,CP,AZ,D
10:32:31,JSMR,RG,3940,40,D,AK,AZ,D
10:32:31,JSMR,RG,3940,8,F,CS,AZ,D
10:32:31,JSMR,RG,3940,40,D,AK,AZ,D
10:32:31,JSMR,RG,3940,1,D,BB,AZ,D
10:32:31,JSMR,RG,3940,8,F,ZP,AZ,D
10:32:31,JSMR,RG,3940,13,F,CS,AZ,D
10:32:31,JSMR,RG,3940,1,D,PD,AZ,D
10:32:31,JSMR,RG,3940,1,D,XC,AZ,D
10:32:31,JSMR,RG,3940,10,D,CC,AZ,D
10:32:31,JSMR,RG,3940,5,D,PD,AZ,D
10:32:31,JSMR,RG,3940,2,D,KK,AZ,D
10:32:31,JSMR,RG,3940,5,D,XC,AZ,D
10:32:31,JSMR,RG,3940,100,D,IT,AZ,D
10:32:31,JSMR,RG,3940,1,D,XC,AZ,D
10:32:31,JSMR,RG,3940,4,D,PD,AZ,D
10:32:31,JSMR,RG,3940,1,D,YP,AZ,D
10:32:31,JSMR,RG,3940,2,F,ZP,AZ,D
10:32:31,JSMR,RG,3940,1,D,YP,AZ,D
10:32:31,JSMR,RG,3940,1,D,PD,AZ,D
10:32:31,JSMR,RG,3940,1000,D,SQ,AZ,D
10:32:31,JSMR,RG,3940,1,D,XC,AZ,D
10:32:31,JSMR,RG,3940,1,D,PD,AZ,D
10:32:31,JSMR,RG,3940,5,D,XA,AZ,D
10:32:31,JSMR,RG,3940,1,D,XC,AZ,D
10:32:31,JSMR,RG,3940,1,D,KK,AZ,D
10:32:31,JSMR,RG,3940,3,D,PD,AZ,D
10:31:25,JSMR,RG,3950,1,D,XC,CS,D
10:31:25,JSMR,RG,3950,2,D,XC,CC,D
10:30:13,JSMR,RG,3950,3,D,DH,CC,D
10:28:31,JSMR,RG,3950,1,F,ZP,CC,D
10:27:31,JSMR,RG,3950,2,F,ZP,CC,D
10:26:55,JSMR,RG,3950,4,D,KK,CC,D
10:24:50,JSMR,RG,3950,2,D,YP,CC,D
10:23:16,JSMR,RG,3950,7,F,CS,CC,D
10:23:15,JSMR,RG,3950,11,F,CS,CC,D
10:23:15,JSMR,RG,3950,8,F,CS,CC,D
10:23:15,JSMR,RG,3950,50,D,YB,CC,D
10:23:15,JSMR,RG,3950,50,D,YB,CC,D
10:23:15,JSMR,RG,3950,1,D,BB,CC,D
10:23:15,JSMR,RG,3950,8,F,BK,CC,D
10:23:15,JSMR,RG,3950,7,F,CS,CC,D
10:23:15,JSMR,RG,3950,1,F,CS,CC,D
10:23:15,JSMR,RG,3950,4,F,CS,CC,D
10:23:15,JSMR,RG,3950,8,F,ZP,CC,D
10:23:15,JSMR,RG,3950,31,D,AK,CC,D
10:22:30,JSMR,RG,3950,2,D,AK,YU,D
10:22:30,JSMR,RG,3950,8,D,AK,YU,D
10:22:17,JSMR,RG,3950,18,D,AK,CS,D
10:22:16,JSMR,RG,3950,4,D,AK,ZP,F
10:22:16,JSMR,RG,3950,2,D,TF,ZP,F
10:22:16,JSMR,RG,3950,1,D,PD,ZP,F
10:22:16,JSMR,RG,3950,1,D,AT,ZP,F
10:22:16,JSMR,RG,3950,2,F,CS,ZP,F
10:22:16,JSMR,RG,3950,2,F,CS,ZP,F
10:22:16,JSMR,RG,3950,4,F,CS,ZP,F
10:22:16,JSMR,RG,3950,2,D,PD,ZP,F
10:22:16,JSMR,RG,3950,31,D,AK,ZP,F
10:22:16,JSMR,RG,3950,65,D,LG,ZP,F
10:22:16,JSMR,RG,3950,5,D,YP,ZP,F
10:22:16,JSMR,RG,3950,6,F,CS,ZP,F
10:22:16,JSMR,RG,3950,1,D,BB,ZP,F
10:22:16,JSMR,RG,3950,3,D,PD,ZP,F
10:22:16,JSMR,RG,3950,41,D,AK,ZP,F
10:22:16,JSMR,RG,3950,40,D,AK,ZP,F
10:22:16,JSMR,RG,3950,7,F,ZP,ZP,F
10:22:16,JSMR,RG,3950,383,D,ZP,ZP,F
10:22:16,JSMR,RG,3950,117,D,ZP,ZP,D
10:22:16,JSMR,RG,3950,5,F,CS,ZP,D
10:22:16,JSMR,RG,3950,35,D,AK,ZP,D
10:22:16,JSMR,RG,3950,15,D,YP,ZP,D
10:22:16,JSMR,RG,3950,1,F,ZP,ZP,D
10:22:16,JSMR,RG,3950,27,D,EP,ZP,D
10:22:15,JSMR,RG,3960,11,D,AK,ZP,D
10:22:15,JSMR,RG,3960,10,D,AK,LG,D
10:22:15,JSMR,RG,3960,19,D,AK,OD,D
10:22:09,JSMR,RG,3960,35,D,PD,OD,D
10:21:05,JSMR,RG,3960,6,D,EP,OD,D
10:20:00,JSMR,RG,3960,36,D,AK,OD,D
10:18:20,JSMR,RG,3960,1,D,BB,OD,D
10:17:30,JSMR,RG,3950,10,D,EP,YU,D
10:17:15,JSMR,RG,3960,28,D,AK,OD,D
10:14:46,JSMR,RG,3960,1,D,ZP,OD,D
10:13:45,JSMR,RG,3960,35,D,AK,OD,D
10:12:30,JSMR,RG,3950,9,D,EP,YU,D
10:12:11,JSMR,RG,3960,34,D,PD,OD,D
10:12:00,JSMR,RG,3960,28,D,AK,OD,D
10:08:45,JSMR,RG,3950,9,D,EP,YU,D
10:06:43,JSMR,RG,3950,12,D,EP,PD,D
10:06:15,JSMR,RG,3950,9,D,EP,YU,D
10:05:42,JSMR,RG,3960,32,D,PD,OD,D
10:05:42,JSMR,RG,3960,3,D,PD,CS,D
10:04:20,JSMR,RG,3950,21,D,EP,SQ,D
10:00:46,JSMR,RG,3950,9,D,EP,CS,D
10:00:46,JSMR,RG,3950,1,D,EP,CS,D
10:00:46,JSMR,RG,3950,5,D,EP,YU,D
10:00:46,JSMR,RG,3950,5,D,EP,CS,D
10:00:46,JSMR,RG,3950,2,D,EP,CS,D
10:00:46,JSMR,RG,3950,2,D,EP,CS,D
10:00:46,JSMR,RG,3950,120,D,EP,ZP,F
10:00:46,JSMR,RG,3950,12,D,EP,ZP,D
9:59:23,JSMR,RG,3950,1,F,CS,ZP,D
9:59:22,JSMR,RG,3950,2,F,CS,ZP,D
9:59:22,JSMR,RG,3950,6,F,CS,ZP,D
9:59:22,JSMR,RG,3950,6,F,CS,ZP,D
9:59:22,JSMR,RG,3950,1,D,PD,ZP,D
9:59:22,JSMR,RG,3950,9,D,EP,ZP,D
9:59:22,JSMR,RG,3950,1,D,BB,ZP,D
9:59:22,JSMR,RG,3950,2,F,CS,ZP,D
9:59:07,JSMR,RG,3950,2,F,CS,XC,D
9:59:05,JSMR,RG,3960,1,D,PD,PD,D
9:58:59,JSMR,RG,3950,5,F,CS,XA,D
9:58:59,JSMR,RG,3950,1,F,ZP,XA,D
9:58:59,JSMR,RG,3950,14,D,AG,XA,D
9:56:39,JSMR,RG,3950,3,D,AG,PD,D
9:56:39,JSMR,RG,3950,11,D,AG,CC,D
9:56:39,JSMR,RG,3950,5,D,AG,YU,D
9:56:39,JSMR,RG,3950,1,D,AG,XC,D
9:56:39,JSMR,RG,3950,3,D,AG,CS,D
9:56:39,JSMR,RG,3950,4,D,AG,YU,D
9:56:39,JSMR,RG,3950,5,D,AG,YU,D
9:56:39,JSMR,RG,3950,4,D,AG,CS,D
9:55:49,JSMR,RG,3950,2,D,PD,CS,D
9:55:49,JSMR,RG,3950,18,D,PD,ZP,F
9:54:15,JSMR,RG,3950,2,F,ZP,ZP,F
9:54:14,JSMR,RG,3950,1,D,DX,ZP,F
9:54:14,JSMR,RG,3950,8,F,CS,ZP,F
9:54:14,JSMR,RG,3950,40,D,AK,ZP,F
9:54:14,JSMR,RG,3950,10,D,SQ,ZP,F
9:54:14,JSMR,RG,3950,1,D,YP,ZP,F
9:54:14,JSMR,RG,3950,1,D,BB,ZP,F
9:54:14,JSMR,RG,3950,4,F,CS,ZP,F
9:54:14,JSMR,RG,3950,2,F,ZP,ZP,F
9:54:14,JSMR,RG,3950,10,D,XC,ZP,F
9:54:14,JSMR,RG,3950,1,D,YP,ZP,F
9:54:14,JSMR,RG,3950,82,D,AG,ZP,F
9:54:14,JSMR,RG,3950,18,D,AG,ZP,D
9:54:14,JSMR,RG,3950,5,D,AZ,ZP,D
9:54:14,JSMR,RG,3950,1,D,PD,ZP,D
9:54:14,JSMR,RG,3950,5,D,YP,ZP,D
9:54:14,JSMR,RG,3950,25,D,OD,ZP,D
9:54:14,JSMR,RG,3950,5,D,KK,ZP,D
9:54:14,JSMR,RG,3950,1,D,EP,ZP,D
9:53:06,JSMR,RG,3960,1,D,YU,BK,F
9:52:30,JSMR,RG,3950,5,D,EP,YU,D
9:52:30,JSMR,RG,3950,5,D,CC,YU,D
9:52:24,JSMR,RG,3960,1,D,PD,BK,F
9:52:24,JSMR,RG,3960,3,D,PD,CS,D
9:52:24,JSMR,RG,3960,4,D,PD,CS,D
9:52:24,JSMR,RG,3960,26,D,PD,ZP,F
9:50:37,JSMR,RG,3960,1,D,YP,ZP,F
9:50:05,JSMR,RG,3960,7,F,CS,ZP,F
9:50:04,JSMR,RG,3960,3,F,CS,ZP,F
9:50:04,JSMR,RG,3960,2,F,CS,ZP,F
9:50:04,JSMR,RG,3960,7,F,CS,ZP,F
9:50:04,JSMR,RG,3960,1,D,BB,ZP,F
9:50:04,JSMR,RG,3960,1,F,CS,ZP,F
9:50:04,JSMR,RG,3960,20,F,ZP,ZP,F
9:50:04,JSMR,RG,3960,2,F,CS,ZP,F
9:50:04,JSMR,RG,3960,2,F,ZP,ZP,F
9:50:04,JSMR,RG,3960,38,D,AK,ZP,F
9:50:04,JSMR,RG,3960,10,D,AK,ZP,F
9:50:04,JSMR,RG,3960,40,D,AK,ZP,D
9:50:01,JSMR,RG,3970,8,D,SQ,AT,D
9:50:01,JSMR,RG,3970,10,D,SQ,PD,D
9:50:01,JSMR,RG,3970,5,D,SQ,DH,D
9:50:01,JSMR,RG,3970,2,D,SQ,YP,D
9:49:54,JSMR,RG,3960,10,F,CS,ZP,F
9:49:54,JSMR,RG,3960,11,F,CS,ZP,F
9:49:54,JSMR,RG,3960,3,F,ZP,ZP,F
9:49:54,JSMR,RG,3960,1,D,YP,ZP,F
9:49:54,JSMR,RG,3960,4,D,XC,ZP,F
9:49:54,JSMR,RG,3960,4,F,CS,ZP,F
9:49:54,JSMR,RG,3960,14,F,ZP,ZP,F
9:49:54,JSMR,RG,3960,3,D,PD,ZP,F
9:49:54,JSMR,RG,3960,2,D,EP,ZP,F
9:49:54,JSMR,RG,3960,2,F,ZP,ZP,F
9:49:54,JSMR,RG,3960,1,D,XC,ZP,F
9:49:54,JSMR,RG,3960,35,D,AK,ZP,F
9:49:54,JSMR,RG,3960,36,D,AK,ZP,F
9:49:54,JSMR,RG,3960,7,F,CS,ZP,F
9:49:54,JSMR,RG,3960,3,F,ZP,ZP,F
9:49:54,JSMR,RG,3960,1,D,BB,ZP,F
9:49:54,JSMR,RG,3960,10,F,CS,ZP,F
9:49:54,JSMR,RG,3960,33,D,HP,ZP,F
9:49:54,JSMR,RG,3960,17,D,HP,ZP,D
9:49:54,JSMR,RG,3960,1,D,KK,ZP,D
9:49:54,JSMR,RG,3960,37,D,AK,ZP,D
9:49:54,JSMR,RG,3960,2,D,YP,ZP,D
9:49:54,JSMR,RG,3960,3,D,CC,ZP,D
9:49:19,JSMR,RG,3960,2,D,CC,LG,D
9:49:19,JSMR,RG,3960,6,F,CS,LG,D
9:47:30,JSMR,RG,3960,6,F,CS,YU,D
9:47:30,JSMR,RG,3960,3,D,PD,YU,D
9:47:10,JSMR,RG,3970,3,D,PD,YP,D
9:46:38,JSMR,RG,3960,27,D,PD,YP,D
9:46:38,JSMR,RG,3960,1,F,ZP,YP,D
9:46:38,JSMR,RG,3960,19,D,YP,YP,D
9:44:45,JSMR,RG,3960,1,D,YP,EP,D
9:43:21,JSMR,RG,3960,3,F,CS,EP,D
9:42:30,JSMR,RG,3960,1,F,CS,YU,D
9:42:30,JSMR,RG,3960,3,D,TF,YU,D
9:42:30,JSMR,RG,3960,5,D,AK,YU,D
9:42:27,JSMR,RG,3960,1,D,AK,XC,D
9:41:21,JSMR,RG,3960,28,D,AK,OD,D
9:41:21,JSMR,RG,3960,10,D,EP,OD,D
9:41:21,JSMR,RG,3960,1,D,PD,OD,D
9:41:21,JSMR,RG,3960,15,D,AK,OD,D
9:40:35,JSMR,RG,3960,16,D,AK,XC,D
9:40:35,JSMR,RG,3960,2,F,CS,XC,D
9:40:35,JSMR,RG,3960,2,F,CS,XC,D
9:40:35,JSMR,RG,3960,1,F,CS,XC,D
9:40:35,JSMR,RG,3960,1,F,CS,XC,D
9:40:35,JSMR,RG,3960,1,F,ZP,XC,D
9:39:53,JSMR,RG,3960,1,D,BB,XC,D
9:39:53,JSMR,RG,3960,1,F,CS,XC,D
9:39:53,JSMR,RG,3960,1,D,DR,XC,D
9:38:20,JSMR,RG,3960,10,D,DR,YU,D
9:33:43,JSMR,RG,3960,1,D,DR,XC,D
9:32:04,JSMR,RG,3960,1,D,DR,AZ,D
9:32:04,JSMR,RG,3960,1,F,ZP,AZ,D
9:31:34,JSMR,RG,3960,1,D,BB,XC,D
9:29:52,JSMR,RG,3960,30,D,AK,AK,F
9:29:52,JSMR,RG,3960,9,D,AK,AK,F
9:29:52,JSMR,RG,3960,69,D,AK,AK,F
9:29:52,JSMR,RG,3960,10,F,CS,AK,F
9:29:51,JSMR,RG,3960,4,F,CS,SQ,D
9:29:51,JSMR,RG,3960,2,F,ZP,SQ,D
9:29:51,JSMR,RG,3960,4,D,SQ,SQ,D
9:29:11,JSMR,RG,3960,118,D,SQ,AK,F
9:29:10,JSMR,RG,3960,118,D,SQ,AK,F
9:29:09,JSMR,RG,3960,118,D,SQ,AK,F
9:28:42,JSMR,RG,3960,70,D,SQ,AK,F
9:28:42,JSMR,RG,3960,70,D,SQ,AK,F
9:28:42,JSMR,RG,3960,5,D,SQ,YP,D
9:28:42,JSMR,RG,3960,10,D,SQ,BK,F
9:28:42,JSMR,RG,3960,5,D,SQ,CS,D
9:28:42,JSMR,RG,3960,1,D,SQ,CS,D
9:28:42,JSMR,RG,3960,4,D,SQ,CS,D
9:28:42,JSMR,RG,3960,23,D,SQ,PD,D
9:28:42,JSMR,RG,3960,1,D,SQ,XC,D
9:27:58,JSMR,RG,3960,2,F,CS,MG,D
9:27:58,JSMR,RG,3960,3,F,CS,CS,D
9:27:58,JSMR,RG,3960,1,F,CS,BK,F
9:27:57,JSMR,RG,3960,10,D,YP,BK,F
9:27:36,JSMR,RG,3960,8,D,PD,BK,F
9:27:36,JSMR,RG,3960,7,D,PD,ZP,D
9:27:32,JSMR,RG,3960,1,F,CS,ZP,D
9:27:31,JSMR,RG,3960,1,F,ZP,ZP,D
9:27:31,JSMR,RG,3960,1,F,CS,ZP,D
9:26:36,JSMR,RG,3960,38,D,AK,AK,F
9:26:36,JSMR,RG,3960,71,D,CC,AK,F
9:26:36,JSMR,RG,3960,3,D,YP,AK,F
9:26:36,JSMR,RG,3960,1,F,CS,AK,F
9:26:36,JSMR,RG,3960,1,F,ZP,AK,F
9:26:11,JSMR,RG,3960,1,F,ZP,PC,D
9:25:15,JSMR,RG,3960,1,D,AK,CS,D
9:25:15,JSMR,RG,3960,3,D,AK,CS,D
9:25:15,JSMR,RG,3960,4,D,AK,YU,D
9:25:15,JSMR,RG,3960,1,D,AK,BK,F
9:25:01,JSMR,RG,3960,9,F,CS,BK,F
9:25:01,JSMR,RG,3960,3,F,CS,CS,D
9:25:01,JSMR,RG,3960,5,F,CS,YU,D
9:23:36,JSMR,RG,3950,1,F,ZP,XA,D
9:23:36,JSMR,RG,3950,1,D,XC,XA,D
9:21:43,JSMR,RG,3950,1,F,CS,DH,D
9:20:35,JSMR,RG,3950,4,D,PD,DH,D
9:20:35,JSMR,RG,3950,1,D,PD,CS,D
9:20:35,JSMR,RG,3950,2,D,PD,YU,D
9:20:20,JSMR,RG,3940,89,F,BK,AH,D
9:20:20,JSMR,RG,3940,110,F,BK,AH,D
9:20:20,JSMR,RG,3940,1,F,ZP,AH,D
9:20:00,JSMR,RG,3950,2,F,CS,YU,D
9:19:45,JSMR,RG,3970,4,F,BK,AG,D
9:19:45,JSMR,RG,3970,3,F,BK,XC,D
9:19:45,JSMR,RG,3970,1,F,BK,YP,D
9:19:45,JSMR,RG,3970,4,F,BK,YP,D
9:19:40,JSMR,RG,3960,14,F,BK,AG,D
9:19:35,JSMR,RG,3950,5,F,BK,PD,D
9:19:31,JSMR,RG,3950,2,F,CS,PD,D
9:19:30,JSMR,RG,3940,6,F,AK,PD,D
9:19:30,JSMR,RG,3940,70,F,AK,YU,D
9:19:30,JSMR,RG,3930,12,D,SQ,CS,D
9:19:30,JSMR,RG,3930,5,D,SQ,YU,D
9:19:30,JSMR,RG,3930,10,D,SQ,YU,D
9:19:30,JSMR,RG,3930,11,D,SQ,CS,D
9:19:30,JSMR,RG,3930,7,D,SQ,CS,D
9:19:30,JSMR,RG,3930,6,D,SQ,KK,D
9:19:30,JSMR,RG,3930,2,D,SQ,CS,D
9:19:30,JSMR,RG,3930,8,D,SQ,CC,D
9:19:30,JSMR,RG,3930,5,D,SQ,YU,D
9:19:30,JSMR,RG,3930,3,D,SQ,CS,D
9:19:30,JSMR,RG,3930,5,D,SQ,CS,D
9:19:30,JSMR,RG,3930,1,D,SQ,CS,D
9:19:30,JSMR,RG,3930,1,D,SQ,CS,D
9:19:30,JSMR,RG,3930,2,D,SQ,CS,D
9:19:30,JSMR,RG,3930,9,D,SQ,CS,D
9:19:30,JSMR,RG,3930,4,D,SQ,YU,D
9:19:30,JSMR,RG,3930,10,D,SQ,CS,D
9:19:30,JSMR,RG,3930,1,D,SQ,CS,D
9:19:30,JSMR,RG,3930,11,D,SQ,CS,D
9:19:30,JSMR,RG,3930,340,D,SQ,MU,D
9:19:25,JSMR,RG,3930,1,D,CC,MU,D
9:18:56,JSMR,RG,3930,18,F,CS,MU,D
9:18:51,JSMR,RG,3930,25,D,OD,MU,D
9:18:36,JSMR,RG,3920,124,F,BK,PD,D
9:17:45,JSMR,RG,3930,1,D,PD,MU,D
9:17:09,JSMR,RG,3930,1,D,SQ,MU,D
9:16:54,JSMR,RG,3930,100,F,YP,MU,D
9:16:20,JSMR,RG,3930,1,D,YP,MU,D
9:15:59,JSMR,RG,3930,118,F,AK,MU,D
9:15:53,JSMR,RG,3930,118,F,AK,MU,D
9:15:52,JSMR,RG,3930,40,F,AK,MU,D
9:15:51,JSMR,RG,3930,40,F,AK,MU,D
9:15:50,JSMR,RG,3930,7,F,CS,MU,D
9:15:50,JSMR,RG,3930,1,F,CS,MU,D
9:15:50,JSMR,RG,3930,8,F,CS,MU,D
9:15:50,JSMR,RG,3930,6,F,CS,MU,D
9:15:50,JSMR,RG,3930,7,F,CS,MU,D
9:15:47,JSMR,RG,3930,7,D,NI,MU,D
9:15:42,JSMR,RG,3930,5,D,PD,MU,D
9:15:21,JSMR,RG,3920,27,F,BK,CS,D
9:14:45,JSMR,RG,3920,1,F,BK,XC,D
9:13:47,JSMR,RG,3920,2,F,BK,EP,D
9:13:20,JSMR,RG,3920,1,F,BK,AT,D
9:12:21,JSMR,RG,3920,20,F,BK,XC,D
9:11:18,JSMR,RG,3920,7,F,BK,XC,D
9:11:18,JSMR,RG,3930,2,D,CC,MU,D
9:11:01,JSMR,RG,3930,11,D,XC,MU,D
9:10:11,JSMR,RG,3930,2,D,YU,MU,D
9:09:16,JSMR,RG,3930,1,D,OD,MU,D
9:09:04,JSMR,RG,3930,3,D,YP,MU,D
9:08:52,JSMR,RG,3920,1,F,BK,XC,D
9:08:17,JSMR,RG,3920,1,F,BK,XC,D
9:08:17,JSMR,RG,3920,1,F,ZP,XC,D
9:08:00,JSMR,RG,3920,5,D,LG,CS,D
9:07:37,JSMR,RG,3930,20,D,PD,MU,D
9:07:03,JSMR,RG,3910,2,D,PD,XC,D
9:06:34,JSMR,RG,3920,1,F,AK,XC,D
9:06:31,JSMR,RG,3930,5,D,YP,MU,D
9:06:14,JSMR,RG,3920,1,F,AK,PD,D
9:06:11,JSMR,RG,3930,5,D,PD,MU,D
9:06:05,JSMR,RG,3920,2,F,BK,CS,D
9:06:05,JSMR,RG,3920,10,F,BK,AT,D
9:05:57,JSMR,RG,3930,1,D,PD,MU,D
9:05:49,JSMR,RG,3920,1,F,ZP,BK,F
9:05:49,JSMR,RG,3920,1,F,ZP,BK,F
9:05:47,JSMR,RG,3910,14,D,PD,BK,F
9:05:47,JSMR,RG,3910,10,D,DR,BK,F
9:05:45,JSMR,RG,3920,20,F,CS,AK,F
9:05:45,JSMR,RG,3920,2,F,ZP,AK,F
9:05:45,JSMR,RG,3920,25,D,YP,AK,F
9:05:45,JSMR,RG,3920,8,D,NI,AK,F
9:05:43,JSMR,RG,3920,4,D,NI,AK,F
9:05:43,JSMR,RG,3920,1,D,KK,AK,F
9:05:43,JSMR,RG,3920,1,D,AZ,AK,F
9:05:43,JSMR,RG,3920,1,D,MG,AK,F
9:05:43,JSMR,RG,3920,1,D,YP,AK,F
9:05:43,JSMR,RG,3920,5,D,KK,AK,F
9:05:43,JSMR,RG,3920,10,D,DR,AK,F
9:05:43,JSMR,RG,3920,10,D,NI,AK,F
9:05:43,JSMR,RG,3920,1,D,YP,AK,F
9:05:43,JSMR,RG,3920,6,D,CC,AK,F
9:05:42,JSMR,RG,3920,14,D,CC,AK,F
9:05:42,JSMR,RG,3920,100,D,CC,AK,F
9:05:42,JSMR,RG,3920,1,D,PD,AK,F
9:05:42,JSMR,RG,3920,2,D,PD,AK,F
9:05:42,JSMR,RG,3920,1,D,PD,AK,F
9:05:42,JSMR,RG,3930,42,D,AK,MU,D
9:05:42,JSMR,RG,3930,6,F,ZP,MU,D
9:05:42,JSMR,RG,3930,1,F,ZP,MU,D
9:05:42,JSMR,RG,3930,255,D,OD,MU,D
9:05:42,JSMR,RG,3930,1,F,ZP,MU,D
9:05:42,JSMR,RG,3930,50,D,DH,MU,D
9:05:42,JSMR,RG,3930,1,D,CC,MU,D
9:05:42,JSMR,RG,3930,5,D,KK,MU,D
9:05:42,JSMR,RG,3930,3,D,CC,MU,D
9:05:42,JSMR,RG,3930,5,D,AT,MU,D
9:05:42,JSMR,RG,3930,100,D,ZP,MU,D
9:05:42,JSMR,RG,3930,1,D,NI,MU,D
9:05:42,JSMR,RG,3930,1,D,NI,MU,D
9:05:42,JSMR,RG,3930,1,D,KK,MU,D
9:05:42,JSMR,RG,3930,10,D,SQ,MU,D
9:05:42,JSMR,RG,3930,10,D,CC,MU,D
9:05:42,JSMR,RG,3930,1,D,CC,MU,D
9:05:42,JSMR,RG,3930,1,D,PD,MU,D
9:05:42,JSMR,RG,3930,30,D,PD,MU,D
9:05:42,JSMR,RG,3930,5,D,PD,MU,D
9:05:42,JSMR,RG,3930,300,D,YP,MU,D
9:05:42,JSMR,RG,3930,1,D,MG,MU,D
9:05:42,JSMR,RG,3930,1,D,CC,MU,D
9:05:42,JSMR,RG,3930,10,D,NI,MU,D
9:05:42,JSMR,RG,3930,1,D,YP,MU,D
9:05:42,JSMR,RG,3930,20,D,CC,MU,D
9:05:42,JSMR,RG,3930,10,D,CC,MU,D
9:05:42,JSMR,RG,3930,2,D,AT,MU,D
9:05:42,JSMR,RG,3930,10,D,AT,MU,D
9:05:42,JSMR,RG,3930,10,D,GR,MU,D
9:05:42,JSMR,RG,3930,3,D,PD,MU,D
9:05:42,JSMR,RG,3930,10,D,PD,MU,D
9:05:42,JSMR,RG,3930,5,D,PD,MU,D
9:05:42,JSMR,RG,3930,2,D,PD,MU,D
9:05:42,JSMR,RG,3930,1,D,PD,MU,D
9:05:42,JSMR,RG,3930,1,D,PD,MU,D
9:05:42,JSMR,RG,3930,19,D,DR,MU,D
9:05:35,JSMR,RG,3930,6,D,DR,EP,D
9:05:35,JSMR,RG,3930,1,D,YB,EP,D
9:05:35,JSMR,RG,3930,5,D,KK,EP,D
9:05:35,JSMR,RG,3930,6,D,XC,EP,D
9:05:35,JSMR,RG,3930,12,D,YB,EP,D
9:05:09,JSMR,RG,3940,1,F,ZP,AK,F
9:05:09,JSMR,RG,3940,10,D,YP,AK,F
9:05:09,JSMR,RG,3940,17,D,AK,AK,F
9:05:07,JSMR,RG,3940,20,D,AK,AG,D
9:05:07,JSMR,RG,3940,1,D,BB,AG,D
9:05:07,JSMR,RG,3940,14,F,CS,AG,D
9:05:07,JSMR,RG,3940,37,D,AK,AG,D
9:05:07,JSMR,RG,3940,1,F,ZP,AG,D
9:05:07,JSMR,RG,3940,15,D,KK,AG,D
9:05:07,JSMR,RG,3940,1,D,CC,AG,D
9:05:07,JSMR,RG,3940,1,F,CS,AG,D
9:05:07,JSMR,RG,3940,10,D,SQ,AG,D
9:04:54,JSMR,RG,3940,20,D,SQ,CP,D
9:04:45,JSMR,RG,3950,1,D,PD,MU,D
9:04:43,JSMR,RG,3950,50,D,NI,MU,D
9:04:29,JSMR,RG,3950,7,D,AK,MU,D
9:04:29,JSMR,RG,3950,19,D,AK,MU,D
9:04:29,JSMR,RG,3950,1,D,XC,MU,D
9:04:29,JSMR,RG,3950,1,D,CC,MU,D
9:04:29,JSMR,RG,3950,20,D,PD,MU,D
9:04:29,JSMR,RG,3950,10,D,ZP,MU,D
9:04:29,JSMR,RG,3950,1,F,ZP,MU,D
9:04:29,JSMR,RG,3950,1,D,BB,MU,D
9:04:29,JSMR,RG,3950,60,D,AK,MU,D
9:04:27,JSMR,RG,3960,2,F,ZP,AG,D
9:02:51,JSMR,RG,3960,14,D,PD,AG,D
9:02:51,JSMR,RG,3960,1,D,PD,YP,D
9:02:39,JSMR,RG,3960,2,D,KK,YP,D
9:02:37,JSMR,RG,3960,2,D,CP,YP,D
9:02:37,JSMR,RG,3960,6,D,CP,YU,D
9:02:37,JSMR,RG,3960,9,D,CP,CS,D
9:02:37,JSMR,RG,3960,3,D,CP,CS,D
9:02:29,JSMR,RG,3960,1,D,XC,YB,D
9:02:24,JSMR,RG,3960,1,D,YP,YB,D
9:02:19,JSMR,RG,3960,56,D,AK,YB,D
9:02:18,JSMR,RG,3960,10,D,XC,YB,D
9:02:05,JSMR,RG,3960,10,D,YP,YB,D
9:01:58,JSMR,RG,3960,20,D,PD,YB,D
9:01:34,JSMR,RG,3970,1,F,CS,YP,D
9:01:34,JSMR,RG,3960,1,F,CS,CS,D
9:01:33,JSMR,RG,3960,1,F,ZP,CS,D
9:01:33,JSMR,RG,3960,3,F,ZP,CS,D
9:01:32,JSMR,RG,3960,7,D,XC,CS,D
9:01:32,JSMR,RG,3960,5,D,XC,YP,D
9:01:32,JSMR,RG,3960,3,D,XC,CS,D
9:01:32,JSMR,RG,3960,1,D,XC,YP,D
9:01:32,JSMR,RG,3960,4,D,XC,EP,D
9:01:06,JSMR,RG,3950,1,F,CS,YP,D
9:00:57,JSMR,RG,3950,1,F,CS,XC,D
9:00:57,JSMR,RG,3950,6,F,CS,XC,D
9:00:15,JSMR,RG,3940,7,F,AK,CS,D
9:00:15,JSMR,RG,3940,73,F,AK,YB,D
9:00:13,JSMR,RG,3940,1,D,XC,YB,D
9:00:12,JSMR,RG,3940,1,D,XC,YB,D
9:00:12,JSMR,RG,3940,3,D,XC,YB,D
9:00:11,JSMR,RG,3940,1,D,XC,YB,D
9:00:10,JSMR,RG,3940,10,D,AT,YB,D
9:00:10,JSMR,RG,3940,10,D,PD,YB,D
9:00:10,JSMR,RG,3940,1,D,PD,YB,D
9:00:06,JSMR,RG,3940,100,D,YP,YB,D
9:00:03,JSMR,RG,3940,1,D,AI,YP,D
9:00:03,JSMR,RG,3940,1,D,AI,PD,D
9:00:03,JSMR,RG,3940,4,D,AI,EP,D
9:00:03,JSMR,RG,3940,4,D,AI,CC,D
9:00:00,JSMR,RG,3930,6,D,YB,YU,D
8:55:00,JSMR,RG,3940,1,D,CC,CC,D
8:55:00,JSMR,RG,3940,3,D,CC,YP,D
8:55:00,JSMR,RG,3940,11,D,CC,BZ,D
8:55:00,JSMR,RG,3940,6,D,PD,BZ,D
8:55:00,JSMR,RG,3940,2,D,AT,BZ,D
8:55:00,JSMR,RG,3940,2,D,LG,BZ,D
8:55:00,JSMR,RG,3940,2,D,XC,BZ,D
8:55:00,JSMR,RG,3940,15,D,XC,BZ,D
8:55:00,JSMR,RG,3940,1,D,KK,BZ,D
8:55:00,JSMR,RG,3940,7,D,EP,BZ,D
8:55:00,JSMR,RG,3940,24,D,AK,BZ,D
8:55:00,JSMR,RG,3940,7,D,AK,YU,D
8:55:00,JSMR,RG,3940,1,D,AK,YP,D
8:55:00,JSMR,RG,3940,10,D,AK,EP,D
8:55:00,JSMR,RG,3940,1,D,AK,PD,D