Time,Stock,Brd,Price,Qty,BT,BC,SC,ST
15:07:32,JSMR,RG,4000,61,F,ZP,DR,D
15:06:43,JSMR,RG,4000,10,F,ZP,DR,D
15:06:07,JSMR,RG,4000,90,F,ZP,XC,D
15:05:15,JSMR,RG,4000,78,F,ZP,EP,D
15:05:00,JSMR,RG,4000,41,F,ZP,XC,D
15:05:00,JSMR,RG,4000,1,F,ZP,KK,D
15:00:00,JSMR,RG,4000,10,F,ZP,KK,D
15:00:00,JSMR,RG,4000,100,F,ZP,PD,D
15:00:00,JSMR,RG,4000,63,F,ZP,PD,D
15:00:00,JSMR,RG,4000,20,F,ZP,GR,D
15:00:00,JSMR,RG,4000,1,F,ZP,CC,D
15:00:00,JSMR,RG,4000,1024,F,ZP,AG,D
15:00:00,JSMR,RG,4000,10,D,SQ,AG,D
15:00:00,JSMR,RG,4000,5,D,SQ,AG,D
15:00:00,JSMR,RG,4000,10,D,CC,AG,D
15:00:00,JSMR,RG,4000,1,D,XC,AG,D
15:00:00,JSMR,RG,4000,50,D,SQ,AG,D
15:00:00,JSMR,RG,4000,20,D,YP,AG,D
15:00:00,JSMR,RG,4000,10,D,NI,AG,D
15:00:00,JSMR,RG,4000,2,D,PD,AG,D
15:00:00,JSMR,RG,4000,30,D,GR,AG,D
15:00:00,JSMR,RG,4000,40,D,YP,AG,D
15:00:00,JSMR,RG,4000,4,D,PD,AG,D
15:00:00,JSMR,RG,4000,1,D,PD,AG,D
15:00:00,JSMR,RG,4000,5,D,PD,AG,D
15:00:00,JSMR,RG,4000,10,D,CC,AG,D
15:00:00,JSMR,RG,4000,12,D,PD,AG,D
15:00:00,JSMR,RG,4000,266,D,AG,AG,D
15:00:00,JSMR,RG,4000,234,D,AG,CD,D
15:00:00,JSMR,RG,4000,16,D,AG,CD,D
15:00:00,JSMR,RG,4000,484,D,AG,YP,D
15:00:00,JSMR,RG,4000,16,D,AG,YP,D
15:00:00,JSMR,RG,4000,484,D,AG,YP,D
15:00:00,JSMR,RG,4000,500,D,AG,YP,D
15:00:00,JSMR,RG,4000,16,D,AG,YP,D
15:00:00,JSMR,RG,4000,2,D,AG,HP,D
15:00:00,JSMR,RG,4000,20,D,AG,YP,D
15:00:00,JSMR,RG,4000,6,D,AG,PD,D
15:00:00,JSMR,RG,4000,44,D,AG,YP,D
15:00:00,JSMR,RG,4000,36,D,AG,AK,F
15:00:00,JSMR,RG,4000,3,D,AG,NI,D
15:00:00,JSMR,RG,4000,52,D,AG,DR,D
15:00:00,JSMR,RG,4000,47,D,AG,AK,F
15:00:00,JSMR,RG,4000,274,D,AG,RX,F
15:00:00,JSMR,RG,4000,2,D,OD,RX,F
15:00:00,JSMR,RG,4000,25,D,AZ,RX,F
15:00:00,JSMR,RG,4000,10,D,DH,RX,F
15:00:00,JSMR,RG,4000,1,D,XC,RX,F
15:00:00,JSMR,RG,4000,53,D,YP,RX,F
15:00:00,JSMR,RG,4000,6,D,YP,RX,F
15:00:00,JSMR,RG,4000,54,F,BK,RX,F
15:00:00,JSMR,RG,4000,10,F,RX,RX,F
15:00:00,JSMR,RG,4000,62,D,CC,RX,F
15:00:00,JSMR,RG,4000,35,D,CC,KZ,D
15:00:00,JSMR,RG,4000,2,D,CC,ZP,F
15:00:00,JSMR,RG,4000,44,D,CC,LG,D
14:49:29,JSMR,RG,4000,2,D,SQ,CC,D
14:49:29,JSMR,RG,4000,5,D,YP,CC,D
14:49:29,JSMR,RG,4000,3,D,YP,CC,D
14:49:29,JSMR,RG,4000,2,D,NI,CC,D
14:49:29,JSMR,RG,4000,10,D,PD,CC,D
14:49:29,JSMR,RG,4000,200,D,PD,CC,D
14:49:29,JSMR,RG,4000,9,D,SQ,CC,D
14:49:29,JSMR,RG,4000,5,D,CC,CC,D
14:49:29,JSMR,RG,4000,264,F,ZP,CC,D
14:49:25,JSMR,RG,4010,4,D,XC,XA,D
14:49:14,JSMR,RG,4010,18,D,YP,XA,D
14:49:14,JSMR,RG,4010,14,D,YP,CC,F
14:49:14,JSMR,RG,4010,18,D,YP,CC,D
14:49:14,JSMR,RG,4000,1,F,ZP,ZP,F
14:49:07,JSMR,RG,4000,69,F,ZP,RX,F
14:49:03,JSMR,RG,4010,18,F,BK,CC,D
14:49:00,JSMR,RG,4000,26,F,ZP,RX,F
14:48:58,JSMR,RG,4010,7,F,BK,CC,D
14:48:58,JSMR,RG,4000,1000,F,ZP,SQ,D
14:48:54,JSMR,RG,4000,100,F,ZP,ZP,D
14:48:54,JSMR,RG,4000,396,F,ZP,SQ,D
14:48:54,JSMR,RG,4000,10,D,CC,SQ,D
14:48:54,JSMR,RG,4000,5,D,YP,SQ,D
14:48:54,JSMR,RG,4000,10,D,YP,SQ,D
14:48:54,JSMR,RG,4000,1,D,NI,SQ,D
14:48:54,JSMR,RG,4000,10,D,KK,SQ,D
14:48:54,JSMR,RG,4000,2,D,XC,SQ,D
14:48:54,JSMR,RG,4000,1,D,CC,SQ,D
14:48:54,JSMR,RG,4000,2,D,KK,SQ,D
14:48:54,JSMR,RG,4000,20,D,DR,SQ,D
14:48:54,JSMR,RG,4000,5,D,OD,SQ,D
14:48:54,JSMR,RG,4000,5,D,YP,SQ,D
14:48:54,JSMR,RG,4000,1,D,XA,SQ,D
14:48:54,JSMR,RG,4000,10,D,GR,SQ,D
14:48:54,JSMR,RG,4000,50,D,SQ,SQ,D
14:48:54,JSMR,RG,4000,1,D,CC,SQ,D
14:48:54,JSMR,RG,4000,20,D,NI,SQ,D
14:48:54,JSMR,RG,4000,4,D,PD,SQ,D
14:48:54,JSMR,RG,4000,4,D,PD,SQ,D
14:48:54,JSMR,RG,4000,3,D,PD,SQ,D
14:48:54,JSMR,RG,4000,5,D,YP,SQ,D
14:48:54,JSMR,RG,4000,1,D,PD,SQ,D
14:48:54,JSMR,RG,4000,1,D,YP,SQ,D
14:48:54,JSMR,RG,4000,6,D,PD,SQ,D
14:48:54,JSMR,RG,4000,1,D,PD,SQ,D
14:48:54,JSMR,RG,4000,5,D,GR,SQ,D
14:48:54,JSMR,RG,4000,102,D,CC,SQ,D
14:48:54,JSMR,RG,4000,198,D,CC,IT,D
14:48:54,JSMR,RG,4000,50,D,GR,IT,D
14:48:54,JSMR,RG,4000,1,D,YP,IT,D
14:48:54,JSMR,RG,4000,20,D,HP,IT,D
14:48:54,JSMR,RG,4000,250,D,AZ,IT,D
14:48:54,JSMR,RG,4000,481,F,ZP,IT,D
14:48:46,JSMR,RG,4000,48,F,ZP,RX,F
14:48:43,JSMR,RG,4010,5,D,PD,CC,D
14:48:23,JSMR,RG,4000,20,F,ZP,RX,F
14:48:21,JSMR,RG,4000,3,F,ZP,DR,D
14:48:14,JSMR,RG,4000,8,F,ZP,YP,D
14:48:13,JSMR,RG,4000,23,F,ZP,RX,F
14:48:12,JSMR,RG,4000,1,F,ZP,DR,D
14:48:11,JSMR,RG,4000,2,F,ZP,DR,D
14:48:05,JSMR,RG,4000,1,F,ZP,XC,D
14:48:04,JSMR,RG,4010,2,D,KZ,CC,D
14:48:04,JSMR,RG,4010,5,D,KZ,RX,F
14:47:59,JSMR,RG,4000,22,F,ZP,RX,F
14:47:57,JSMR,RG,4000,12,F,ZP,AK,F
14:47:48,JSMR,RG,4000,3,F,ZP,CC,D
14:47:48,JSMR,RG,4000,22,F,ZP,RX,F
14:47:44,JSMR,RG,4000,7,F,ZP,CS,D
14:47:42,JSMR,RG,4000,320,F,ZP,SQ,D
14:47:37,JSMR,RG,4000,27,F,ZP,RX,F
14:47:33,JSMR,RG,4000,23,F,ZP,CS,D
14:47:24,JSMR,RG,4000,41,F,ZP,RX,F
14:47:22,JSMR,RG,4000,9,F,ZP,RX,F
14:47:13,JSMR,RG,4000,46,F,ZP,CS,D
14:46:59,JSMR,RG,4000,24,F,ZP,RX,F
14:46:48,JSMR,RG,4010,5,D,NI,RX,F
14:46:45,JSMR,RG,4000,40,F,ZP,RX,F
14:46:39,JSMR,RG,4010,10,D,PD,RX,F
14:46:21,JSMR,RG,4000,22,F,ZP,RX,F
14:46:16,JSMR,RG,4000,7,F,ZP,CC,D
14:46:00,JSMR,RG,4010,28,D,CD,RX,F
14:46:00,JSMR,RG,4010,8,D,CD,CS,D
14:46:00,JSMR,RG,4010,9,D,CD,ZP,F
14:46:00,JSMR,RG,4010,55,D,CD,SQ,D
14:45:54,JSMR,RG,4010,7,D,KZ,SQ,D
14:45:29,JSMR,RG,4010,50,D,NI,SQ,D
14:45:26,JSMR,RG,4010,288,D,YP,SQ,D
14:45:26,JSMR,RG,4010,500,D,YP,DR,D
14:45:26,JSMR,RG,4010,51,D,YP,RX,F
14:45:26,JSMR,RG,4010,105,D,YP,CS,D
14:45:26,JSMR,RG,4010,56,D,YP,DR,D
14:45:22,JSMR,RG,4000,27,F,ZP,RX,F
14:45:08,JSMR,RG,4000,10,F,ZP,YP,D
14:45:08,JSMR,RG,4000,10,D,XC,YP,D
14:45:08,JSMR,RG,4000,4,D,YP,YP,D
14:45:08,JSMR,RG,4000,5,D,YP,YP,D
14:45:08,JSMR,RG,4000,10,D,CC,YP,D
14:45:08,JSMR,RG,4000,1,D,NI,YP,D
14:45:08,JSMR,RG,4000,1,D,NI,YP,D
14:45:08,JSMR,RG,4000,36,D,II,YP,D
14:45:07,JSMR,RG,4000,33,D,II,RX,F
14:44:56,JSMR,RG,4010,42,D,CC,DR,D
14:44:50,JSMR,RG,4000,20,D,II,YP,D
14:44:48,JSMR,RG,4000,11,D,II,CC,D
14:44:48,JSMR,RG,4000,2,D,SQ,CC,D
14:44:48,JSMR,RG,4000,25,D,OD,CC,D
14:44:47,JSMR,RG,4000,20,D,HP,RX,F
14:44:47,JSMR,RG,4000,8,D,GR,RX,F
14:44:30,JSMR,RG,4000,2,D,GR,CS,D
14:44:30,JSMR,RG,4000,5,D,NI,CS,D
14:44:30,JSMR,RG,4000,10,D,YP,CS,D
14:44:30,JSMR,RG,4000,10,D,XC,CS,D
14:44:30,JSMR,RG,4000,2,D,YP,CS,D
14:44:30,JSMR,RG,4000,2,D,XC,CS,D
14:44:30,JSMR,RG,4000,4,D,PD,CS,D
14:44:30,JSMR,RG,4000,1,D,NI,CS,D
14:44:30,JSMR,RG,4000,55,D,NI,CS,D
14:44:27,JSMR,RG,4000,43,D,NI,RX,F
14:44:22,JSMR,RG,4000,2,D,NI,CC,D
14:44:22,JSMR,RG,4000,50,D,GR,CC,D
14:44:22,JSMR,RG,4000,20,D,CC,CC,D
14:44:22,JSMR,RG,4000,3,D,EP,CC,D
14:44:22,JSMR,RG,4000,5,D,TP,CC,D
14:44:22,JSMR,RG,4000,50,D,DX,CC,D
14:44:22,JSMR,RG,4000,100,D,YP,CC,D
14:44:22,JSMR,RG,4000,10,D,PD,CC,D
14:44:22,JSMR,RG,4000,1,D,DH,CC,D
14:44:22,JSMR,RG,4000,1,D,KK,CC,D
14:44:22,JSMR,RG,4000,2,D,DR,CC,D
14:44:22,JSMR,RG,4000,5,D,OD,CC,D
14:44:22,JSMR,RG,4000,1,D,DR,CC,D
14:44:22,JSMR,RG,4000,500,D,BQ,CC,D
14:44:13,JSMR,RG,4010,150,D,OD,DR,D
14:44:07,JSMR,RG,4000,2,D,XC,RX,F
14:44:07,JSMR,RG,4000,24,D,MG,RX,F
14:43:58,JSMR,RG,4000,13,D,MG,CC,D
14:43:52,JSMR,RG,4010,74,D,CC,DR,D
14:43:50,JSMR,RG,4000,30,D,MG,RX,F
14:43:41,JSMR,RG,4000,9,D,MG,ZP,F
14:43:41,JSMR,RG,4000,5,D,MG,XC,D
14:43:38,JSMR,RG,4010,1,D,XC,DR,D
14:43:32,JSMR,RG,4000,19,D,MG,CC,D
14:43:32,JSMR,RG,4000,3,D,YP,CC,D
14:43:32,JSMR,RG,4000,5,D,PD,CC,D
14:43:32,JSMR,RG,4000,10,D,PD,CC,D
14:43:29,JSMR,RG,4000,20,D,CC,RX,F
14:43:29,JSMR,RG,4000,1,D,PD,RX,F
14:43:29,JSMR,RG,4000,5,D,AZ,RX,F
14:43:21,JSMR,RG,4000,6,D,AZ,YP,D
14:43:11,JSMR,RG,4000,14,D,AZ,RX,F
14:43:11,JSMR,RG,4000,1,D,YU,RX,F
14:43:11,JSMR,RG,4000,12,D,AZ,RX,F
14:43:11,JSMR,RG,4000,2,D,KK,RX,F
14:42:51,JSMR,RG,4000,13,D,KK,RX,F
14:42:51,JSMR,RG,4000,3,D,TP,RX,F
14:42:51,JSMR,RG,4000,1,D,PD,RX,F
14:42:51,JSMR,RG,4000,2,D,YP,RX,F
14:42:51,JSMR,RG,4000,3,D,PD,RX,F
14:42:51,JSMR,RG,4000,2,D,YP,RX,F
14:42:51,JSMR,RG,4000,1,D,EP,RX,F
14:42:51,JSMR,RG,4000,1,D,YU,RX,F
14:42:51,JSMR,RG,4000,10,D,YP,RX,F
14:42:51,JSMR,RG,4000,2,D,XC,RX,F
14:42:51,JSMR,RG,4000,2,D,YP,RX,F
14:42:51,JSMR,RG,4000,5,D,YP,RX,F
14:42:51,JSMR,RG,4000,3,D,OD,RX,F
14:42:51,JSMR,RG,4000,8,D,EP,RX,F
14:42:41,JSMR,RG,4000,17,D,EP,SQ,D
14:42:41,JSMR,RG,4000,1,D,YB,SQ,D
14:42:41,JSMR,RG,4000,5,D,YU,SQ,D
14:42:41,JSMR,RG,4000,3,D,YP,SQ,D
14:42:41,JSMR,RG,4000,10,D,CC,SQ,D
14:42:41,JSMR,RG,4000,200,D,CC,SQ,D
14:42:41,JSMR,RG,4000,1,D,XC,SQ,D
14:42:41,JSMR,RG,4000,363,D,CP,SQ,D
14:42:32,JSMR,RG,4000,42,D,CP,CC,D
14:42:14,JSMR,RG,4010,94,D,CC,DR,D
14:42:13,JSMR,RG,4000,32,D,CP,RX,F
14:41:55,JSMR,RG,4000,63,D,CP,CC,D
14:41:55,JSMR,RG,4000,1,D,PD,CC,D
14:41:55,JSMR,RG,4000,2,D,NI,CC,D
14:41:55,JSMR,RG,4000,10,D,EP,CC,D
14:41:55,JSMR,RG,4000,10,D,KK,CC,D
14:41:55,JSMR,RG,4000,10,D,DR,CC,D
14:41:55,JSMR,RG,4000,4,D,DR,CC,D
14:41:51,JSMR,RG,4000,20,D,CC,RX,F
14:41:51,JSMR,RG,4000,1,D,YP,RX,F
14:41:51,JSMR,RG,4000,8,D,YB,RX,F
14:41:34,JSMR,RG,4000,12,D,YB,CC,D
14:41:34,JSMR,RG,4000,1,D,LG,CC,D
14:41:34,JSMR,RG,4000,25,D,MU,CC,D
14:41:31,JSMR,RG,4000,23,D,MU,RX,F
14:41:15,JSMR,RG,4000,2,D,MU,RX,F
14:41:15,JSMR,RG,4000,2,D,YB,RX,F
14:41:15,JSMR,RG,4000,28,D,DH,RX,F
14:41:08,JSMR,RG,4000,5,D,DH,PD,D
14:40:53,JSMR,RG,4000,23,D,DH,RX,F
14:40:44,JSMR,RG,4010,7,D,KZ,DR,D
14:40:35,JSMR,RG,4010,5,D,PD,DR,D
14:40:34,JSMR,RG,4000,3,D,DH,CC,D
14:40:34,JSMR,RG,4000,10,D,PD,CC,D
14:40:34,JSMR,RG,4000,1,D,CC,CC,D
14:40:34,JSMR,RG,4000,2,D,YP,CC,D
14:40:34,JSMR,RG,4000,10,D,PD,CC,D
14:40:34,JSMR,RG,4000,10,D,GR,CC,D
14:40:34,JSMR,RG,4000,1,D,DH,CC,D
14:40:28,JSMR,RG,4010,91,D,CC,DR,D
14:39:36,JSMR,RG,4000,1,D,PD,CC,D
14:39:36,JSMR,RG,4000,42,D,YP,CC,D
14:39:34,JSMR,RG,4010,74,D,YU,DR,D
14:39:06,JSMR,RG,4010,20,F,BK,DR,D
14:39:01,JSMR,RG,4010,64,F,BK,DR,D
14:39:00,JSMR,RG,4010,230,D,CC,DR,D
14:39:00,JSMR,RG,4010,1,D,CC,CC,D
14:39:00,JSMR,RG,4010,14,D,CC,RX,F
14:39:00,JSMR,RG,4010,88,D,CC,RX,F
14:39:00,JSMR,RG,4010,17,D,CC,CC,D
14:39:00,JSMR,RG,4010,150,D,CC,CC,D
14:38:49,JSMR,RG,4010,21,F,BK,CC,D
14:38:45,JSMR,RG,4010,29,F,BK,CC,D
14:38:45,JSMR,RG,4010,4,F,BK,PD,D
14:38:45,JSMR,RG,4010,8,F,BK,ZP,F
14:38:45,JSMR,RG,4010,41,F,BK,DR,D
14:38:44,JSMR,RG,4010,9,D,CC,DR,D
14:38:44,JSMR,RG,4010,92,D,CC,YP,D
14:38:41,JSMR,RG,4010,8,D,CC,YP,D
14:38:41,JSMR,RG,4010,44,D,CC,CS,D
14:38:41,JSMR,RG,4010,108,D,CC,CS,D
14:38:41,JSMR,RG,4010,107,D,CC,HP,D
14:38:41,JSMR,RG,4010,6,D,CC,CS,D
14:38:41,JSMR,RG,4010,14,D,CC,CS,D
14:38:41,JSMR,RG,4010,213,D,CC,SQ,D
14:38:36,JSMR,RG,4010,11,F,BK,SQ,D
14:38:34,JSMR,RG,4000,18,D,YP,CC,D
14:38:34,JSMR,RG,4000,24,D,YU,CC,D
14:38:32,JSMR,RG,4010,15,F,BK,SQ,D
14:38:29,JSMR,RG,4010,61,F,BK,SQ,D
14:38:29,JSMR,RG,4010,30,F,BK,AK,F
14:38:28,JSMR,RG,4000,26,D,YU,RX,F
14:38:28,JSMR,RG,4000,1,D,CC,RX,F
14:38:28,JSMR,RG,4000,6,D,YP,RX,F
14:38:28,JSMR,RG,4000,5,D,CC,RX,F
14:38:28,JSMR,RG,4000,26,D,CC,RX,F
14:38:27,JSMR,RG,4000,1354,D,CC,SQ,D
14:37:41,JSMR,RG,4000,24,D,CC,RX,F
14:37:34,JSMR,RG,4000,34,D,CC,CC,D
14:37:17,JSMR,RG,4000,13,D,CC,RX,F
14:37:13,JSMR,RG,4000,20,D,CC,PD,D
14:37:10,JSMR,RG,4010,1,D,OD,AK,F
14:37:01,JSMR,RG,4010,49,D,YU,AK,F
14:36:58,JSMR,RG,4010,18,D,CC,AK,F
14:36:58,JSMR,RG,4010,13,D,CC,CS,D
14:36:58,JSMR,RG,4010,58,D,CC,CC,D
14:36:50,JSMR,RG,4000,27,D,CC,RX,F
14:36:36,JSMR,RG,4010,8,D,OD,CC,D
14:36:34,JSMR,RG,4000,37,D,CC,CC,D
14:36:24,JSMR,RG,4000,47,D,CC,RX,F
14:36:22,JSMR,RG,4000,750,D,CC,CC,D
14:35:34,JSMR,RG,4010,7,D,KZ,CC,D
14:35:32,JSMR,RG,4000,40,D,CC,CC,D
14:35:15,JSMR,RG,4010,90,D,CC,CC,D
14:35:01,JSMR,RG,4000,128,D,CC,CS,D
14:35:01,JSMR,RG,4000,5,D,DR,CS,D
14:35:01,JSMR,RG,4000,1,D,YP,CS,D
14:35:01,JSMR,RG,4000,63,F,ZP,CS,D
14:34:32,JSMR,RG,4000,36,F,ZP,CC,D
14:34:12,JSMR,RG,4010,10,D,PD,CC,D
14:33:57,JSMR,RG,4000,2,F,ZP,XC,D
14:33:34,JSMR,RG,4000,44,F,ZP,CC,D
14:33:31,JSMR,RG,4010,105,D,CC,CC,D
14:32:51,JSMR,RG,4010,48,D,YU,CC,D
14:32:49,JSMR,RG,4010,10,D,AZ,CC,D
14:32:32,JSMR,RG,4000,39,F,ZP,CC,D
14:31:45,JSMR,RG,4010,72,D,CC,CC,D
14:31:36,JSMR,RG,4010,50,D,NI,CC,D
14:31:32,JSMR,RG,4000,36,F,ZP,CC,D
14:31:21,JSMR,RG,4000,8,F,ZP,NI,D
14:31:06,JSMR,RG,4010,2,D,XC,CC,D
14:30:32,JSMR,RG,4000,39,F,ZP,CC,D
14:30:31,JSMR,RG,4010,1,D,CC,CC,D
14:30:24,JSMR,RG,4010,7,D,KZ,CC,D
14:30:19,JSMR,RG,4010,16,F,BK,CC,D
14:30:17,JSMR,RG,4010,16,D,NI,CC,D
14:30:17,JSMR,RG,4010,13,D,NI,CS,D
14:30:17,JSMR,RG,4010,21,D,NI,CC,D
14:30:05,JSMR,RG,4010,10,F,BK,CC,D
14:30:04,JSMR,RG,4010,104,D,CC,CC,D
14:30:03,JSMR,RG,4010,1,D,XC,CC,D
14:29:58,JSMR,RG,4000,2,F,ZP,ZP,F
14:29:51,JSMR,RG,4010,10,D,LG,CC,D
14:29:44,JSMR,RG,4010,8,D,XC,CC,D
14:29:32,JSMR,RG,4000,39,F,ZP,CC,D
14:29:01,JSMR,RG,4000,100,F,ZP,EP,F
14:28:53,JSMR,RG,4010,46,D,YU,CC,D
14:28:53,JSMR,RG,4010,6,D,YU,CC,D
14:28:33,JSMR,RG,4010,10,D,NI,CC,D
14:28:33,JSMR,RG,4010,12,D,NI,CS,D
14:28:33,JSMR,RG,4010,1,D,NI,CS,D
14:28:33,JSMR,RG,4010,4,D,NI,CS,D
14:28:33,JSMR,RG,4010,6,D,NI,CS,D
14:28:33,JSMR,RG,4010,2,D,NI,CS,D
14:28:33,JSMR,RG,4010,14,D,NI,CS,D
14:28:33,JSMR,RG,4010,1,D,NI,CS,D
14:28:33,JSMR,RG,4010,1,D,NI,CS,D
14:28:33,JSMR,RG,4010,20,D,NI,DR,D
14:28:33,JSMR,RG,4010,29,D,NI,SQ,D
14:28:30,JSMR,RG,4000,36,F,ZP,CC,D
14:28:15,JSMR,RG,4010,87,D,CC,SQ,D
14:28:10,JSMR,RG,4000,15,F,ZP,KK,D
14:27:54,JSMR,RG,4010,10,D,YU,SQ,D
14:27:28,JSMR,RG,4000,46,F,ZP,CC,D
14:27:10,JSMR,RG,4000,2,F,ZP,ZP,F
14:26:54,JSMR,RG,4010,10,D,GR,SQ,D
14:26:26,JSMR,RG,4000,32,F,ZP,CC,D
14:25:28,JSMR,RG,4000,39,F,ZP,CC,D
14:25:21,JSMR,RG,4010,81,D,CC,SQ,D
14:25:21,JSMR,RG,4010,22,D,YU,SQ,D
14:25:21,JSMR,RG,4010,199,F,BK,SQ,D
14:25:21,JSMR,RG,4010,162,D,LG,SQ,D
14:25:14,JSMR,RG,4020,6,D,KZ,SQ,D
14:24:56,JSMR,RG,4020,12,F,BK,SQ,D
14:24:51,JSMR,RG,4020,97,D,CC,SQ,D
14:24:21,JSMR,RG,4020,11,F,BK,SQ,D
14:24:15,JSMR,RG,4020,12,F,BK,SQ,D
14:24:14,JSMR,RG,4020,40,F,BK,SQ,D
14:24:13,JSMR,RG,4010,24,D,LG,DR,D
14:24:12,JSMR,RG,4010,9,D,LG,CS,D
14:24:11,JSMR,RG,4010,8,D,LG,CS,D
14:24:11,JSMR,RG,4010,12,D,LG,ZP,F
14:24:11,JSMR,RG,4010,14,D,LG,CS,D
14:24:11,JSMR,RG,4010,37,D,LG,CC,D
14:24:11,JSMR,RG,4010,12,D,LG,CS,D
14:24:11,JSMR,RG,4010,6,D,LG,CS,D
14:24:11,JSMR,RG,4010,9,D,LG,CS,D
14:24:11,JSMR,RG,4010,3,D,LG,CS,D
14:24:11,JSMR,RG,4010,300,D,LG,CC,D
14:24:11,JSMR,RG,4010,10,D,LG,KK,D
14:24:11,JSMR,RG,4010,18,D,LG,CS,D
14:24:11,JSMR,RG,4010,20,D,LG,DR,D
14:24:11,JSMR,RG,4010,15,D,LG,CC,D
14:24:11,JSMR,RG,4010,5,D,LG,CS,D
14:24:11,JSMR,RG,4010,5,D,LG,CS,D
14:24:11,JSMR,RG,4010,1,D,LG,CS,D
14:24:11,JSMR,RG,4010,4,D,LG,DH,D
14:24:11,JSMR,RG,4010,11,D,LG,CS,D
14:24:11,JSMR,RG,4010,15,D,LG,CS,D
14:24:11,JSMR,RG,4010,300,D,LG,SQ,D
14:23:54,JSMR,RG,4010,12,D,YP,ZP,F
14:23:54,JSMR,RG,4010,16,D,YP,CS,D
14:23:54,JSMR,RG,4010,16,D,YP,CS,D
14:23:54,JSMR,RG,4010,13,D,YP,CS,D
14:23:54,JSMR,RG,4010,8,D,YP,CS,D
14:23:54,JSMR,RG,4010,11,D,YP,CS,D
14:23:54,JSMR,RG,4010,4,D,YP,CS,D
14:23:45,JSMR,RG,4010,5,D,DR,CS,D
14:23:45,JSMR,RG,4010,6,D,DR,CS,D
14:23:45,JSMR,RG,4010,4,D,DR,CS,D
14:23:44,JSMR,RG,4010,5,D,HP,CS,D
14:23:32,JSMR,RG,4000,42,F,ZP,CC,D
14:23:03,JSMR,RG,4010,8,D,CC,CS,D
14:23:03,JSMR,RG,4010,74,D,CC,CC,D
14:22:46,JSMR,RG,4010,53,D,YU,CC,D
14:22:34,JSMR,RG,4000,37,F,ZP,CC,D
14:21:34,JSMR,RG,4000,44,F,ZP,CC,D
14:21:33,JSMR,RG,4010,10,D,KK,CC,D
14:21:21,JSMR,RG,4010,100,D,CC,CC,D
14:21:21,JSMR,RG,4010,13,D,HP,CC,D
14:21:00,JSMR,RG,4010,1,D,YP,CC,D
14:20:32,JSMR,RG,4000,35,F,ZP,CC,D
14:20:04,JSMR,RG,4010,7,D,KZ,CC,D
14:19:56,JSMR,RG,4000,1,F,ZP,DR,D
14:19:42,JSMR,RG,4010,8,D,XC,CC,D
14:19:39,JSMR,RG,4010,28,D,CC,CC,D
14:19:39,JSMR,RG,4010,1,D,CC,CS,D
14:19:39,JSMR,RG,4010,11,D,CC,CS,D
14:19:39,JSMR,RG,4010,4,D,CC,CS,D
14:19:39,JSMR,RG,4010,18,D,CC,CS,D
14:19:39,JSMR,RG,4010,19,D,CC,EP,D
14:19:39,JSMR,RG,4010,3,D,CC,CS,D
14:19:36,JSMR,RG,4000,41,F,ZP,CC,D
14:19:14,JSMR,RG,4010,1,D,CC,CS,D
14:19:00,JSMR,RG,4010,10,D,PD,CS,D
14:18:52,JSMR,RG,4010,3,D,CC,CS,D
14:18:43,JSMR,RG,4010,13,D,YU,CS,D
14:18:43,JSMR,RG,4010,37,D,YU,CC,D
14:18:42,JSMR,RG,4010,10,D,YP,CC,D
14:18:38,JSMR,RG,4000,510,F,ZP,LG,D
14:18:38,JSMR,RG,4000,39,F,ZP,CC,D
14:18:35,JSMR,RG,4000,5,F,ZP,PD,D
14:18:28,JSMR,RG,4000,10,F,ZP,KK,D
14:18:17,JSMR,RG,4010,5,D,XC,CC,D
14:17:54,JSMR,RG,4010,50,D,DR,CC,D
14:17:53,JSMR,RG,4010,92,D,CC,CC,D
14:17:40,JSMR,RG,4000,40,F,ZP,CC,D
14:17:28,JSMR,RG,4000,15,F,ZP,CC,D
14:16:56,JSMR,RG,4000,2,F,ZP,DR,D
14:16:42,JSMR,RG,4000,36,F,ZP,CC,D
14:16:15,JSMR,RG,4000,1,F,ZP,XC,D
14:16:11,JSMR,RG,4010,6,D,CC,CC,D
14:16:11,JSMR,RG,4010,89,D,CC,CC,D
14:15:44,JSMR,RG,4000,36,F,ZP,CC,D
14:15:29,JSMR,RG,4010,45,D,IF,CC,D
14:15:01,JSMR,RG,4010,5,D,CC,CC,D
14:14:44,JSMR,RG,4010,7,D,KZ,CC,D
14:14:42,JSMR,RG,4000,41,F,ZP,CC,D
14:14:41,JSMR,RG,4010,48,D,YU,CC,D
14:14:25,JSMR,RG,4010,79,D,CC,CC,D
14:14:24,JSMR,RG,4010,1,D,CC,CC,D
14:14:09,JSMR,RG,4010,11,D,KK,CC,D
14:14:06,JSMR,RG,4010,3,D,YU,CC,D
14:14:04,JSMR,RG,4010,15,D,XC,CC,D
14:14:04,JSMR,RG,4010,1,D,NI,CC,D
14:13:46,JSMR,RG,4010,12,D,HP,CC,D
14:13:44,JSMR,RG,4000,39,F,ZP,CC,D
14:13:26,JSMR,RG,4000,3,F,ZP,DR,D
14:13:24,JSMR,RG,4000,1,F,ZP,YP,D
14:13:17,JSMR,RG,4010,80,D,SQ,CC,D
14:12:46,JSMR,RG,4000,40,F,ZP,CC,D
14:12:45,JSMR,RG,4010,80,D,CC,CC,D
14:12:45,JSMR,RG,4010,7,D,CC,CS,D
14:12:13,JSMR,RG,4000,3,F,ZP,ZP,F
14:11:51,JSMR,RG,4000,24,F,ZP,DR,D
14:11:46,JSMR,RG,4000,37,F,ZP,CC,D
14:11:01,JSMR,RG,4010,2,D,CC,CS,D
14:11:01,JSMR,RG,4010,3,D,CC,CS,D
14:11:01,JSMR,RG,4010,3,D,CC,CS,D
14:11:01,JSMR,RG,4010,5,D,CC,YP,D
14:11:01,JSMR,RG,4010,12,D,CC,CS,D
14:11:01,JSMR,RG,4010,25,D,CC,YP,D
14:11:01,JSMR,RG,4010,14,D,CC,DR,D
14:11:01,JSMR,RG,4010,1,D,CC,XC,D
14:11:01,JSMR,RG,4010,25,D,CC,AK,F
14:10:44,JSMR,RG,4000,37,F,ZP,CC,D
14:10:38,JSMR,RG,4010,30,D,YU,AK,F
14:10:38,JSMR,RG,4010,18,D,YU,CS,D
14:10:38,JSMR,RG,4010,6,D,YU,CC,D
14:10:08,JSMR,RG,4000,2,F,ZP,YP,D
14:09:44,JSMR,RG,4000,41,F,ZP,CC,D
14:09:43,JSMR,RG,4010,5,D,PD,CC,D
14:09:34,JSMR,RG,4010,7,D,KZ,CC,D
14:09:31,JSMR,RG,4000,2,F,ZP,ZP,F
14:09:19,JSMR,RG,4010,84,D,CC,CC,D
14:09:04,JSMR,RG,4000,1,F,ZP,XC,D
14:08:42,JSMR,RG,4000,38,F,ZP,CC,D
14:08:34,JSMR,RG,4010,50,D,CC,CC,D
14:07:39,JSMR,RG,4010,148,D,PD,CC,D
14:07:39,JSMR,RG,4010,39,D,PD,CC,D
14:07:39,JSMR,RG,4010,50,D,PD,PD,D
14:07:39,JSMR,RG,4010,5,D,PD,XC,D
14:07:39,JSMR,RG,4010,20,D,PD,KK,D
14:07:39,JSMR,RG,4010,10,D,PD,CS,D
14:07:39,JSMR,RG,4010,3,D,PD,CS,D
14:07:39,JSMR,RG,4010,2,D,PD,CS,D
14:07:39,JSMR,RG,4010,3,D,PD,CS,D
14:07:39,JSMR,RG,4010,10,D,PD,CS,D
14:07:39,JSMR,RG,4010,3,D,PD,CS,D
14:07:39,JSMR,RG,4010,15,D,PD,CC,D
14:07:39,JSMR,RG,4010,4,D,PD,CS,D
14:07:39,JSMR,RG,4010,9,D,PD,CS,D
14:07:39,JSMR,RG,4010,9,D,PD,CS,D
14:07:39,JSMR,RG,4010,17,D,PD,CS,D
14:07:39,JSMR,RG,4010,14,D,PD,CS,D
14:07:39,JSMR,RG,4010,100,D,PD,CC,F
14:07:39,JSMR,RG,4010,14,D,PD,DR,D
14:07:39,JSMR,RG,4010,25,D,PD,CS,F
14:07:33,JSMR,RG,4010,92,D,CC,CS,F
14:07:24,JSMR,RG,4010,1,D,PD,CS,F
14:07:12,JSMR,RG,4010,1,D,YP,CS,F
14:07:06,JSMR,RG,4010,5,D,CC,CS,F
14:06:59,JSMR,RG,4010,10,D,CC,CS,F
14:06:44,JSMR,RG,4000,42,F,ZP,CC,D
14:06:28,JSMR,RG,4010,43,D,YU,CS,F
14:06:28,JSMR,RG,4010,10,D,YU,ZP,F
14:06:13,JSMR,RG,4010,2,D,RG,ZP,F
14:06:13,JSMR,RG,4010,3,D,RG,CS,D
14:05:49,JSMR,RG,4010,12,D,CC,CS,D
14:05:49,JSMR,RG,4010,63,D,CC,YP,D
14:05:49,JSMR,RG,4000,19,F,ZP,CC,D
14:05:44,JSMR,RG,4000,36,F,ZP,CC,D
14:04:49,JSMR,RG,4000,23,F,ZP,CC,D
14:04:45,JSMR,RG,4000,20,F,ZP,YP,D
14:04:44,JSMR,RG,4000,38,F,ZP,CC,D
14:04:24,JSMR,RG,4010,7,D,KZ,YP,D
14:04:07,JSMR,RG,4010,10,D,CC,YP,D
14:04:07,JSMR,RG,4010,40,D,CC,AK,F
14:04:07,JSMR,RG,4010,40,D,CC,SQ,D
14:03:45,JSMR,RG,4000,18,F,ZP,CC,D
14:03:44,JSMR,RG,4000,34,F,ZP,CC,D
14:03:20,JSMR,RG,4000,3,F,ZP,TF,D
14:03:10,JSMR,RG,4010,100,D,ZP,SQ,D
14:02:52,JSMR,RG,4010,1,D,DH,SQ,D
14:02:46,JSMR,RG,4000,44,F,ZP,CC,D
14:02:43,JSMR,RG,4000,17,F,ZP,CC,D
14:02:19,JSMR,RG,4010,99,D,CC,SQ,D
14:01:46,JSMR,RG,4000,21,F,ZP,CC,D
14:01:46,JSMR,RG,4000,19,D,YP,CC,D
14:01:43,JSMR,RG,4000,6,D,YP,CC,D
14:01:43,JSMR,RG,4000,1,D,CC,CC,D
14:01:43,JSMR,RG,4000,2,D,PD,CC,D
14:01:43,JSMR,RG,4000,10,D,SQ,CC,D
14:01:24,JSMR,RG,4010,10,D,CC,SQ,D
14:00:51,JSMR,RG,4010,1,D,PD,SQ,D
14:00:45,JSMR,RG,4000,15,D,GR,CC,D
14:00:45,JSMR,RG,4000,1,D,PD,CC,D
14:00:45,JSMR,RG,4000,20,D,PD,CC,D
14:00:41,JSMR,RG,4000,5,D,PD,CC,D
14:00:41,JSMR,RG,4000,14,D,KK,CC,D
14:00:26,JSMR,RG,4010,49,D,LG,SQ,D
14:00:26,JSMR,RG,4010,1,D,LG,YP,D
13:59:57,JSMR,RG,4010,20,D,PD,YP,D
13:59:57,JSMR,RG,4010,10,D,GR,YP,D
13:59:57,JSMR,RG,4010,4,D,YP,YP,D
13:59:57,JSMR,RG,4010,25,D,OD,YP,D
13:59:57,JSMR,RG,4010,3,D,NI,YP,D
13:59:57,JSMR,RG,4010,5,D,DR,YP,D
13:59:57,JSMR,RG,4010,3,D,YP,YP,D
13:59:57,JSMR,RG,4010,9,D,PD,YP,D
13:59:56,JSMR,RG,4010,41,D,PD,AG,D
13:59:56,JSMR,RG,4010,24,D,XC,AG,D
13:59:56,JSMR,RG,4010,1,D,DH,AG,D
13:59:56,JSMR,RG,4010,3,D,XC,AG,D
13:59:56,JSMR,RG,4010,5,D,KK,AG,D
13:59:56,JSMR,RG,4010,32,D,YP,AG,D
13:59:56,JSMR,RG,4010,2,D,GR,AG,D
13:59:56,JSMR,RG,4010,5,D,GR,AG,D
13:59:56,JSMR,RG,4010,50,D,PD,AG,D
13:59:56,JSMR,RG,4010,2,D,YP,AG,D
13:59:56,JSMR,RG,4010,50,D,YP,AG,D
13:59:56,JSMR,RG,4010,85,F,TP,AG,D
13:59:46,JSMR,RG,4010,43,F,TP,CC,D
13:59:45,JSMR,RG,4010,155,F,TP,AK,F
13:59:44,JSMR,RG,4010,17,F,TP,AK,F
13:59:44,JSMR,RG,4010,5,D,OD,AK,F
13:59:44,JSMR,RG,4010,1,D,PD,AK,F
13:59:44,JSMR,RG,4010,10,D,GR,AK,F
13:59:44,JSMR,RG,4010,1,D,PD,AK,F
13:59:44,JSMR,RG,4010,15,D,PD,AK,F
13:59:44,JSMR,RG,4010,106,D,MG,AK,F
13:59:44,JSMR,RG,4010,155,D,MG,AK,F
13:59:43,JSMR,RG,4010,17,D,MG,CC,D
13:59:25,JSMR,RG,4020,10,D,OD,SQ,D
13:59:25,JSMR,RG,4020,80,D,CC,SQ,D
13:59:25,JSMR,RG,4020,12,D,YU,SQ,D
13:58:56,JSMR,RG,4020,3,D,YU,XC,D
13:58:52,JSMR,RG,4020,8,D,YU,CS,D
13:58:52,JSMR,RG,4020,3,D,CC,CS,D
13:58:51,JSMR,RG,4020,4,D,CC,CS,D
13:58:51,JSMR,RG,4020,38,D,CC,AK,F
13:58:51,JSMR,RG,4020,2,D,CC,CS,D
13:58:51,JSMR,RG,4020,1,D,CC,CS,D
13:58:51,JSMR,RG,4020,5,D,CC,CS,D
13:58:51,JSMR,RG,4020,4,D,CC,CS,D
13:58:51,JSMR,RG,4020,6,D,CC,CS,D
13:58:51,JSMR,RG,4020,3,D,CC,CS,D
13:58:51,JSMR,RG,4020,11,D,CC,ZP,F
13:58:51,JSMR,RG,4020,1,D,CC,CS,D
13:58:51,JSMR,RG,4020,3,D,CC,YP,D
13:58:48,JSMR,RG,4010,22,D,MG,CC,D
13:58:48,JSMR,RG,4010,1,D,KK,CC,D
13:58:48,JSMR,RG,4010,7,D,AG,CC,D
13:58:43,JSMR,RG,4010,18,D,AG,CC,D
13:58:43,JSMR,RG,4010,24,D,AG,TP,D
13:57:49,JSMR,RG,4010,41,D,AG,CC,D
13:57:45,JSMR,RG,4010,19,D,AG,CC,D
13:56:49,JSMR,RG,4020,25,D,YU,YP,D
13:56:49,JSMR,RG,4020,6,D,KZ,YP,D
13:56:49,JSMR,RG,4020,93,D,CC,YP,D
13:56:49,JSMR,RG,4020,28,D,YU,YP,D
13:56:49,JSMR,RG,4020,176,D,PD,YP,D
13:56:48,JSMR,RG,4020,130,D,PD,AK,F
13:56:48,JSMR,RG,4020,35,D,PD,CC,D
13:56:46,JSMR,RG,4020,130,D,PD,AK,F
13:56:45,JSMR,RG,4020,18,D,PD,CC,D
13:56:30,JSMR,RG,4020,130,D,PD,AK,F
13:56:30,JSMR,RG,4020,2,D,PD,NI,D
13:55:25,JSMR,RG,4030,11,D,CC,CC,F
13:55:25,JSMR,RG,4030,65,D,CC,AZ,D
13:55:25,JSMR,RG,4030,20,D,CC,CS,D
13:55:22,JSMR,RG,4020,14,D,PD,CS,D
13:55:21,JSMR,RG,4020,4,D,PD,CS,D
13:55:21,JSMR,RG,4020,4,D,PD,CS,D
13:55:21,JSMR,RG,4020,39,D,PD,CC,D
13:55:21,JSMR,RG,4020,20,D,PD,CC,D
13:55:21,JSMR,RG,4020,5,D,PD,CS,D
13:55:21,JSMR,RG,4020,4,D,PD,CS,D
13:55:21,JSMR,RG,4020,8,D,PD,CS,D
13:55:21,JSMR,RG,4020,17,D,PD,CC,D
13:55:21,JSMR,RG,4020,200,D,PD,IT,D
13:55:21,JSMR,RG,4020,49,D,PD,AK,F
13:55:21,JSMR,RG,4020,4,D,PD,CS,D
13:55:21,JSMR,RG,4020,6,D,PD,EP,D
13:55:21,JSMR,RG,4020,2,D,PD,CS,D
13:55:21,JSMR,RG,4020,1,D,PD,CS,D
13:55:21,JSMR,RG,4020,2,D,PD,CC,D
13:54:53,JSMR,RG,4010,1,D,AG,XC,D
13:54:49,JSMR,RG,4010,41,D,AG,CC,D
13:54:47,JSMR,RG,4010,21,D,AG,CC,D
13:53:49,JSMR,RG,4010,16,D,AG,CC,D
13:53:47,JSMR,RG,4010,12,D,AG,CC,D
13:53:47,JSMR,RG,4010,1,D,YP,CC,D
13:53:47,JSMR,RG,4010,2,D,PD,CC,D
13:53:47,JSMR,RG,4010,1,D,PD,CC,D
13:53:47,JSMR,RG,4010,2,D,YP,CC,D
13:53:47,JSMR,RG,4010,25,D,PD,CC,D
13:53:47,JSMR,RG,4010,1,D,XC,CC,D
13:53:43,JSMR,RG,4020,35,D,EP,CC,D
13:53:43,JSMR,RG,4020,5,D,GR,CC,D
13:53:43,JSMR,RG,4020,8,D,YU,CC,D
13:53:24,JSMR,RG,4020,4,D,YU,DR,D
13:53:23,JSMR,RG,4020,15,D,YU,CS,D
13:53:23,JSMR,RG,4020,9,D,CC,CS,D
13:52:51,JSMR,RG,4020,19,D,CC,CC,D
13:52:47,JSMR,RG,4020,43,D,CC,CC,D
13:52:28,JSMR,RG,4020,9,D,CC,CC,D
13:52:28,JSMR,RG,4020,2,D,KK,CC,D
13:52:28,JSMR,RG,4020,3,D,CC,CC,D
13:52:03,JSMR,RG,4020,2,D,CC,CS,D
13:52:03,JSMR,RG,4020,1,D,KZ,CS,D
13:51:52,JSMR,RG,4020,5,D,KZ,CS,D
13:51:51,JSMR,RG,4020,1,D,KZ,CC,D
13:51:51,JSMR,RG,4020,6,F,BK,CC,D
13:51:51,JSMR,RG,4020,10,D,YU,CC,D
13:51:48,JSMR,RG,4020,3,D,YU,ZP,F
13:51:47,JSMR,RG,4020,9,D,YU,CC,D
13:51:47,JSMR,RG,4020,30,D,CC,CC,D
13:51:24,JSMR,RG,4030,1,D,NI,CS,D
13:50:53,JSMR,RG,4020,19,D,CC,CC,D
13:50:45,JSMR,RG,4020,35,D,CC,CC,D
13:50:45,JSMR,RG,4020,1,D,DH,CC,D
13:50:45,JSMR,RG,4020,1,D,DR,CC,D
13:50:15,JSMR,RG,4030,24,D,CC,CS,D
13:49:53,JSMR,RG,4020,17,D,CC,CC,D
13:49:43,JSMR,RG,4020,41,D,CC,CC,D
13:49:43,JSMR,RG,4020,2,D,CC,CC,D
13:48:53,JSMR,RG,4020,4,D,CC,CC,D
13:48:53,JSMR,RG,4020,17,D,NI,CC,D
13:48:45,JSMR,RG,4020,10,D,NI,CC,D
13:48:45,JSMR,RG,4020,23,D,YU,CC,D
13:48:33,JSMR,RG,4030,8,D,CC,BK,F
13:48:30,JSMR,RG,4030,2,D,DR,BK,F
13:48:15,JSMR,RG,4020,18,D,CC,NI,D
13:47:59,JSMR,RG,4020,5,D,CC,DR,D
13:47:53,JSMR,RG,4020,17,D,CC,CC,D
13:47:43,JSMR,RG,4020,37,D,CC,CC,D
13:47:04,JSMR,RG,4020,6,D,CC,AZ,D
13:46:56,JSMR,RG,4020,5,D,CC,YP,D
13:46:56,JSMR,RG,4020,2,D,GR,YP,D
13:46:56,JSMR,RG,4020,3,D,YU,YP,D
13:46:53,JSMR,RG,4020,16,D,YU,CC,D
13:46:45,JSMR,RG,4020,3,D,YU,DR,D
13:46:43,JSMR,RG,4020,5,D,YU,CC,D
13:46:43,JSMR,RG,4020,17,F,BK,CC,D
13:46:43,JSMR,RG,4020,7,D,KZ,CC,D
13:46:43,JSMR,RG,4020,1,D,YP,CC,D
13:46:43,JSMR,RG,4020,4,D,XC,CC,D
13:46:43,JSMR,RG,4020,8,D,NI,CC,D
13:45:59,JSMR,RG,4020,3,D,NI,ZP,F
13:45:52,JSMR,RG,4020,9,D,NI,BK,F
13:45:52,JSMR,RG,4020,11,F,TP,BK,F
13:45:51,JSMR,RG,4020,19,F,TP,CC,D
13:45:49,JSMR,RG,4020,40,F,TP,BK,F
13:45:43,JSMR,RG,4020,48,F,TP,BK,F
13:45:42,JSMR,RG,4020,82,F,TP,BK,F
13:45:42,JSMR,RG,4020,2,D,YP,BK,F
13:45:42,JSMR,RG,4020,1,D,NI,BK,F
13:45:42,JSMR,RG,4020,3,D,YP,BK,F
13:45:42,JSMR,RG,4020,1,D,XC,BK,F
13:45:42,JSMR,RG,4020,5,D,CC,BK,F
13:45:42,JSMR,RG,4020,1,D,OD,BK,F
13:45:42,JSMR,RG,4020,25,D,XC,BK,F
13:45:42,JSMR,RG,4020,1,D,PD,BK,F
13:45:42,JSMR,RG,4020,13,D,YU,BK,F
13:45:42,JSMR,RG,4020,1,D,PD,BK,F
13:45:42,JSMR,RG,4020,1,D,PD,BK,F
13:45:42,JSMR,RG,4020,1,D,AT,BK,F
13:45:42,JSMR,RG,4020,1,D,YP,BK,F
13:45:42,JSMR,RG,4020,10,D,CC,BK,F
13:45:42,JSMR,RG,4020,5,D,CC,BK,F
13:45:41,JSMR,RG,4020,20,D,CC,CC,D
13:45:41,JSMR,RG,4020,10,D,CC,CC,D
13:45:41,JSMR,RG,4020,10,D,CC,CC,D
13:45:19,JSMR,RG,4030,35,F,TP,BK,F
13:45:19,JSMR,RG,4030,5,F,TP,CS,D
13:45:19,JSMR,RG,4030,3,F,TP,CS,D
13:45:19,JSMR,RG,4030,457,F,TP,SQ,D
13:45:08,JSMR,RG,4030,2,D,YP,SQ,D
13:45:08,JSMR,RG,4030,41,D,CC,SQ,D
13:45:01,JSMR,RG,4030,21,D,CC,BK,F
13:45:00,JSMR,RG,4030,22,D,CC,BK,F
13:45:00,JSMR,RG,4030,9,D,XC,BK,F
13:44:56,JSMR,RG,4030,3,D,XC,AZ,D
13:44:56,JSMR,RG,4030,2,D,YP,AZ,D
13:44:51,JSMR,RG,4030,4,D,YP,CC,D
13:44:51,JSMR,RG,4030,14,D,YU,CC,D
13:44:39,JSMR,RG,4030,14,D,YU,CC,D
13:44:39,JSMR,RG,4030,21,D,NI,CC,D
13:44:11,JSMR,RG,4030,4,D,NI,BK,F
13:44:11,JSMR,RG,4030,5,D,XC,BK,F
13:44:11,JSMR,RG,4030,32,D,PD,BK,F
13:44:11,JSMR,RG,4030,31,D,PD,BK,F
13:44:10,JSMR,RG,4030,37,D,PD,BK,F
13:44:10,JSMR,RG,4030,1,D,DH,BK,F
13:44:10,JSMR,RG,4030,1,D,NI,BK,F
13:44:10,JSMR,RG,4030,8,D,PD,BK,F
13:43:59,JSMR,RG,4040,2,D,NI,SQ,D
13:43:59,JSMR,RG,4040,101,D,CC,SQ,D
13:43:59,JSMR,RG,4040,125,D,YP,SQ,D
13:43:59,JSMR,RG,4040,25,D,YU,SQ,D
13:43:59,JSMR,RG,4040,126,D,CC,SQ,D
13:43:51,JSMR,RG,4040,16,D,CC,CC,D
13:43:16,JSMR,RG,4050,12,D,CC,CC,D
13:43:11,JSMR,RG,4050,30,D,HP,CC,D
13:43:11,JSMR,RG,4050,13,D,HP,CC,F
13:43:11,JSMR,RG,4050,3,D,HP,CS,D
13:43:11,JSMR,RG,4050,4,D,HP,CS,D
13:42:49,JSMR,RG,4040,20,D,CC,CC,D
13:42:43,JSMR,RG,4040,38,D,CC,CC,D
13:41:58,JSMR,RG,4040,83,D,CC,BK,F
13:41:58,JSMR,RG,4040,53,F,TP,BK,F
13:41:57,JSMR,RG,4040,27,F,TP,BK,F
13:41:32,JSMR,RG,4040,9,F,TP,CS,D
13:41:32,JSMR,RG,4040,2,F,TP,CS,D
13:41:32,JSMR,RG,4040,16,F,TP,CS,D
13:41:32,JSMR,RG,4040,7,F,TP,CS,D
13:41:32,JSMR,RG,4040,17,F,TP,CS,D
13:41:32,JSMR,RG,4040,19,F,TP,CC,D
13:41:32,JSMR,RG,4040,64,F,TP,AK,F
13:41:32,JSMR,RG,4040,7,F,TP,CS,D
13:41:32,JSMR,RG,4040,40,F,TP,CC,D
13:41:32,JSMR,RG,4040,14,F,TP,CS,D
13:41:32,JSMR,RG,4040,17,F,TP,ZP,F
13:41:32,JSMR,RG,4040,8,F,TP,DR,D
13:41:01,JSMR,RG,4040,5,D,XC,DR,D
13:41:00,JSMR,RG,4040,1,D,SQ,DR,D
13:40:51,JSMR,RG,4040,7,D,KZ,CC,D
13:40:51,JSMR,RG,4040,12,D,YU,CC,D
13:40:49,JSMR,RG,4050,1,D,SQ,DR,D
13:40:47,JSMR,RG,4040,11,D,YU,CC,D
13:40:47,JSMR,RG,4040,4,D,KK,CC,D
13:40:47,JSMR,RG,4040,20,D,CC,CC,D
13:39:58,JSMR,RG,4050,89,D,CC,YP,D
13:39:58,JSMR,RG,4050,26,D,YU,YP,D
13:39:58,JSMR,RG,4050,174,D,KK,YP,D
13:39:47,JSMR,RG,4050,14,D,KK,CS,D
13:39:47,JSMR,RG,4050,7,D,KK,CS,D
13:39:47,JSMR,RG,4050,14,D,KK,CS,D
13:39:47,JSMR,RG,4050,15,D,KK,CS,D
13:39:47,JSMR,RG,4050,41,D,KK,CC,D
13:39:47,JSMR,RG,4050,17,D,KK,CC,D
13:39:47,JSMR,RG,4050,4,D,KK,NI,D
13:39:29,JSMR,RG,4050,11,D,CC,NI,D
13:39:29,JSMR,RG,4050,1,D,CC,YP,D
13:39:29,JSMR,RG,4050,1,D,CC,PD,D
13:39:29,JSMR,RG,4050,10,D,CC,DR,D
13:39:29,JSMR,RG,4050,50,D,CC,XC,D
13:39:29,JSMR,RG,4050,10,D,CC,PD,D
13:38:59,JSMR,RG,4040,5,D,CC,CS,D
13:38:59,JSMR,RG,4040,5,D,CC,CS,D
13:38:58,JSMR,RG,4040,5,F,TP,CS,D
13:38:58,JSMR,RG,4040,19,F,TP,CC,D
13:38:58,JSMR,RG,4040,100,F,TP,SQ,D
13:38:58,JSMR,RG,4040,10,F,TP,CS,D
13:38:58,JSMR,RG,4040,13,F,TP,CS,D
13:38:58,JSMR,RG,4040,53,F,TP,AK,F
13:38:51,JSMR,RG,4030,2,D,PD,CC,D
13:38:51,JSMR,RG,4030,19,D,CC,CC,D
13:38:49,JSMR,RG,4030,42,D,CC,CC,D
13:38:25,JSMR,RG,4030,2,D,CC,ZP,F
13:38:18,JSMR,RG,4030,2,D,CC,DR,D
13:37:54,JSMR,RG,4040,8,D,CC,AK,F
13:37:53,JSMR,RG,4030,16,D,CC,CC,D
13:37:49,JSMR,RG,4030,33,D,CC,CC,D
13:37:43,JSMR,RG,4040,6,D,CC,CC,D
13:37:43,JSMR,RG,4040,17,D,CC,CS,D
13:37:43,JSMR,RG,4040,3,D,CC,HP,D
13:37:43,JSMR,RG,4040,9,D,CC,CC,D
13:37:43,JSMR,RG,4040,10,D,CC,CC,F
13:37:43,JSMR,RG,4040,8,D,CC,CS,D
13:37:43,JSMR,RG,4040,1,D,CC,YP,D
13:37:43,JSMR,RG,4040,8,D,CC,YP,D
13:37:43,JSMR,RG,4040,1,D,CC,XC,D
13:37:43,JSMR,RG,4040,7,D,CC,ZP,F
13:37:43,JSMR,RG,4040,10,D,CC,DR,D
13:37:43,JSMR,RG,4040,4,D,CC,CS,D
13:36:55,JSMR,RG,4030,18,D,CC,CC,D
13:36:49,JSMR,RG,4030,18,D,CC,CC,D
13:36:49,JSMR,RG,4030,21,D,YU,CC,D
13:36:45,JSMR,RG,4030,4,D,YU,ZP,F
13:36:45,JSMR,RG,4030,1,D,DR,ZP,F
13:36:45,JSMR,RG,4030,8,D,DR,DR,D
13:36:32,JSMR,RG,4030,14,D,EP,CC,D
13:36:02,JSMR,RG,4040,18,D,CC,CS,D
13:36:02,JSMR,RG,4040,12,D,CC,RO,D
13:35:57,JSMR,RG,4030,1,D,EP,CC,D
13:35:57,JSMR,RG,4030,7,D,KZ,CC,D
13:35:57,JSMR,RG,4030,10,D,YP,CC,D
13:35:57,JSMR,RG,4030,1,D,NI,CC,D
13:35:51,JSMR,RG,4030,7,D,NI,OD,D
13:35:49,JSMR,RG,4030,20,D,NI,CC,D
13:35:49,JSMR,RG,4030,2,D,HP,CC,D
13:35:49,JSMR,RG,4030,23,D,YU,CC,D
13:34:59,JSMR,RG,4030,16,D,DR,AT,D
13:34:57,JSMR,RG,4030,19,D,DR,CC,D
13:34:51,JSMR,RG,4030,6,D,DR,CC,D
13:34:51,JSMR,RG,4030,10,D,AZ,CC,D
13:34:51,JSMR,RG,4030,19,D,YU,CC,D
13:34:24,JSMR,RG,4040,2,D,IF,RO,D
13:33:53,JSMR,RG,4030,6,D,YU,CC,D
13:33:53,JSMR,RG,4030,2,D,YP,CC,D
13:33:53,JSMR,RG,4030,5,D,XC,CC,D
13:33:53,JSMR,RG,4030,5,D,YP,CC,D
13:33:53,JSMR,RG,4030,4,D,YU,CC,D
13:33:51,JSMR,RG,4030,10,D,YU,CC,D
13:33:51,JSMR,RG,4030,1,D,XC,CC,D
13:33:51,JSMR,RG,4030,10,D,CC,CC,D
13:33:51,JSMR,RG,4030,3,D,XC,CC,D
13:33:51,JSMR,RG,4030,1,D,CC,CC,D
13:33:51,JSMR,RG,4030,4,D,CC,CC,D
13:33:51,JSMR,RG,4030,10,D,PD,CC,D
13:33:51,JSMR,RG,4030,2,D,PD,CC,D
13:33:14,JSMR,RG,4040,4,D,KZ,RO,D
13:33:10,JSMR,RG,4030,2,D,KZ,YP,F
13:33:10,JSMR,RG,4030,8,D,PD,YP,F
13:32:53,JSMR,RG,4030,2,D,PD,CC,D
13:32:53,JSMR,RG,4030,1,D,PD,CC,D
13:32:53,JSMR,RG,4030,12,D,GR,CC,D
13:32:49,JSMR,RG,4030,38,D,GR,CC,D
13:32:49,JSMR,RG,4030,2,D,EP,CC,D
13:32:49,JSMR,RG,4030,4,D,PD,CC,D
13:32:07,JSMR,RG,4030,58,D,PD,YP,D
13:31:53,JSMR,RG,4030,22,D,PD,CC,D
13:31:52,JSMR,RG,4040,42,F,AK,RO,D
13:31:52,JSMR,RG,4040,1,F,AK,DR,D
13:31:52,JSMR,RG,4040,5,F,AK,IF,D
13:31:52,JSMR,RG,4040,1,F,AK,CS,D
13:31:51,JSMR,RG,4030,36,D,PD,CC,D
13:30:51,JSMR,RG,4030,42,D,PD,CC,D
13:30:51,JSMR,RG,4030,18,D,PD,CC,D
13:30:19,JSMR,RG,4030,1,D,PD,YP,D
13:30:18,JSMR,RG,4030,1,D,PD,YP,D
13:30:12,JSMR,RG,4030,1,D,PD,XC,D
13:30:10,JSMR,RG,4040,2,D,PD,CS,D
13:30:10,JSMR,RG,4040,1,D,PD,CS,D
13:30:10,JSMR,RG,4040,2,D,PD,CS,D
13:30:08,JSMR,RG,4030,2,D,PD,SQ,D
13:30:07,JSMR,RG,4040,1,D,PD,PD,D
13:30:07,JSMR,RG,4030,1,D,PD,PD,D
13:30:07,JSMR,RG,4040,1,D,PD,PD,D
13:30:06,JSMR,RG,4030,2,D,PD,ZP,D
13:30:06,JSMR,RG,4030,1,D,PD,ZP,D
13:30:06,JSMR,RG,4030,7,D,PD,ZP,F
13:30:06,JSMR,RG,4030,4,D,PD,DR,D
13:30:06,JSMR,RG,4030,3,D,XA,DR,D
13:30:06,JSMR,RG,4030,3,D,XA,DR,D
13:30:05,JSMR,RG,4040,1,D,PD,PD,D
13:30:05,JSMR,RG,4040,1,D,PD,CS,D
11:29:59,JSMR,RG,4030,8,D,XC,YP,D
11:29:57,JSMR,RG,4030,13,D,XC,CC,D
11:29:56,JSMR,RG,4030,7,D,XC,CC,D
11:29:29,JSMR,RG,4030,13,D,XC,CC,D
11:29:29,JSMR,RG,4030,1,D,PD,CC,D
11:29:29,JSMR,RG,4030,10,D,XC,CC,D
11:29:29,JSMR,RG,4030,10,F,YP,CC,D
11:29:29,JSMR,RG,4030,1,D,PD,CC,D
11:29:28,JSMR,RG,4030,16,D,PD,CC,D
11:29:11,JSMR,RG,4030,11,D,PD,CC,D
11:28:36,JSMR,RG,4040,4,D,KZ,CS,D
11:28:31,JSMR,RG,4030,35,D,PD,CC,D
11:28:28,JSMR,RG,4030,7,D,PD,CC,D
11:28:28,JSMR,RG,4030,10,D,GR,CC,D
11:28:27,JSMR,RG,4040,2,D,XC,CS,D
11:28:27,JSMR,RG,4040,3,D,XC,ZP,F
11:28:27,JSMR,RG,4040,1,D,XC,DR,D
11:28:27,JSMR,RG,4040,4,D,XC,CS,D
11:28:17,JSMR,RG,4040,1,D,YP,CS,D
11:27:58,JSMR,RG,4030,2,D,SQ,MU,D
11:27:58,JSMR,RG,4030,20,D,SQ,MU,D
11:27:58,JSMR,RG,4030,1,D,NI,MU,D
11:27:58,JSMR,RG,4030,27,D,CC,MU,D
11:27:57,JSMR,RG,4040,1,D,YP,CS,D
11:27:46,JSMR,RG,4030,2,D,CC,DR,D
11:27:43,JSMR,RG,4030,2,D,CC,ZP,F
11:27:42,JSMR,RG,4030,2,D,CC,ZP,F
11:27:31,JSMR,RG,4030,39,D,CC,CC,D
11:27:30,JSMR,RG,4030,19,D,CC,CC,D
11:27:21,JSMR,RG,4040,20,D,CC,SQ,D
11:27:20,JSMR,RG,4040,10,D,XC,SQ,D
11:26:55,JSMR,RG,4040,10,D,XC,SQ,D
11:26:34,JSMR,RG,4040,1,D,YP,SQ,D
11:26:31,JSMR,RG,4030,34,D,CC,CC,D
11:26:30,JSMR,RG,4040,1,D,YP,SQ,D
11:26:30,JSMR,RG,4030,17,D,CC,CC,D
11:25:35,JSMR,RG,4030,42,D,CC,CC,D
11:25:30,JSMR,RG,4030,16,D,CC,CC,D
11:24:41,JSMR,RG,4040,1,D,YP,SQ,D
11:24:37,JSMR,RG,4030,36,D,YP,CC,D
11:24:32,JSMR,RG,4030,18,D,YP,CC,D
11:23:36,JSMR,RG,4030,39,D,YP,CC,D
11:23:34,JSMR,RG,4030,20,D,YP,CC,D
11:23:26,JSMR,RG,4040,3,D,KZ,SQ,D
11:23:26,JSMR,RG,4040,1,D,PD,SQ,D
11:23:26,JSMR,RG,4040,2,D,NI,SQ,D
11:23:26,JSMR,RG,4040,1,D,XC,SQ,D
11:23:26,JSMR,RG,4040,200,D,CC,SQ,D
11:23:26,JSMR,RG,4040,50,D,PD,SQ,D
11:23:24,JSMR,RG,4050,1,D,YP,CC,D
11:23:18,JSMR,RG,4050,1,D,YP,CC,D
11:23:17,JSMR,RG,4040,2,D,PD,CC,D
11:23:08,JSMR,RG,4040,1,D,PD,YP,D
11:22:42,JSMR,RG,4050,1,D,PD,YP,D
11:22:10,JSMR,RG,4060,76,D,YP,ID,D
11:22:06,JSMR,RG,4060,36,D,YP,CC,D
11:22:06,JSMR,RG,4060,18,D,YP,CC,D
11:22:06,JSMR,RG,4060,20,D,YP,YP,D
11:22:06,JSMR,RG,4060,100,D,YP,YB,D
11:21:02,JSMR,RG,4060,38,D,CC,AK,F
11:21:01,JSMR,RG,4060,22,D,CC,CC,D
11:21:01,JSMR,RG,4060,40,D,CC,CC,D
11:21:01,JSMR,RG,4060,100,D,CC,YB,D
11:20:38,JSMR,RG,4060,3,D,CC,AK,F
11:20:37,JSMR,RG,4060,10,D,CC,CS,D
11:20:37,JSMR,RG,4060,6,D,CC,CS,D
11:20:37,JSMR,RG,4060,1,D,CC,KK,D
11:20:37,JSMR,RG,4060,30,D,CC,YP,D
11:20:11,JSMR,RG,4050,8,D,AG,AK,F
11:20:05,JSMR,RG,4050,11,D,AG,PD,D
11:20:05,JSMR,RG,4050,1,D,AG,PD,D
11:19:53,JSMR,RG,4040,27,D,PD,CS,D
11:19:53,JSMR,RG,4040,48,D,PD,CS,D
11:19:53,JSMR,RG,4040,40,D,PD,CC,D
11:19:53,JSMR,RG,4040,15,D,PD,CC,D
11:19:53,JSMR,RG,4040,54,D,PD,CS,D
11:19:53,JSMR,RG,4040,261,D,PD,CC,D
11:19:53,JSMR,RG,4040,30,D,PD,CS,D
11:19:53,JSMR,RG,4040,88,D,PD,YP,D
11:19:53,JSMR,RG,4040,83,D,PD,SQ,D
11:19:43,JSMR,RG,4040,7,D,EP,SQ,D
11:19:36,JSMR,RG,4030,12,D,YP,CC,D
11:19:36,JSMR,RG,4030,10,D,YP,CC,D
11:19:36,JSMR,RG,4030,4,D,KZ,CC,D
11:19:36,JSMR,RG,4030,15,D,ID,CC,D
11:19:32,JSMR,RG,4030,17,D,ID,CC,D
11:19:04,JSMR,RG,4030,5,D,ID,ZP,F
11:18:56,JSMR,RG,4040,1,D,YP,SQ,D
11:18:17,JSMR,RG,4030,3,D,ID,DR,D
11:18:16,JSMR,RG,4030,28,D,ID,CS,D
11:18:16,JSMR,RG,4030,26,D,ID,CS,D
11:18:16,JSMR,RG,4030,15,D,ID,CS,D
11:18:16,JSMR,RG,4030,10,D,ID,CS,D
11:18:16,JSMR,RG,4030,9,D,ID,CS,D
11:18:16,JSMR,RG,4030,19,D,ID,CC,D
11:18:16,JSMR,RG,4030,41,D,ID,CC,D
11:18:16,JSMR,RG,4030,12,D,ID,CC,D
11:17:58,JSMR,RG,4030,1,D,YP,CC,D
11:17:55,JSMR,RG,4020,140,D,PD,NI,D
11:17:34,JSMR,RG,4020,39,D,PD,CC,D
11:17:34,JSMR,RG,4020,20,D,PD,CC,D
11:17:28,JSMR,RG,4030,5,D,CC,CC,D
11:16:57,JSMR,RG,4040,1,D,YP,SQ,D
11:16:34,JSMR,RG,4020,2,D,PD,CC,D
11:16:34,JSMR,RG,4020,3,F,BK,CC,D
11:16:34,JSMR,RG,4020,13,D,YP,CC,D
11:16:32,JSMR,RG,4020,12,D,YP,CC,D
11:16:32,JSMR,RG,4020,26,D,YP,CC,D
11:16:12,JSMR,RG,4040,1,D,YP,SQ,D
11:15:36,JSMR,RG,4020,15,D,YP,CC,D
11:15:30,JSMR,RG,4020,37,D,YP,CC,D
11:14:46,JSMR,RG,4040,1,D,OD,SQ,D
11:14:25,JSMR,RG,4040,5,D,CC,SQ,D
11:14:20,JSMR,RG,4040,1,D,YP,SQ,D
11:14:08,JSMR,RG,4030,9,D,YP,CS,D
11:14:08,JSMR,RG,4030,16,D,YP,CC,D
11:14:05,JSMR,RG,4030,5,D,YP,CC,D
11:14:05,JSMR,RG,4030,50,D,YP,YP,D
11:14:05,JSMR,RG,4030,25,D,YP,SQ,D
11:14:05,JSMR,RG,4020,1,D,YP,ZP,D
11:13:57,JSMR,RG,4030,80,D,YP,SQ,D
11:13:56,JSMR,RG,4030,20,D,YP,SQ,D
11:13:55,JSMR,RG,4030,15,D,CC,SQ,D
11:13:45,JSMR,RG,4020,21,D,YP,CC,D
11:13:44,JSMR,RG,4020,23,D,YP,CC,D
11:13:43,JSMR,RG,4020,6,D,YP,ZP,F
11:13:43,JSMR,RG,4020,4,D,YP,DR,D
11:13:43,JSMR,RG,4020,1,D,YP,YB,D
11:13:43,JSMR,RG,4020,16,D,YP,ZP,D
11:13:42,JSMR,RG,4020,54,D,YP,ZP,D
11:13:42,JSMR,RG,4020,3,D,YP,DR,D
11:13:42,JSMR,RG,4020,5,D,YP,ZP,F
11:13:42,JSMR,RG,4020,10,D,YP,CS,D
11:13:42,JSMR,RG,4020,4,D,YP,CS,D
11:13:42,JSMR,RG,4020,15,D,YP,CC,F
11:13:42,JSMR,RG,4020,20,D,YP,LS,D
11:13:42,JSMR,RG,4020,8,D,YP,CS,D
11:13:42,JSMR,RG,4020,1,D,YP,YP,D
11:13:42,JSMR,RG,4020,5,D,YP,CS,D
11:13:38,JSMR,RG,4010,3,F,BK,CC,D
11:13:38,JSMR,RG,4010,2,D,YP,CC,D
11:13:38,JSMR,RG,4010,14,D,YP,CC,D
11:13:32,JSMR,RG,4010,36,D,YP,CC,D
11:13:32,JSMR,RG,4010,3,D,KZ,CC,D
11:13:32,JSMR,RG,4010,2,D,XC,CC,D
11:13:23,JSMR,RG,4020,2,D,YP,CS,D
11:12:42,JSMR,RG,4020,10,D,YP,YP,D
11:12:38,JSMR,RG,4020,3,D,YP,YP,D
11:12:38,JSMR,RG,4010,6,D,YP,CS,D
11:12:38,JSMR,RG,4010,41,D,YP,CC,D
11:12:36,JSMR,RG,4010,215,D,YP,CC,D
11:12:36,JSMR,RG,4010,15,D,YP,CS,D
11:12:36,JSMR,RG,4010,20,D,YP,CC,D
11:12:34,JSMR,RG,4000,15,D,KK,CC,D
11:12:30,JSMR,RG,4010,1,D,XC,CC,D
11:12:30,JSMR,RG,4010,10,D,YP,CC,D
11:12:30,JSMR,RG,4010,10,D,CC,CC,D
11:12:30,JSMR,RG,4010,1,D,NI,CC,D
11:12:30,JSMR,RG,4010,2,D,YP,CC,D
11:11:54,JSMR,RG,4010,3,D,YP,YU,D
11:11:54,JSMR,RG,4010,5,D,YP,KK,D
11:11:41,JSMR,RG,4010,2,D,YP,ZP,F
11:11:36,JSMR,RG,4010,20,D,YP,CC,D
11:11:30,JSMR,RG,4010,18,D,YP,CC,D
11:11:30,JSMR,RG,4010,10,D,YP,CC,D
11:11:30,JSMR,RG,4010,5,D,YP,CC,D
11:11:30,JSMR,RG,4010,12,D,PD,CC,D
11:11:14,JSMR,RG,4010,10,D,PD,CS,D
11:11:14,JSMR,RG,4010,23,D,CC,CS,D
11:10:55,JSMR,RG,4010,50,D,CC,XC,D
11:10:16,JSMR,RG,4010,4,D,CC,ZP,F
11:10:16,JSMR,RG,4010,3,D,CC,DR,D
11:10:16,JSMR,RG,4010,20,D,CC,XC,D
11:10:12,JSMR,RG,4010,5,D,CC,XC,D
11:10:12,JSMR,RG,4010,19,D,CC,CC,D
11:10:12,JSMR,RG,4010,1,D,CC,CS,D
11:10:12,JSMR,RG,4010,1,D,CC,CS,D
11:10:12,JSMR,RG,4010,24,D,CC,CC,D
11:10:10,JSMR,RG,4000,1,D,KK,ZP,F
11:10:10,JSMR,RG,4000,2,D,KK,ZP,F
11:10:07,JSMR,RG,4010,4,D,CC,CC,D
11:10:06,JSMR,RG,4010,9,D,YP,CC,D
11:10:06,JSMR,RG,4010,1,D,YP,ZP,F
11:10:04,JSMR,RG,4010,4,D,PD,ZP,F
11:10:04,JSMR,RG,4010,17,D,PD,CC,D
11:10:04,JSMR,RG,4010,3,D,PD,DR,D
11:10:04,JSMR,RG,4010,2,D,PD,CS,D
11:10:04,JSMR,RG,4010,2,D,PD,YP,D
11:09:43,JSMR,RG,4010,5,D,YP,YP,D
11:09:37,JSMR,RG,4010,1,D,YP,YP,D
11:09:37,JSMR,RG,4010,2,D,YP,YP,D
11:09:37,JSMR,RG,4010,1,D,YB,YP,D
11:09:37,JSMR,RG,4010,1,D,YB,YP,D
11:09:37,JSMR,RG,4010,15,D,IP,YP,D
11:09:37,JSMR,RG,4010,1,D,KK,YP,D
11:09:37,JSMR,RG,4010,2,D,OD,YP,D
11:09:37,JSMR,RG,4010,50,D,YP,YP,D
11:09:37,JSMR,RG,4010,1,D,PD,YP,D
11:09:37,JSMR,RG,4010,2,D,YP,YP,D
11:09:37,JSMR,RG,4010,17,D,YP,YP,D
11:09:34,JSMR,RG,4010,3,D,YP,CC,D
11:09:34,JSMR,RG,4010,1,D,PD,CC,D
11:09:34,JSMR,RG,4010,16,D,CC,CC,D
11:09:30,JSMR,RG,4010,36,D,CC,CC,D
11:09:20,JSMR,RG,4020,3,D,NI,YP,D
11:09:13,JSMR,RG,4010,30,D,CC,PD,D
11:09:13,JSMR,RG,4010,18,D,CC,CC,D
11:09:13,JSMR,RG,4010,60,D,YP,CC,D
11:09:13,JSMR,RG,4010,1,D,AZ,CC,D
11:09:13,JSMR,RG,4010,1,D,PD,CC,D
11:09:13,JSMR,RG,4010,3,D,IF,CC,D
11:09:13,JSMR,RG,4010,5,D,CC,CC,D
11:09:13,JSMR,RG,4010,1,D,YP,CC,D
11:09:13,JSMR,RG,4010,5,D,PD,CC,D
11:09:13,JSMR,RG,4010,2,D,YP,CC,D
11:09:13,JSMR,RG,4010,1,D,PD,CC,D
11:09:13,JSMR,RG,4010,100,D,CC,CC,D
11:09:13,JSMR,RG,4010,25,D,YP,CC,D
11:09:13,JSMR,RG,4010,10,D,PD,CC,D
11:09:13,JSMR,RG,4010,4,D,PD,CC,D
11:09:13,JSMR,RG,4010,1,D,PD,CC,D
11:09:13,JSMR,RG,4010,5,D,PD,CC,D
11:09:13,JSMR,RG,4010,1,D,PD,CC,D
11:09:13,JSMR,RG,4010,4,D,EP,CC,D
11:09:05,JSMR,RG,4020,2,D,YP,YP,D
11:09:05,JSMR,RG,4020,3,D,YP,YP,D
11:09:05,JSMR,RG,4020,50,D,PD,YP,D
11:09:05,JSMR,RG,4020,100,D,YP,YP,D
11:09:05,JSMR,RG,4020,5,D,KK,YP,D
11:09:05,JSMR,RG,4020,10,D,YP,YP,D
11:09:05,JSMR,RG,4020,1,D,NI,YP,D
11:09:05,JSMR,RG,4020,4,D,KZ,YP,D
11:09:05,JSMR,RG,4020,203,D,GR,YP,D
11:09:01,JSMR,RG,4030,2,D,YP,SQ,D
11:08:52,JSMR,RG,4030,1,D,YP,SQ,D
11:08:32,JSMR,RG,4020,19,D,GR,CC,D
11:08:30,JSMR,RG,4020,28,D,GR,CC,D
11:08:30,JSMR,RG,4020,1,D,YP,CC,D
11:08:30,JSMR,RG,4020,9,D,ZP,CC,D
11:07:51,JSMR,RG,4020,13,D,ZP,CC,D
11:07:32,JSMR,RG,4020,1,D,ZP,CC,D
11:07:32,JSMR,RG,4020,1,D,YP,CC,D
11:07:32,JSMR,RG,4020,3,D,NI,CC,D
11:07:32,JSMR,RG,4020,10,D,YP,CC,D
11:07:32,JSMR,RG,4020,1,D,SQ,CC,D
11:07:32,JSMR,RG,4020,4,D,CC,CC,D
11:07:28,JSMR,RG,4020,39,D,CC,CC,D
11:07:13,JSMR,RG,4020,57,D,CC,CS,D
11:07:13,JSMR,RG,4020,1,D,YP,CS,D
11:07:12,JSMR,RG,4020,24,D,YP,YP,D
11:07:12,JSMR,RG,4020,10,D,PD,YP,D
11:07:12,JSMR,RG,4020,1,D,XC,YP,D
11:07:12,JSMR,RG,4020,1,D,PD,YP,D
11:07:12,JSMR,RG,4020,10,D,CP,YP,D
11:07:12,JSMR,RG,4020,2,D,CC,YP,D
11:07:12,JSMR,RG,4020,1,D,PD,YP,D
11:07:02,JSMR,RG,4020,9,D,PD,OD,D
11:07:02,JSMR,RG,4020,1,D,YP,OD,D
11:07:02,JSMR,RG,4020,1,D,PD,OD,D
11:06:54,JSMR,RG,4020,49,D,PD,IN,D
11:06:54,JSMR,RG,4020,2,D,YP,IN,D
11:06:54,JSMR,RG,4020,199,D,GR,IN,D
11:06:53,JSMR,RG,4030,4,D,CC,SQ,D
11:06:42,JSMR,RG,4030,2,D,PD,SQ,D
11:06:32,JSMR,RG,4020,17,D,GR,CC,D
11:06:28,JSMR,RG,4020,43,D,GR,CC,D
11:06:24,JSMR,RG,4020,1,D,GR,XC,D
11:05:34,JSMR,RG,4020,18,D,GR,IT,D
11:05:32,JSMR,RG,4020,5,D,GR,AZ,D
11:05:32,JSMR,RG,4020,18,D,GR,CC,D
11:05:27,JSMR,RG,4020,52,D,GR,KK,D
11:05:27,JSMR,RG,4020,20,D,GR,KK,D
11:05:27,JSMR,RG,4020,127,D,GR,YP,D
11:05:27,JSMR,RG,4020,3,D,CC,YP,D
11:05:26,JSMR,RG,4020,2,D,CC,CC,D
11:05:26,JSMR,RG,4020,1,D,PD,CC,D
11:05:26,JSMR,RG,4020,1,D,CC,CC,D
11:05:26,JSMR,RG,4020,25,D,AT,CC,D
11:05:26,JSMR,RG,4020,2,D,EP,CC,D
11:05:26,JSMR,RG,4020,3,D,PD,CC,D
11:05:26,JSMR,RG,4020,1,D,XC,CC,D
11:05:23,JSMR,RG,4030,1,D,XC,SQ,D
11:05:07,JSMR,RG,4030,3,D,YP,SQ,D
11:05:06,JSMR,RG,4030,1,D,DR,SQ,D
11:05:06,JSMR,RG,4030,2,D,PD,SQ,D
11:05:06,JSMR,RG,4030,20,D,EP,SQ,D
11:05:06,JSMR,RG,4030,5,D,XC,SQ,D
11:05:06,JSMR,RG,4030,1,D,PD,SQ,D
11:05:06,JSMR,RG,4030,5,D,CC,SQ,D
11:05:06,JSMR,RG,4030,2,D,PD,SQ,D
11:05:06,JSMR,RG,4030,3,D,PD,SQ,D
11:05:06,JSMR,RG,4030,1,D,PD,SQ,D
11:05:06,JSMR,RG,4030,100,D,YP,SQ,D
11:05:06,JSMR,RG,4030,3,D,KZ,SQ,D
11:05:06,JSMR,RG,4030,3,D,XC,SQ,D
11:05:06,JSMR,RG,4030,2,D,YP,SQ,D
11:05:06,JSMR,RG,4030,357,D,XA,SQ,D
11:05:06,JSMR,RG,4030,5,D,KK,SQ,D
11:05:06,JSMR,RG,4030,1,D,PD,SQ,D
11:05:06,JSMR,RG,4030,10,D,XC,SQ,D
11:05:06,JSMR,RG,4030,2,D,CC,SQ,D
11:05:06,JSMR,RG,4030,1,D,PD,SQ,D
11:05:06,JSMR,RG,4030,10,D,YP,SQ,D
11:05:06,JSMR,RG,4030,100,D,CC,SQ,D
11:05:06,JSMR,RG,4030,5,D,CP,SQ,D
11:05:06,JSMR,RG,4030,8,D,EP,SQ,D
11:05:00,JSMR,RG,4030,2,D,EP,IT,D
11:05:00,JSMR,RG,4030,25,D,PD,IT,D
11:05:00,JSMR,RG,4030,1,D,YP,IT,D
11:05:00,JSMR,RG,4030,10,D,XC,IT,D
11:05:00,JSMR,RG,4030,10,D,PD,IT,D
11:05:00,JSMR,RG,4030,4,D,XC,IT,D
11:05:00,JSMR,RG,4030,30,D,IP,IT,D
11:05:00,JSMR,RG,4030,10,D,YP,IT,D
11:05:00,JSMR,RG,4030,10,D,YP,IT,D
11:05:00,JSMR,RG,4030,25,D,YP,IT,D
11:05:00,JSMR,RG,4030,10,D,YP,IT,D
11:05:00,JSMR,RG,4030,3,D,HP,IT,D
11:05:00,JSMR,RG,4030,10,D,YP,IT,D
11:05:00,JSMR,RG,4030,10,D,YP,IT,D
11:05:00,JSMR,RG,4030,10,D,YP,IT,D
11:05:00,JSMR,RG,4030,5,D,IF,IT,D
11:05:00,JSMR,RG,4030,7,D,CC,IT,D
11:05:00,JSMR,RG,4030,25,D,YP,IT,D
11:05:00,JSMR,RG,4030,1,D,NI,IT,D
11:05:00,JSMR,RG,4030,1,D,YP,IT,D
11:05:00,JSMR,RG,4030,5,D,PD,IT,D
11:05:00,JSMR,RG,4030,18,D,IT,IT,D
11:04:45,JSMR,RG,4030,1,D,IT,XC,D
11:04:38,JSMR,RG,4030,5,D,IT,AZ,D
11:04:28,JSMR,RG,4030,46,D,IT,CC,D
11:04:26,JSMR,RG,4030,180,D,IT,NI,D
11:04:26,JSMR,RG,4030,20,D,DR,NI,D
11:04:26,JSMR,RG,4030,2,D,YP,NI,D
11:04:26,JSMR,RG,4030,3,D,PD,NI,D
11:04:26,JSMR,RG,4030,2,D,PD,NI,D
11:04:26,JSMR,RG,4030,5,D,HP,NI,D
11:04:26,JSMR,RG,4030,8,D,PD,NI,D
11:04:26,JSMR,RG,4030,30,D,PD,NI,D
11:04:05,JSMR,RG,4040,1,D,PD,CC,D
11:04:05,JSMR,RG,4040,3,D,PD,CC,F
11:04:05,JSMR,RG,4040,5,D,PD,ZP,F
11:04:05,JSMR,RG,4040,1,D,PD,CS,D
11:04:05,JSMR,RG,4040,1,D,PD,DR,D
11:04:05,JSMR,RG,4040,1,D,PD,CS,D
11:04:05,JSMR,RG,4040,1,D,PD,CS,D
11:04:05,JSMR,RG,4040,2,D,PD,CS,D
11:04:05,JSMR,RG,4040,1,D,PD,CS,D
11:04:05,JSMR,RG,4040,2,D,PD,CS,D
11:04:05,JSMR,RG,4040,6,D,PD,CS,D
11:04:05,JSMR,RG,4040,2,D,PD,CC,D
11:03:46,JSMR,RG,4030,70,D,PD,CC,D
11:03:46,JSMR,RG,4030,130,D,MG,CC,D
11:03:35,JSMR,RG,4040,1,D,YP,CC,D
11:03:28,JSMR,RG,4030,42,D,MG,CC,D
11:03:24,JSMR,RG,4040,5,D,YP,CC,D
11:03:22,JSMR,RG,4030,10,D,MG,OD,D
11:03:07,JSMR,RG,4040,5,D,YP,CC,D
11:03:00,JSMR,RG,4030,5,D,MG,ZP,F
11:02:42,JSMR,RG,4040,3,D,DH,CC,D
11:02:36,JSMR,RG,4030,1,D,MG,CC,D
11:02:26,JSMR,RG,4030,35,D,MG,CC,D
11:02:11,JSMR,RG,4030,1,D,MG,PD,D
11:01:45,JSMR,RG,4030,6,D,MG,ZP,F
11:01:40,JSMR,RG,4040,5,D,AT,CC,D
11:01:37,JSMR,RG,4030,1,D,MG,CC,D
11:01:35,JSMR,RG,4040,3,D,YP,CC,D
11:01:28,JSMR,RG,4030,2,D,MG,DH,D
11:01:26,JSMR,RG,4030,15,D,MG,CC,D
11:01:26,JSMR,RG,4030,10,D,NI,CC,D
11:01:26,JSMR,RG,4030,13,D,XC,CC,D
11:01:13,JSMR,RG,4030,16,D,XC,YP,D
11:01:08,JSMR,RG,4040,1,D,CC,CC,D
11:01:08,JSMR,RG,4040,10,D,CC,BQ,D
11:01:08,JSMR,RG,4040,1,D,CC,CC,F
11:01:08,JSMR,RG,4040,38,D,CC,CS,F
11:01:01,JSMR,RG,4040,5,D,YP,CS,F
11:00:51,JSMR,RG,4040,100,D,PD,CS,F
11:00:28,JSMR,RG,4040,1,D,YP,CS,F
11:00:28,JSMR,RG,4040,32,D,CP,CS,F
11:00:28,JSMR,RG,4040,1,D,CP,ZP,F
11:00:28,JSMR,RG,4040,10,D,CP,BQ,D
11:00:28,JSMR,RG,4040,2,D,CP,DR,D
11:00:28,JSMR,RG,4040,155,D,CP,CC,D
11:00:26,JSMR,RG,4030,21,D,XC,CC,D
11:00:26,JSMR,RG,4030,20,D,PD,CC,D
10:59:57,JSMR,RG,4030,10,D,PD,XC,D
10:59:57,JSMR,RG,4030,1,D,DR,XC,D
10:59:50,JSMR,RG,4030,5,D,DR,CC,D
10:59:28,JSMR,RG,4030,4,D,DR,CC,D
10:59:28,JSMR,RG,4030,10,D,YP,CC,D
10:59:28,JSMR,RG,4030,23,D,ZP,CC,D
10:59:02,JSMR,RG,4040,3,D,KK,CC,D
10:58:42,JSMR,RG,4040,1,D,CC,CC,D
10:58:33,JSMR,RG,4030,102,D,ZP,YP,D
10:58:33,JSMR,RG,4030,8,D,PD,YP,D
10:58:32,JSMR,RG,4030,16,D,PD,CC,D
10:58:29,JSMR,RG,4040,13,D,SQ,CC,D
10:58:28,JSMR,RG,4040,5,D,YP,CC,D
10:58:28,JSMR,RG,4040,3,D,KZ,CC,D
10:58:13,JSMR,RG,4040,1,D,KZ,SQ,D
10:58:13,JSMR,RG,4040,5,D,PD,SQ,D
10:58:13,JSMR,RG,4040,7,D,DH,SQ,D
10:58:13,JSMR,RG,4040,1,D,PD,SQ,D
10:58:13,JSMR,RG,4040,1,D,XC,SQ,D
10:58:13,JSMR,RG,4040,4,D,PD,SQ,D
10:58:13,JSMR,RG,4040,10,D,PD,SQ,D
10:58:13,JSMR,RG,4040,20,D,YP,SQ,D
10:58:13,JSMR,RG,4040,2,D,SQ,SQ,D
10:58:13,JSMR,RG,4040,1,D,DH,SQ,D
10:58:13,JSMR,RG,4040,10,D,YP,SQ,D
10:58:13,JSMR,RG,4040,10,D,YP,SQ,D
10:58:13,JSMR,RG,4040,15,D,AF,SQ,D
10:58:13,JSMR,RG,4040,1,D,PD,SQ,D
10:58:13,JSMR,RG,4040,90,D,CC,SQ,D
10:58:13,JSMR,RG,4040,25,D,YP,SQ,D
10:58:13,JSMR,RG,4040,50,D,CC,SQ,D
10:58:13,JSMR,RG,4040,137,D,CC,SQ,D
10:58:01,JSMR,RG,4040,10,D,CC,YP,D
10:57:59,JSMR,RG,4040,253,D,CC,AG,D
10:57:59,JSMR,RG,4040,1,D,YP,AG,D
10:57:59,JSMR,RG,4040,5,D,EP,AG,D
10:57:59,JSMR,RG,4040,25,D,YP,AG,D
10:57:59,JSMR,RG,4040,50,D,YP,AG,D
10:57:59,JSMR,RG,4040,2,D,PD,AG,D
10:57:59,JSMR,RG,4040,10,D,CC,AG,D
10:57:59,JSMR,RG,4040,2,D,YP,AG,D
10:57:59,JSMR,RG,4040,1,D,YP,AG,D
10:57:59,JSMR,RG,4040,1,D,PD,AG,D
10:57:59,JSMR,RG,4040,50,D,NI,AG,D
10:57:50,JSMR,RG,4040,1,D,NI,XC,D
10:57:38,JSMR,RG,4040,25,D,NI,CP,D
10:57:37,JSMR,RG,4040,1,D,NI,XC,D
10:57:30,JSMR,RG,4040,39,D,NI,CC,D
10:57:23,JSMR,RG,4040,10,D,NI,BQ,D
10:57:21,JSMR,RG,4040,10,D,NI,BQ,D
10:57:12,JSMR,RG,4040,10,D,NI,BQ,D
10:56:57,JSMR,RG,4050,10,D,YP,CC,D
10:56:32,JSMR,RG,4050,3,D,XC,CC,D
10:56:31,JSMR,RG,4040,4,D,NI,YP,D
10:56:31,JSMR,RG,4040,11,D,KK,YP,D
10:56:30,JSMR,RG,4040,39,D,KK,CC,D
10:56:24,JSMR,RG,4050,2,D,XC,CC,D
10:56:14,JSMR,RG,4050,91,D,PD,CC,D
10:56:14,JSMR,RG,4050,9,D,PD,CC,D
10:56:11,JSMR,RG,4050,8,D,PD,CC,D
10:56:11,JSMR,RG,4050,16,D,PD,CC,D
10:56:11,JSMR,RG,4050,4,D,PD,CS,D
10:56:11,JSMR,RG,4050,1,D,PD,DR,D
10:56:11,JSMR,RG,4050,67,D,PD,AK,F
10:56:11,JSMR,RG,4050,4,D,PD,AG,D
10:55:47,JSMR,RG,4050,10,D,YP,AG,D
10:55:47,JSMR,RG,4050,1,D,NI,AG,D
10:55:47,JSMR,RG,4050,75,D,PD,AG,D
10:55:47,JSMR,RG,4050,1,D,YP,AG,D
10:55:47,JSMR,RG,4050,5,D,CC,AG,D
10:55:47,JSMR,RG,4050,10,D,SQ,AG,D
10:55:47,JSMR,RG,4050,2,D,PD,AG,D
10:55:47,JSMR,RG,4050,100,D,DH,AG,D
10:55:47,JSMR,RG,4050,2,D,XC,AG,D
10:55:47,JSMR,RG,4050,50,D,CC,AG,D
10:55:47,JSMR,RG,4050,10,D,YP,AG,D
10:55:47,JSMR,RG,4050,2,D,YP,AG,D
10:55:47,JSMR,RG,4050,1,D,PD,AG,D
10:55:47,JSMR,RG,4050,4,D,XC,AG,D
10:55:47,JSMR,RG,4050,3,D,EP,AG,D
10:55:47,JSMR,RG,4050,2,D,YP,AG,D
10:55:47,JSMR,RG,4050,5,D,TP,AG,D
10:55:47,JSMR,RG,4050,12,D,XC,AG,D
10:55:47,JSMR,RG,4050,5,D,TP,AG,D
10:55:47,JSMR,RG,4050,2,D,CC,AG,D
10:55:47,JSMR,RG,4050,59,D,CC,AG,D
10:55:47,JSMR,RG,4050,10,D,XC,AG,D
10:55:47,JSMR,RG,4050,25,D,DR,AG,D
10:55:44,JSMR,RG,4050,9,D,DR,YP,D
10:55:30,JSMR,RG,4050,16,D,DR,CC,D
10:55:30,JSMR,RG,4050,5,D,PD,CC,D
10:55:30,JSMR,RG,4050,5,D,PD,CC,D
10:55:30,JSMR,RG,4050,5,D,KK,CC,D
10:55:30,JSMR,RG,4050,9,D,YP,CC,D
10:55:26,JSMR,RG,4060,1,D,KZ,DR,D
10:55:26,JSMR,RG,4060,2,D,KZ,CS,D
10:55:08,JSMR,RG,4050,16,D,YP,CC,D
10:54:30,JSMR,RG,4050,36,D,ZR,CC,D
10:54:08,JSMR,RG,4050,14,D,ZR,CC,D
10:54:08,JSMR,RG,4050,1,D,YP,CC,D
10:54:01,JSMR,RG,4050,1,D,YP,XC,D
10:53:36,JSMR,RG,4050,5,D,YP,DR,D
10:53:34,JSMR,RG,4050,1,D,YP,DR,D
10:53:30,JSMR,RG,4050,2,D,YP,CC,D
10:53:30,JSMR,RG,4050,5,D,KK,CC,D
10:53:30,JSMR,RG,4050,25,D,YP,CC,D
10:53:30,JSMR,RG,4050,8,D,DR,CC,D
10:53:16,JSMR,RG,4050,2,D,DR,ZP,F
10:53:16,JSMR,RG,4050,9,D,YP,ZP,F
10:53:11,JSMR,RG,4050,41,D,YP,CC,D
10:53:11,JSMR,RG,4050,1,D,NI,CC,D
10:53:11,JSMR,RG,4050,5,D,PD,CC,D
10:53:11,JSMR,RG,4050,200,D,YP,CC,D
10:53:11,JSMR,RG,4050,2,D,YP,CC,D
10:53:11,JSMR,RG,4050,10,D,PD,CC,D
10:53:10,JSMR,RG,4050,15,D,PD,CC,D
10:53:10,JSMR,RG,4050,2,D,CC,CC,D
10:53:05,JSMR,RG,4050,3,D,CC,HP,D
10:52:32,JSMR,RG,4050,37,D,CC,CC,D
10:52:12,JSMR,RG,4050,17,D,CC,CC,D
10:51:51,JSMR,RG,4050,17,D,CC,CC,D
10:51:34,JSMR,RG,4050,43,D,CC,CC,D
10:51:12,JSMR,RG,4050,16,D,CC,CC,D
10:50:46,JSMR,RG,4060,2,D,YP,CS,D
10:50:39,JSMR,RG,4060,1,D,PD,CS,D
10:50:34,JSMR,RG,4050,37,D,CC,CC,D
10:50:30,JSMR,RG,4050,5,D,CC,DR,D
10:50:21,JSMR,RG,4050,2,D,CC,ZP,F
10:50:19,JSMR,RG,4050,8,D,CC,ZP,F
10:50:17,JSMR,RG,4050,42,D,CC,KK,D
10:50:10,JSMR,RG,4050,19,D,CC,CC,D
10:50:06,JSMR,RG,4060,2,D,YP,CS,D
10:50:03,JSMR,RG,4050,1,D,CC,YP,D
10:49:37,JSMR,RG,4050,1,D,CC,CC,D
10:49:37,JSMR,RG,4050,5,D,AZ,CC,D
10:49:37,JSMR,RG,4050,1,D,YP,CC,D
10:49:37,JSMR,RG,4050,5,D,CC,CC,D
10:49:34,JSMR,RG,4060,5,D,XC,CC,D
10:49:34,JSMR,RG,4060,20,D,PD,CC,D
10:49:34,JSMR,RG,4060,2,D,KZ,CC,D
10:49:30,JSMR,RG,4060,2,D,KZ,PD,D
10:49:30,JSMR,RG,4060,33,D,PD,PD,D
10:49:29,JSMR,RG,4060,50,D,PD,AG,D
10:49:27,JSMR,RG,4060,17,D,PD,YP,D
10:49:27,JSMR,RG,4060,15,D,PD,YP,D
10:49:27,JSMR,RG,4060,2,D,YP,YP,D
10:49:27,JSMR,RG,4060,10,D,YP,YP,D
10:49:27,JSMR,RG,4060,3,D,EP,YP,D
10:49:27,JSMR,RG,4060,1,D,XC,YP,D
10:49:27,JSMR,RG,4060,1,D,YP,YP,D
10:49:27,JSMR,RG,4060,6,D,EP,YP,D
10:49:27,JSMR,RG,4060,10,D,YP,YP,D
10:49:27,JSMR,RG,4060,100,D,DH,YP,D
10:49:27,JSMR,RG,4060,1,D,YP,YP,D
10:49:27,JSMR,RG,4060,3,D,YP,YP,D
10:49:27,JSMR,RG,4060,5,D,YP,YP,D
10:49:27,JSMR,RG,4060,10,D,YP,YP,D
10:49:27,JSMR,RG,4060,19,D,YP,YP,D
10:49:24,JSMR,RG,4060,6,D,YP,SQ,D
10:49:24,JSMR,RG,4060,1,D,YP,SQ,D
10:49:24,JSMR,RG,4060,3,D,CC,SQ,D
10:49:18,JSMR,RG,4060,200,D,CC,AG,D
10:49:12,JSMR,RG,4060,47,D,CC,AG,D
10:49:12,JSMR,RG,4060,1,D,PD,AG,D
10:49:12,JSMR,RG,4060,1,D,PD,AG,D
10:49:12,JSMR,RG,4060,1,D,YP,AG,D
10:49:12,JSMR,RG,4060,2,D,XC,AG,D
10:49:12,JSMR,RG,4060,1,D,SQ,AG,D
10:49:12,JSMR,RG,4060,2,D,YP,AG,D
10:49:12,JSMR,RG,4060,1,D,NI,AG,D
10:49:12,JSMR,RG,4060,144,D,CC,AG,D
10:49:10,JSMR,RG,4060,16,D,CC,CC,D
10:48:49,JSMR,RG,4060,10,D,CC,ZP,D
10:48:32,JSMR,RG,4060,37,D,CC,CC,D
10:48:20,JSMR,RG,4060,5,D,CC,AZ,D
10:48:10,JSMR,RG,4060,18,D,CC,CC,D
10:47:51,JSMR,RG,4060,6,D,CC,YP,D
10:47:34,JSMR,RG,4060,17,D,CC,CC,D
10:47:34,JSMR,RG,4060,5,D,DH,CC,D
10:47:34,JSMR,RG,4060,23,D,CC,CC,D
10:47:24,JSMR,RG,4060,43,D,CC,PD,D
10:47:20,JSMR,RG,4070,100,D,PD,SQ,D
10:47:19,JSMR,RG,4070,10,D,YP,SQ,D
10:47:09,JSMR,RG,4070,5,D,YP,SQ,D
10:47:09,JSMR,RG,4060,10,D,CC,DR,D
10:47:08,JSMR,RG,4060,21,D,CC,CC,D
10:46:51,JSMR,RG,4070,5,D,XC,SQ,D
10:46:42,JSMR,RG,4070,5,D,PD,SQ,D
10:46:41,JSMR,RG,4070,40,D,YP,SQ,D
10:46:41,JSMR,RG,4070,30,D,YP,SQ,D
10:46:41,JSMR,RG,4070,4,D,NI,SQ,D
10:46:41,JSMR,RG,4070,100,D,PD,SQ,D
10:46:41,JSMR,RG,4070,5,D,KK,SQ,D
10:46:41,JSMR,RG,4070,5,D,DR,SQ,D
10:46:41,JSMR,RG,4070,1,D,XC,SQ,D
10:46:41,JSMR,RG,4070,100,D,PD,SQ,D
10:46:41,JSMR,RG,4070,5,D,YP,SQ,D
10:46:41,JSMR,RG,4070,10,D,YP,SQ,D
10:46:41,JSMR,RG,4070,1,D,PD,SQ,D
10:46:41,JSMR,RG,4070,3,D,YP,SQ,D
10:46:41,JSMR,RG,4070,15,D,AZ,SQ,D
10:46:41,JSMR,RG,4070,3,D,EP,SQ,D
10:46:41,JSMR,RG,4070,5,D,YP,SQ,D
10:46:41,JSMR,RG,4070,10,D,KK,SQ,D
10:46:41,JSMR,RG,4070,1,D,KK,SQ,D
10:46:41,JSMR,RG,4070,3,D,CC,SQ,D
10:46:41,JSMR,RG,4070,2,D,CC,SQ,D
10:46:41,JSMR,RG,4070,5,D,YP,SQ,D
10:46:41,JSMR,RG,4070,10,D,KK,SQ,D
10:46:41,JSMR,RG,4070,20,D,DR,SQ,D
10:46:41,JSMR,RG,4070,43,D,CC,SQ,D
10:46:37,JSMR,RG,4070,7,D,CC,CC,D
10:46:37,JSMR,RG,4070,1,D,YP,CC,D
10:46:37,JSMR,RG,4070,1,D,CC,CC,D
10:46:37,JSMR,RG,4070,1,D,CC,CC,D
10:46:34,JSMR,RG,4070,38,D,CC,CC,D
10:46:17,JSMR,RG,4070,1,D,CC,AZ,D
10:46:17,JSMR,RG,4070,1,D,PD,AZ,D
10:46:17,JSMR,RG,4070,3,D,RG,AZ,D
10:46:06,JSMR,RG,4070,2,D,RG,CC,D
10:46:06,JSMR,RG,4070,5,D,KK,CC,D
10:46:06,JSMR,RG,4070,2,D,PD,CC,D
10:46:06,JSMR,RG,4070,5,D,CC,CC,D
10:46:06,JSMR,RG,4070,2,D,YP,CC,D
10:46:06,JSMR,RG,4070,1,D,YP,CC,D
10:45:34,JSMR,RG,4070,4,D,YP,CC,D
10:45:34,JSMR,RG,4070,10,D,CC,CC,D
10:45:34,JSMR,RG,4070,20,D,MG,CC,D
10:45:34,JSMR,RG,4070,6,D,YP,CC,D
10:45:16,JSMR,RG,4080,3,D,KZ,CC,D
10:45:10,JSMR,RG,4070,4,D,YP,XC,D
10:45:10,JSMR,RG,4070,20,D,PD,XC,D
10:45:08,JSMR,RG,4070,16,D,CC,CC,D
10:45:07,JSMR,RG,4080,30,D,CC,CC,D
10:44:50,JSMR,RG,4080,100,D,KK,CC,D
10:44:32,JSMR,RG,4070,38,D,CC,CC,D
10:44:25,JSMR,RG,4080,1,D,YP,CC,D
10:44:06,JSMR,RG,4070,16,D,CC,CC,D
10:43:37,JSMR,RG,4080,5,D,XC,CC,D
10:43:36,JSMR,RG,4070,100,D,CC,YP,D
10:43:34,JSMR,RG,4070,30,D,CC,CC,D
10:43:34,JSMR,RG,4070,5,D,CC,CC,D
10:43:32,JSMR,RG,4070,8,D,XC,PD,D
10:43:32,JSMR,RG,4070,1,D,DR,PD,D
10:43:32,JSMR,RG,4070,41,D,CC,PD,D
10:43:25,JSMR,RG,4080,1,D,YP,CC,D
10:43:23,JSMR,RG,4070,1,D,CC,DR,D
10:43:09,JSMR,RG,4070,3,D,CC,ZP,F
10:43:04,JSMR,RG,4070,14,D,CC,CC,D
10:42:55,JSMR,RG,4080,1,D,YP,CC,D
10:42:45,JSMR,RG,4080,110,D,GR,CC,D
10:42:45,JSMR,RG,4080,15,D,GR,CC,D
10:42:45,JSMR,RG,4070,2,D,CC,YP,D
10:42:34,JSMR,RG,4070,35,D,CC,CC,D
10:42:17,JSMR,RG,4070,1,D,CC,DR,D
10:42:12,JSMR,RG,4080,2,D,CC,CC,D
10:42:12,JSMR,RG,4080,2,D,CC,DR,D
10:42:12,JSMR,RG,4080,10,D,CC,CS,D
10:42:12,JSMR,RG,4080,11,D,CC,YP,D
10:42:06,JSMR,RG,4070,15,D,CC,CC,D
10:42:05,JSMR,RG,4070,1,D,CC,ZP,F
10:42:03,JSMR,RG,4070,4,D,CC,ZP,F
10:41:40,JSMR,RG,4070,10,D,CC,XC,D
10:41:34,JSMR,RG,4070,39,D,CC,CC,D
10:41:27,JSMR,RG,4080,1,D,EP,YP,D
10:41:13,JSMR,RG,4080,1,D,YP,YP,D
10:41:06,JSMR,RG,4070,16,D,CC,CC,D
10:41:03,JSMR,RG,4080,3,D,EP,YP,D
10:40:57,JSMR,RG,4080,22,F,BK,YP,D
10:40:57,JSMR,RG,4080,25,D,PD,YP,D
10:40:57,JSMR,RG,4080,1,D,YP,YP,D
10:40:57,JSMR,RG,4080,16,D,PD,YP,D
10:40:56,JSMR,RG,4080,34,D,PD,YP,D
10:40:56,JSMR,RG,4080,20,D,EP,YP,D
10:40:56,JSMR,RG,4080,2,D,YP,YP,D
10:40:56,JSMR,RG,4080,2,D,SQ,YP,D
10:40:56,JSMR,RG,4080,1,D,YP,YP,D
10:40:56,JSMR,RG,4080,21,D,PD,YP,D
10:40:54,JSMR,RG,4080,5,D,PD,SQ,D
10:40:54,JSMR,RG,4080,15,D,CC,SQ,D
10:40:54,JSMR,RG,4080,200,D,AG,SQ,D
10:40:54,JSMR,RG,4080,70,F,BK,SQ,D
10:40:54,JSMR,RG,4080,3,D,PD,SQ,D
10:40:54,JSMR,RG,4080,15,F,BK,SQ,D
10:40:54,JSMR,RG,4080,192,D,PD,SQ,D
10:40:43,JSMR,RG,4080,58,D,PD,YP,D
10:40:43,JSMR,RG,4080,5,D,YP,YP,D
10:40:43,JSMR,RG,4080,1,D,XC,YP,D
10:40:43,JSMR,RG,4080,2,D,XC,YP,D
10:40:43,JSMR,RG,4080,11,F,BK,YP,D
10:40:43,JSMR,RG,4080,323,D,CC,YP,D
10:40:36,JSMR,RG,4080,38,D,CC,CC,D
10:40:11,JSMR,RG,4090,1,D,YP,XA,D
10:40:08,JSMR,RG,4090,1,D,XC,XA,D
10:40:04,JSMR,RG,4080,22,D,CC,CC,D
10:39:34,JSMR,RG,4080,41,D,CC,CC,D
10:39:23,JSMR,RG,4080,39,D,CC,PD,D
10:39:04,JSMR,RG,4080,14,D,CC,CC,D
10:38:41,JSMR,RG,4080,4,D,CC,PD,D
10:38:32,JSMR,RG,4090,1,D,YP,XA,D
10:38:32,JSMR,RG,4080,19,D,CC,CC,D
10:38:32,JSMR,RG,4080,16,F,BK,CC,D
10:38:32,JSMR,RG,4080,2,D,YB,CC,D
10:38:27,JSMR,RG,4080,47,D,YB,YP,D
10:38:25,JSMR,RG,4080,5,D,YB,AI,D
10:38:10,JSMR,RG,4090,2,D,EP,XA,D
10:38:04,JSMR,RG,4080,19,D,YB,CC,D
10:37:40,JSMR,RG,4080,5,D,YB,KK,D
10:37:33,JSMR,RG,4090,5,D,YP,XA,D
10:37:32,JSMR,RG,4080,22,D,YB,CC,D
10:37:32,JSMR,RG,4080,12,F,BK,CC,D
10:37:32,JSMR,RG,4080,3,D,PD,CC,D
10:37:28,JSMR,RG,4090,4,D,KZ,XA,D
10:37:28,JSMR,RG,4090,5,D,DH,XA,D
10:37:28,JSMR,RG,4090,1,D,YP,XA,D
10:37:28,JSMR,RG,4090,5,D,YP,XA,D
10:37:28,JSMR,RG,4090,2,D,YP,XA,D
10:37:28,JSMR,RG,4090,11,D,PD,XA,D
10:37:28,JSMR,RG,4090,27,D,PD,XA,D
10:37:28,JSMR,RG,4090,50,D,PD,XA,D
10:37:28,JSMR,RG,4090,58,F,BK,XA,D
10:37:28,JSMR,RG,4090,184,D,PD,XA,D
10:37:22,JSMR,RG,4100,5,D,DH,YP,F
10:37:02,JSMR,RG,4090,18,D,PD,CC,D
10:36:34,JSMR,RG,4090,44,D,PD,CC,D
10:36:31,JSMR,RG,4100,3,D,YP,YP,F
10:36:31,JSMR,RG,4100,2,D,YP,NI,D
10:36:14,JSMR,RG,4090,5,D,PD,CC,D
10:36:00,JSMR,RG,4090,15,D,PD,CC,D
10:35:51,JSMR,RG,4100,10,D,XC,NI,D
10:35:45,JSMR,RG,4100,2,D,YP,NI,D
10:35:37,JSMR,RG,4100,4,D,PD,NI,D
10:35:32,JSMR,RG,4090,34,D,PD,CC,D
10:35:32,JSMR,RG,4090,8,D,PD,CC,D
10:35:32,JSMR,RG,4100,1,D,YP,NI,D
10:35:01,JSMR,RG,4090,9,D,PD,XC,D
10:35:00,JSMR,RG,4090,18,D,PD,CC,D
10:34:39,JSMR,RG,4090,1,D,PD,PD,D
10:33:56,JSMR,RG,4090,34,D,PD,CC,D
10:33:56,JSMR,RG,4090,9,D,PD,CS,D
10:33:56,JSMR,RG,4090,18,D,PD,CC,D
10:33:56,JSMR,RG,4090,203,D,PD,SQ,D
10:33:53,JSMR,RG,4090,10,D,YP,SQ,D
10:33:51,JSMR,RG,4090,12,F,BK,SQ,D
10:33:50,JSMR,RG,4090,25,D,EP,SQ,D
10:33:50,JSMR,RG,4090,2,D,XC,SQ,D
10:33:50,JSMR,RG,4090,18,D,YP,SQ,D
10:33:50,JSMR,RG,4090,10,D,DR,SQ,D
10:33:50,JSMR,RG,4090,1,D,DH,SQ,D
10:33:50,JSMR,RG,4090,47,F,BK,SQ,D
10:33:50,JSMR,RG,4090,72,D,YP,SQ,D
10:33:49,JSMR,RG,4090,5,D,YP,KK,D
10:33:35,JSMR,RG,4090,5,D,YP,OD,D
10:33:32,JSMR,RG,4090,18,D,YP,CC,D
10:33:32,JSMR,RG,4090,24,D,AG,CC,D
10:33:02,JSMR,RG,4090,17,D,AG,CC,D
10:32:52,JSMR,RG,4100,2,D,EP,NI,D
10:32:47,JSMR,RG,4090,38,D,AG,NI,D
10:32:12,JSMR,RG,4090,17,D,AG,CS,D
10:32:12,JSMR,RG,4090,1,D,AG,CS,D
10:32:12,JSMR,RG,4090,8,D,AG,CS,D
10:32:11,JSMR,RG,4090,7,D,AG,CS,D
10:32:11,JSMR,RG,4090,10,D,AG,CS,D
10:32:11,JSMR,RG,4090,37,D,AG,CC,D
10:32:11,JSMR,RG,4090,6,D,AG,ZP,F
10:32:11,JSMR,RG,4090,2,D,AG,DR,D
10:32:11,JSMR,RG,4090,1,D,AG,CS,D
10:32:11,JSMR,RG,4090,13,D,AG,CS,D
10:32:11,JSMR,RG,4090,19,D,AG,CC,D
10:32:04,JSMR,RG,4080,18,D,PD,CC,D
10:32:02,JSMR,RG,4090,5,D,CC,CC,D
10:32:01,JSMR,RG,4090,3,D,KZ,CC,D
10:32:01,JSMR,RG,4090,1,D,DX,CC,D
10:32:01,JSMR,RG,4090,22,F,BK,CC,D
10:31:58,JSMR,RG,4090,29,F,BK,CC,D
10:31:58,JSMR,RG,4090,28,D,PD,CC,D
10:31:09,JSMR,RG,4090,19,D,CC,CS,D
10:31:09,JSMR,RG,4090,281,D,CC,CC,D
10:30:55,JSMR,RG,4090,6,D,CC,CC,D
10:30:55,JSMR,RG,4090,40,D,CC,CC,D
10:30:55,JSMR,RG,4090,17,D,CC,CC,D
10:30:55,JSMR,RG,4090,5,D,CC,CS,D
10:30:45,JSMR,RG,4090,17,D,YP,CS,D
10:30:45,JSMR,RG,4090,3,D,YP,CS,D
10:30:36,JSMR,RG,4080,42,D,PD,CC,D
10:30:28,JSMR,RG,4090,2,D,EP,CS,D
10:30:04,JSMR,RG,4080,15,D,PD,CC,D
10:29:40,JSMR,RG,4080,32,D,PD,CC,D
10:29:35,JSMR,RG,4080,1,D,PD,TF,D
10:29:34,JSMR,RG,4090,3,D,GR,CC,D
10:29:31,JSMR,RG,4090,14,D,IN,CC,D
10:29:31,JSMR,RG,4090,100,D,IN,SQ,D
10:29:31,JSMR,RG,4090,9,D,IN,CS,D
10:29:31,JSMR,RG,4090,8,D,IN,CS,D
10:29:31,JSMR,RG,4090,20,D,IN,CC,D
10:29:31,JSMR,RG,4090,7,D,IN,ZP,F
10:29:31,JSMR,RG,4090,4,D,IN,DR,D
10:29:31,JSMR,RG,4090,19,D,IN,CS,D
10:29:31,JSMR,RG,4090,69,D,IN,NI,D
10:29:19,JSMR,RG,4080,1,D,PD,XC,D
10:29:14,JSMR,RG,4080,88,D,PD,CC,D
10:29:14,JSMR,RG,4080,25,D,YP,CC,D
10:29:14,JSMR,RG,4080,5,D,YP,CC,D
10:29:14,JSMR,RG,4080,12,F,BK,CC,D
10:29:14,JSMR,RG,4080,1,D,PD,CC,D
10:29:14,JSMR,RG,4080,1,D,PD,CC,D
10:29:14,JSMR,RG,4080,10,D,YP,CC,D
10:29:14,JSMR,RG,4080,1,D,YP,CC,D
10:29:14,JSMR,RG,4080,2,D,YP,CC,D
10:29:14,JSMR,RG,4080,2,D,EP,CC,D
10:29:14,JSMR,RG,4080,10,D,YP,CC,D
10:29:14,JSMR,RG,4080,2,D,YP,CC,D
10:29:14,JSMR,RG,4080,1,D,DX,CC,D
10:29:14,JSMR,RG,4080,5,D,YP,CC,D
10:29:14,JSMR,RG,4080,14,F,BK,CC,D
10:29:14,JSMR,RG,4080,3,D,HP,CC,D
10:29:14,JSMR,RG,4080,50,D,PD,CC,D
10:29:14,JSMR,RG,4080,5,D,YP,CC,D
10:29:14,JSMR,RG,4080,18,D,YB,CC,D
10:29:12,JSMR,RG,4080,25,D,YB,OD,D
10:29:04,JSMR,RG,4080,18,D,YB,CC,D
10:28:37,JSMR,RG,4080,10,D,YB,CC,D
10:28:34,JSMR,RG,4080,29,D,YB,CC,D
10:28:34,JSMR,RG,4080,2,D,CC,CC,D
10:28:34,JSMR,RG,4080,5,D,CC,CC,D
10:28:34,JSMR,RG,4080,8,D,DR,CC,D
10:28:18,JSMR,RG,4080,4,D,DR,YP,D
10:28:18,JSMR,RG,4080,1,D,YP,YP,D
10:28:18,JSMR,RG,4080,1,D,YP,YP,D
10:28:18,JSMR,RG,4080,1,D,CC,YP,D
10:28:18,JSMR,RG,4080,30,D,CC,YP,D
10:28:18,JSMR,RG,4080,100,D,NI,YP,D
10:28:18,JSMR,RG,4080,5,D,KK,YP,D
10:28:18,JSMR,RG,4080,5,D,RG,YP,D
10:28:18,JSMR,RG,4080,1,D,YP,YP,D
10:28:13,JSMR,RG,4090,10,D,PD,NI,D
10:28:05,JSMR,RG,4090,2,D,PD,NI,D
10:28:02,JSMR,RG,4080,17,D,YP,CC,D
10:27:52,JSMR,RG,4090,11,F,BK,NI,D
10:27:52,JSMR,RG,4090,8,D,CC,NI,D
10:27:50,JSMR,RG,4090,2,D,CC,DR,D
10:27:41,JSMR,RG,4090,3,D,CC,ZP,F
10:27:34,JSMR,RG,4090,37,D,CC,CC,D
10:27:02,JSMR,RG,4090,4,D,KZ,CC,D
10:27:02,JSMR,RG,4090,1,D,PD,CC,D
10:27:02,JSMR,RG,4090,6,D,EP,CC,D
10:27:02,JSMR,RG,4090,6,F,BK,CC,D
10:26:49,JSMR,RG,4100,1,D,PD,NI,D
10:26:36,JSMR,RG,4090,5,F,BK,CC,D
10:26:36,JSMR,RG,4090,10,D,AZ,CC,D
10:26:36,JSMR,RG,4090,2,D,PD,CC,D
10:26:36,JSMR,RG,4090,1,D,CC,CC,D
10:26:36,JSMR,RG,4090,1,D,PD,CC,D
10:26:36,JSMR,RG,4090,3,D,TF,CC,D
10:26:36,JSMR,RG,4090,5,D,YP,CC,D
10:26:36,JSMR,RG,4090,13,D,YP,CC,D
10:26:28,JSMR,RG,4090,7,D,YP,SQ,D
10:26:28,JSMR,RG,4090,25,D,CC,SQ,D
10:26:28,JSMR,RG,4090,14,F,BK,SQ,D
10:26:28,JSMR,RG,4090,200,D,CP,SQ,D
10:26:28,JSMR,RG,4090,54,D,PD,SQ,D
10:26:24,JSMR,RG,4090,1,D,PD,PD,D
10:26:06,JSMR,RG,4090,5,D,PD,OD,D
10:26:00,JSMR,RG,4090,18,D,PD,CC,D
10:25:43,JSMR,RG,4090,1,D,PD,XL,D
10:25:41,JSMR,RG,4090,41,D,PD,DX,D
10:25:38,JSMR,RG,4090,34,D,PD,CC,D
10:25:25,JSMR,RG,4090,46,D,PD,XC,D
10:25:25,JSMR,RG,4090,2,D,XC,XC,D
10:25:25,JSMR,RG,4090,2,F,BK,XC,D
10:24:58,JSMR,RG,4090,8,F,BK,CC,D
10:24:58,JSMR,RG,4090,12,D,YP,CC,D
10:24:46,JSMR,RG,4100,3,D,KZ,NI,D
10:24:43,JSMR,RG,4090,10,D,YP,CC,D
10:24:40,JSMR,RG,4090,39,D,YP,CC,D
10:24:20,JSMR,RG,4090,2,D,YP,YU,D
10:23:58,JSMR,RG,4090,18,D,YP,CC,D
10:23:40,JSMR,RG,4090,38,D,YP,CC,D
10:23:34,JSMR,RG,4100,10,D,EP,NI,D
10:23:13,JSMR,RG,4100,25,D,CC,NI,D
10:23:06,JSMR,RG,4100,140,D,YP,NI,D
10:23:06,JSMR,RG,4100,5,D,YP,CP,D
10:23:06,JSMR,RG,4100,3,D,YP,XC,D
10:22:54,JSMR,RG,4100,1,D,PD,XC,D
10:22:38,JSMR,RG,4100,1,D,YP,XC,D
10:22:38,JSMR,RG,4100,1,D,YP,XC,D
10:22:38,JSMR,RG,4100,1,D,YP,XC,D
10:22:22,JSMR,RG,4090,6,D,YP,CS,D
10:22:22,JSMR,RG,4090,23,D,YP,CS,D
10:22:22,JSMR,RG,4090,4,D,YP,CS,D
10:22:22,JSMR,RG,4090,1,D,YP,CS,D
10:22:22,JSMR,RG,4090,1,D,YP,CS,D
10:22:22,JSMR,RG,4090,1,D,YP,CS,D
10:22:22,JSMR,RG,4090,3,D,YP,CS,D
10:22:22,JSMR,RG,4090,2,D,YP,CS,D
10:22:22,JSMR,RG,4090,1,D,YP,CS,D
10:22:22,JSMR,RG,4090,17,D,YP,CC,D
10:22:22,JSMR,RG,4090,25,D,YP,CC,D
10:22:13,JSMR,RG,4090,14,D,CC,CC,D
10:22:13,JSMR,RG,4090,2,D,CC,KK,D
10:22:13,JSMR,RG,4090,5,D,CC,ZP,D
10:22:13,JSMR,RG,4090,1,D,CC,PD,D
10:22:13,JSMR,RG,4090,17,D,CC,CC,D
10:22:13,JSMR,RG,4090,2,D,CC,CS,D
10:22:13,JSMR,RG,4090,3,D,CC,CS,D
10:22:13,JSMR,RG,4090,8,D,CC,CS,D
10:22:13,JSMR,RG,4090,12,D,CC,CS,D
10:22:13,JSMR,RG,4090,1,D,CC,CS,D
10:22:13,JSMR,RG,4090,185,D,CC,IT,D
10:21:58,JSMR,RG,4080,20,D,YP,OD,D
10:21:58,JSMR,RG,4080,13,D,YP,CC,D
10:21:58,JSMR,RG,4080,3,D,YP,CC,D
10:21:50,JSMR,RG,4090,5,D,EP,IT,D
10:21:45,JSMR,RG,4080,7,D,YP,YP,D
10:21:38,JSMR,RG,4080,5,D,YP,CC,D
10:21:38,JSMR,RG,4080,5,D,PD,CC,D
10:21:38,JSMR,RG,4080,1,D,PD,CC,D
10:21:38,JSMR,RG,4080,30,D,YP,CC,D
10:21:38,JSMR,RG,4080,1,D,YP,CC,D
10:21:38,JSMR,RG,4090,11,D,YP,IT,D
10:21:13,JSMR,RG,4090,5,D,EP,IT,D
10:21:07,JSMR,RG,4090,20,F,YP,IT,D
10:21:00,JSMR,RG,4080,18,D,YP,CC,D
10:20:56,JSMR,RG,4080,1,D,YP,CC,D
10:20:56,JSMR,RG,4080,50,D,YP,CC,D
10:20:56,JSMR,RG,4080,10,D,PD,CC,D
10:20:56,JSMR,RG,4080,53,F,EP,CC,D
10:20:53,JSMR,RG,4090,10,D,EP,IT,D
10:20:40,JSMR,RG,4080,44,F,EP,CC,D
10:20:39,JSMR,RG,4090,3,D,SQ,IT,D
10:20:39,JSMR,RG,4090,2,D,XC,IT,D
10:20:39,JSMR,RG,4090,5,D,YP,IT,D
10:20:39,JSMR,RG,4090,4,D,PD,IT,D
10:20:24,JSMR,RG,4090,11,D,PD,SQ,D
10:20:24,JSMR,RG,4090,2,D,XC,SQ,D
10:20:24,JSMR,RG,4090,5,D,DR,SQ,D
10:20:24,JSMR,RG,4090,49,F,BK,SQ,D
10:20:24,JSMR,RG,4090,2,D,NI,SQ,D
10:20:24,JSMR,RG,4090,3,D,XC,SQ,D
10:20:24,JSMR,RG,4090,72,F,BK,SQ,D
10:20:24,JSMR,RG,4090,25,D,YP,SQ,D
10:20:24,JSMR,RG,4090,1,D,XC,SQ,D
10:20:24,JSMR,RG,4090,2,D,YP,SQ,D
10:20:24,JSMR,RG,4090,1,D,YP,SQ,D
10:20:24,JSMR,RG,4090,5,D,AZ,SQ,D
10:20:24,JSMR,RG,4090,300,D,AG,SQ,D
10:20:24,JSMR,RG,4090,5,D,YP,SQ,D
10:20:24,JSMR,RG,4090,25,D,EP,SQ,D
10:20:24,JSMR,RG,4090,30,D,YP,SQ,D
10:20:24,JSMR,RG,4090,1,D,ZP,SQ,D
10:20:24,JSMR,RG,4090,1,D,CC,SQ,D
10:20:13,JSMR,RG,4100,5,D,PD,CC,D
10:19:58,JSMR,RG,4090,1,D,CC,CC,D
10:19:58,JSMR,RG,4090,5,D,CC,CC,D
10:19:58,JSMR,RG,4090,10,D,KK,CC,D
10:19:36,JSMR,RG,4090,1,D,KK,CC,D
10:19:36,JSMR,RG,4090,5,D,YP,CC,D
10:19:36,JSMR,RG,4090,1,D,YP,CC,D
10:19:36,JSMR,RG,4090,31,D,AZ,CC,D
10:19:34,JSMR,RG,4090,3,D,AZ,ZP,F
10:19:12,JSMR,RG,4090,1,D,AZ,NI,D
10:19:00,JSMR,RG,4090,15,D,AZ,CC,D
10:19:00,JSMR,RG,4090,4,D,CD,CC,D
10:18:55,JSMR,RG,4090,100,D,CD,YU,D
10:18:50,JSMR,RG,4100,2,D,EP,CC,D
10:18:34,JSMR,RG,4090,35,D,CD,CC,D
10:18:28,JSMR,RG,4090,1,D,CD,XC,D
10:18:21,JSMR,RG,4100,4,D,XC,CC,D
10:18:21,JSMR,RG,4100,20,D,OD,CC,D
10:18:15,JSMR,RG,4100,5,D,DR,CC,D
10:18:09,JSMR,RG,4100,10,D,EP,CC,D
10:18:01,JSMR,RG,4100,63,F,BK,CC,D
10:18:01,JSMR,RG,4100,6,F,BK,CS,D
10:18:01,JSMR,RG,4100,14,F,BK,ZP,F
10:18:01,JSMR,RG,4100,17,F,BK,CC,D
10:18:00,JSMR,RG,4100,1,D,XC,CC,D
10:17:56,JSMR,RG,4100,9,D,XC,SQ,D
10:17:56,JSMR,RG,4100,4,D,NI,SQ,D
10:17:56,JSMR,RG,4100,8,D,CC,SQ,D
10:17:56,JSMR,RG,4100,10,D,SQ,SQ,D
10:17:56,JSMR,RG,4100,1,F,CC,SQ,D
10:17:56,JSMR,RG,4100,51,F,BK,SQ,D
10:17:56,JSMR,RG,4100,500,D,CC,SQ,D
10:17:56,JSMR,RG,4100,23,F,BK,SQ,D
10:17:56,JSMR,RG,4100,4,D,KZ,SQ,D
10:17:56,JSMR,RG,4100,5,D,YP,SQ,D
10:17:56,JSMR,RG,4100,14,D,PD,SQ,D
10:17:56,JSMR,RG,4100,3,D,XC,SQ,D
10:17:56,JSMR,RG,4100,5,D,CC,SQ,D
10:17:56,JSMR,RG,4100,5,D,TP,SQ,D
10:17:56,JSMR,RG,4100,3,D,XC,SQ,D
10:17:56,JSMR,RG,4100,1,D,XC,SQ,D
10:17:56,JSMR,RG,4100,50,D,AZ,SQ,D
10:17:56,JSMR,RG,4100,50,D,BQ,SQ,D
10:17:56,JSMR,RG,4100,2,D,EP,SQ,D
10:17:56,JSMR,RG,4100,5,D,YP,SQ,D
10:17:56,JSMR,RG,4100,5,D,YP,SQ,D
10:17:56,JSMR,RG,4100,3,D,EP,SQ,D
10:17:38,JSMR,RG,4100,5,D,EP,CC,D
10:17:34,JSMR,RG,4100,26,D,EP,CC,D
10:17:34,JSMR,RG,4100,7,D,PD,CC,D
10:17:03,JSMR,RG,4100,1,D,SQ,OD,D
10:16:58,JSMR,RG,4100,9,D,SQ,CC,D
10:16:58,JSMR,RG,4100,7,D,PD,CC,D
10:16:55,JSMR,RG,4110,5,D,CC,CC,D
10:16:45,JSMR,RG,4110,2,D,DX,CC,D
10:16:36,JSMR,RG,4100,3,D,PD,CC,D
10:16:36,JSMR,RG,4100,10,D,SQ,CC,D
10:16:36,JSMR,RG,4100,20,D,PD,CC,D
10:16:36,JSMR,RG,4100,9,F,BK,CC,D
10:16:30,JSMR,RG,4110,2,D,EP,CC,D
10:16:28,JSMR,RG,4110,5,D,KK,CC,D
10:15:57,JSMR,RG,4100,12,F,BK,CC,D
10:15:57,JSMR,RG,4100,6,D,AG,CC,D
10:15:56,JSMR,RG,4110,10,D,CC,CC,D
10:15:55,JSMR,RG,4110,2,D,XC,CC,D
10:15:37,JSMR,RG,4110,2,D,CC,CC,D
10:15:37,JSMR,RG,4110,18,D,CC,CC,D
10:15:36,JSMR,RG,4100,38,D,AG,CC,D
10:15:29,JSMR,RG,4110,4,D,PD,CS,D
10:15:29,JSMR,RG,4110,6,D,PD,YP,D
10:15:17,JSMR,RG,4100,10,D,AG,ZP,F
10:15:01,JSMR,RG,4110,1,D,XC,YP,D
10:15:00,JSMR,RG,4110,2,D,YP,YP,D
10:15:00,JSMR,RG,4110,2,D,NI,YP,D
10:15:00,JSMR,RG,4110,5,D,EP,YP,D
10:15:00,JSMR,RG,4110,21,F,BK,YP,D
10:15:00,JSMR,RG,4110,1,D,GR,YP,D
10:15:00,JSMR,RG,4110,40,D,KK,YP,D
10:14:58,JSMR,RG,4110,10,D,PD,CC,D
10:14:58,JSMR,RG,4110,6,D,XC,CC,D
10:14:36,JSMR,RG,4110,12,D,XC,CC,D
10:14:36,JSMR,RG,4110,32,D,PD,CC,D
10:14:34,JSMR,RG,4110,20,D,PD,PD,D
10:14:34,JSMR,RG,4110,3,D,PD,YP,D
10:14:34,JSMR,RG,4110,1,D,DR,YP,D
10:14:34,JSMR,RG,4110,3,D,KZ,YP,D
10:14:34,JSMR,RG,4110,10,D,YP,YP,D
10:14:34,JSMR,RG,4110,12,D,YP,YP,D
10:14:13,JSMR,RG,4110,3,D,YP,XC,D
10:14:03,JSMR,RG,4110,5,D,YP,SQ,D
10:14:03,JSMR,RG,4110,5,D,YP,SQ,D
10:14:00,JSMR,RG,4110,2,D,YP,CC,D
10:14:00,JSMR,RG,4110,15,F,BK,CC,D
10:13:42,JSMR,RG,4110,15,F,BK,YP,D
10:13:34,JSMR,RG,4110,36,F,BK,CC,D
10:13:31,JSMR,RG,4110,1,F,BK,XC,D
10:13:01,JSMR,RG,4110,14,F,BK,CC,D
10:12:46,JSMR,RG,4110,1,F,BK,NI,D
10:12:42,JSMR,RG,4120,2,D,YP,AZ,D
10:12:37,JSMR,RG,4110,1,F,BK,SQ,D
10:12:36,JSMR,RG,4110,40,F,BK,CC,D
10:12:15,JSMR,RG,4120,5,D,EP,AZ,D
10:12:03,JSMR,RG,4110,16,F,BK,CC,D
10:12:03,JSMR,RG,4110,3,D,AG,CC,D
10:11:56,JSMR,RG,4120,5,D,CC,AZ,D
10:11:49,JSMR,RG,4120,43,D,PD,AZ,D
10:11:40,JSMR,RG,4110,2,D,AG,DH,D
10:11:36,JSMR,RG,4110,42,D,AG,CC,D
10:11:28,JSMR,RG,4110,4,D,AG,NI,D
10:11:08,JSMR,RG,4120,2,D,XC,AZ,D
10:10:41,JSMR,RG,4120,1,D,YP,AZ,D
10:10:21,JSMR,RG,4110,30,D,AG,CC,D
10:10:20,JSMR,RG,4110,17,D,AG,CC,D
10:10:20,JSMR,RG,4110,1,D,AG,YP,D
10:10:20,JSMR,RG,4110,1,D,AG,CS,D
10:10:13,JSMR,RG,4100,4,D,AG,CS,D
10:10:12,JSMR,RG,4100,4,D,AG,CS,D
10:10:12,JSMR,RG,4100,4,D,AG,DR,D
10:10:12,JSMR,RG,4100,5,D,AG,CS,D
10:10:12,JSMR,RG,4100,29,D,AG,CC,D
10:10:12,JSMR,RG,4100,10,D,YP,CC,D
10:10:03,JSMR,RG,4100,2,D,AG,CC,D
10:10:03,JSMR,RG,4100,4,D,AG,DR,D
10:10:03,JSMR,RG,4100,2,D,AG,XC,D
10:10:03,JSMR,RG,4100,15,D,AG,CC,D
10:10:03,JSMR,RG,4100,2,D,AG,CS,D
10:10:03,JSMR,RG,4100,2,D,AG,CS,D
10:10:03,JSMR,RG,4100,8,D,AG,CS,D
10:10:03,JSMR,RG,4100,257,D,AG,CC,D
10:10:03,JSMR,RG,4100,7,D,AG,CC,D
10:10:03,JSMR,RG,4100,1,D,AG,CS,D
10:09:56,JSMR,RG,4100,1,D,YP,CS,D
10:09:54,JSMR,RG,4100,1,D,DR,CS,D
10:09:54,JSMR,RG,4100,9,D,DR,AK,F
10:09:51,JSMR,RG,4100,20,D,CC,AK,F
10:09:30,JSMR,RG,4090,10,D,CD,CC,D
10:09:30,JSMR,RG,4090,27,D,AG,CC,D
10:09:29,JSMR,RG,4100,1,D,YP,AK,F
10:09:28,JSMR,RG,4100,10,D,AG,AK,F
10:09:28,JSMR,RG,4100,2,D,AG,CS,D
10:09:28,JSMR,RG,4100,2,D,AG,CS,D
10:09:28,JSMR,RG,4100,36,D,AG,MG,D
10:09:25,JSMR,RG,4100,5,D,YP,MG,D
10:09:16,JSMR,RG,4100,15,D,EP,MG,D
10:09:15,JSMR,RG,4100,14,D,EP,MG,D
10:09:15,JSMR,RG,4090,76,D,AG,PD,D
10:09:14,JSMR,RG,4100,200,D,AG,MG,D
10:09:03,JSMR,RG,4090,16,D,AG,CC,D
10:08:56,JSMR,RG,4090,2,D,AG,XC,D
10:08:52,JSMR,RG,4100,1,D,PD,MG,D
10:08:50,JSMR,RG,4090,76,D,AG,PD,D
10:08:49,JSMR,RG,4100,200,D,AG,MG,D
10:08:40,JSMR,RG,4100,5,D,YP,MG,D
10:08:30,JSMR,RG,4090,3,D,AG,CC,D
10:08:30,JSMR,RG,4090,9,D,YB,CC,D
10:08:30,JSMR,RG,4090,1,D,YP,CC,D
10:08:30,JSMR,RG,4090,6,D,YP,CC,D
10:08:30,JSMR,RG,4090,20,D,MG,CC,D
10:08:30,JSMR,RG,4090,5,D,YP,CC,D
10:08:30,JSMR,RG,4090,2,D,CC,CC,D
10:08:20,JSMR,RG,4100,5,D,CC,MG,D
10:08:20,JSMR,RG,4100,21,F,BK,MG,D
10:08:20,JSMR,RG,4100,10,D,YP,MG,D
10:08:20,JSMR,RG,4100,14,D,YP,MG,D
10:08:20,JSMR,RG,4100,100,D,CP,MG,D
10:08:20,JSMR,RG,4100,24,D,XC,MG,D
10:08:20,JSMR,RG,4100,2,D,PD,MG,D
10:08:20,JSMR,RG,4100,1,D,PD,MG,D
10:08:20,JSMR,RG,4100,5,D,YP,MG,D
10:08:20,JSMR,RG,4100,3,D,YP,MG,D
10:08:20,JSMR,RG,4100,30,D,CC,MG,D
10:08:20,JSMR,RG,4100,86,F,BK,MG,D
10:08:20,JSMR,RG,4100,1,D,PD,MG,D
10:08:20,JSMR,RG,4100,25,D,PD,MG,D
10:08:20,JSMR,RG,4100,15,D,CC,MG,D
10:08:20,JSMR,RG,4100,2,D,YP,MG,D
10:08:20,JSMR,RG,4100,200,D,AG,MG,D
10:08:20,JSMR,RG,4100,12,D,YB,MG,D
10:08:20,JSMR,RG,4100,52,D,KK,MG,D
10:08:20,JSMR,RG,4100,20,D,KK,MG,D
10:08:20,JSMR,RG,4100,10,D,IU,MG,D
10:08:20,JSMR,RG,4100,5,D,PD,MG,D
10:08:20,JSMR,RG,4100,53,D,HP,MG,D
10:08:05,JSMR,RG,4100,16,D,HP,CC,D
10:08:05,JSMR,RG,4110,5,D,EP,CC,D
10:07:56,JSMR,RG,4110,6,D,EP,CC,D
10:07:48,JSMR,RG,4100,31,D,HP,PD,D
10:07:48,JSMR,RG,4100,5,D,YP,PD,D
10:07:48,JSMR,RG,4100,6,D,YP,PD,D
10:07:47,JSMR,RG,4110,24,D,GR,PD,D
10:07:47,JSMR,RG,4110,1,D,XL,PD,D
10:07:47,JSMR,RG,4110,9,F,BK,PD,D
10:07:45,JSMR,RG,4110,14,F,BK,AG,D
10:07:45,JSMR,RG,4110,50,D,KK,AG,D
10:07:45,JSMR,RG,4110,4,D,KZ,AG,D
10:07:45,JSMR,RG,4110,2,D,CC,AG,D
10:07:45,JSMR,RG,4110,14,D,XC,AG,D
10:07:45,JSMR,RG,4110,16,D,PD,AG,D
10:07:34,JSMR,RG,4110,4,D,PD,PD,D
10:07:34,JSMR,RG,4110,12,D,XA,PD,D
10:07:34,JSMR,RG,4110,10,D,EP,PD,D
10:07:34,JSMR,RG,4110,50,D,CC,PD,D
10:07:30,JSMR,RG,4110,8,D,AZ,CC,D
10:07:30,JSMR,RG,4110,20,D,YP,CC,D
10:07:30,JSMR,RG,4110,11,F,BK,CC,D
10:07:27,JSMR,RG,4120,12,D,YP,AZ,D
10:07:15,JSMR,RG,4120,1,D,YP,AZ,D
10:07:08,JSMR,RG,4110,1,F,BK,ZP,F
10:07:03,JSMR,RG,4110,4,F,BK,YP,D
10:06:50,JSMR,RG,4110,1,F,BK,DH,D
10:06:50,JSMR,RG,4110,10,F,BK,GR,D
10:06:28,JSMR,RG,4110,8,F,BK,CC,D
10:06:28,JSMR,RG,4110,1,D,PD,CC,D
10:06:28,JSMR,RG,4110,10,D,IU,CC,D
10:06:28,JSMR,RG,4110,22,D,KK,CC,D
10:06:07,JSMR,RG,4120,1,D,YP,AZ,D
10:05:58,JSMR,RG,4120,20,D,KK,AZ,D
10:05:51,JSMR,RG,4120,81,D,KK,AZ,D
10:05:36,JSMR,RG,4120,12,F,BK,AZ,D
10:05:36,JSMR,RG,4120,1,F,BK,CC,F
10:05:36,JSMR,RG,4120,4,F,BK,DR,D
10:05:32,JSMR,RG,4110,32,D,KK,CC,D
10:04:50,JSMR,RG,4110,1,D,KK,DR,D
10:04:32,JSMR,RG,4110,32,D,KK,CC,D
10:04:32,JSMR,RG,4110,7,D,KK,CC,D
10:04:26,JSMR,RG,4120,3,D,KZ,DR,D
10:04:10,JSMR,RG,4110,5,D,KK,CC,D
10:04:10,JSMR,RG,4110,14,D,YP,CC,D
10:04:10,JSMR,RG,4110,20,D,MG,CC,D
10:04:10,JSMR,RG,4110,35,D,YB,CC,D
10:04:10,JSMR,RG,4110,5,D,CC,CC,D
10:04:10,JSMR,RG,4110,17,D,PD,CC,D
10:04:10,JSMR,RG,4110,66,D,PD,CC,D
10:04:10,JSMR,RG,4110,27,D,PD,CC,D
10:04:10,JSMR,RG,4110,53,D,PD,CC,D
10:04:10,JSMR,RG,4110,18,D,PD,CC,D
10:03:47,JSMR,RG,4110,7,D,PD,NI,D
10:03:41,JSMR,RG,4110,10,D,PD,YP,D
10:03:33,JSMR,RG,4110,1,D,PD,DH,D
10:03:32,JSMR,RG,4110,45,D,PD,CC,D
10:03:19,JSMR,RG,4110,1,D,PD,DH,D
10:03:05,JSMR,RG,4110,1,D,PD,LG,D
10:02:48,JSMR,RG,4120,2,D,PD,CC,D
10:02:47,JSMR,RG,4120,1,D,YP,CC,D
10:02:32,JSMR,RG,4110,35,D,PD,CC,D
10:02:27,JSMR,RG,4120,2,D,PD,CC,D
10:02:27,JSMR,RG,4120,11,D,PD,CC,D
10:02:27,JSMR,RG,4120,11,D,PD,CS,D
10:02:27,JSMR,RG,4120,1,D,PD,CS,D
10:02:23,JSMR,RG,4110,2,D,PD,DH,D
10:02:21,JSMR,RG,4110,2,D,PD,XC,D
10:02:18,JSMR,RG,4110,1,D,PD,ZP,F
10:02:08,JSMR,RG,4110,1,D,PD,DH,D
10:01:56,JSMR,RG,4110,76,D,PD,PD,D
10:01:42,JSMR,RG,4110,1,D,PD,YP,D
10:01:37,JSMR,RG,4110,1,D,PD,YP,D
10:01:32,JSMR,RG,4110,42,D,PD,CC,D
10:01:13,JSMR,RG,4110,1,D,PD,YB,D
10:01:07,JSMR,RG,4110,1,D,PD,YB,D
10:00:51,JSMR,RG,4120,1,D,YP,CS,D
10:00:49,JSMR,RG,4120,3,D,DR,CS,D
10:00:49,JSMR,RG,4120,21,D,DR,YU,D
10:00:41,JSMR,RG,4120,80,F,EP,YU,D
10:00:34,JSMR,RG,4110,45,D,PD,CC,D
10:00:33,JSMR,RG,4120,20,F,BK,YU,D
10:00:33,JSMR,RG,4120,79,D,NI,YU,D
10:00:32,JSMR,RG,4120,5,D,NI,DR,D
10:00:27,JSMR,RG,4120,16,D,NI,CC,D
10:00:27,JSMR,RG,4120,56,F,BK,CC,D
10:00:27,JSMR,RG,4120,250,D,CD,CC,D
10:00:27,JSMR,RG,4120,5,D,YP,CC,D
10:00:27,JSMR,RG,4120,44,F,BK,CC,D
10:00:27,JSMR,RG,4120,50,D,CC,CC,D
10:00:27,JSMR,RG,4120,5,D,AZ,CC,D
10:00:27,JSMR,RG,4120,5,D,YP,CC,D
10:00:27,JSMR,RG,4120,15,D,NI,CC,D
10:00:27,JSMR,RG,4120,45,D,YP,CC,D
10:00:27,JSMR,RG,4120,10,D,CC,CC,D
10:00:27,JSMR,RG,4120,30,D,DR,CC,D
10:00:27,JSMR,RG,4120,69,F,BK,CC,D
10:00:22,JSMR,RG,4120,10,F,BK,DH,D
10:00:19,JSMR,RG,4120,5,F,BK,EP,D
10:00:12,JSMR,RG,4120,1,F,BK,PD,D
10:00:09,JSMR,RG,4130,10,D,DR,MG,D
10:00:04,JSMR,RG,4120,47,F,BK,PD,D
10:00:04,JSMR,RG,4120,1,D,DR,PD,D
10:00:04,JSMR,RG,4120,28,D,NI,PD,D
9:59:36,JSMR,RG,4120,1,D,NI,SS,D
9:59:33,JSMR,RG,4130,10,F,BK,MG,D
9:59:31,JSMR,RG,4130,99,D,YP,MG,D
9:59:30,JSMR,RG,4130,1,D,NI,MG,D
9:59:30,JSMR,RG,4120,1,D,NI,CC,D
9:59:30,JSMR,RG,4120,30,D,XA,CC,D
9:59:30,JSMR,RG,4120,7,D,EP,CC,D
9:59:20,JSMR,RG,4120,18,D,EP,XA,D
9:59:20,JSMR,RG,4120,1,D,XC,XA,D
9:59:20,JSMR,RG,4120,81,D,YP,XA,D
9:59:17,JSMR,RG,4120,5,D,YP,XC,D
9:59:16,JSMR,RG,4120,10,D,YP,CP,D
9:59:13,JSMR,RG,4130,11,D,HP,MG,D
9:58:43,JSMR,RG,4130,3,D,NI,MG,D
9:58:28,JSMR,RG,4120,34,D,YP,CC,D
9:58:28,JSMR,RG,4120,7,D,NI,CC,D
9:58:27,JSMR,RG,4120,6,D,NI,PD,D
9:58:27,JSMR,RG,4120,4,D,KZ,PD,D
9:58:27,JSMR,RG,4120,66,D,CD,PD,D
9:58:18,JSMR,RG,4120,100,D,CD,CC,D
9:58:07,JSMR,RG,4130,128,D,KK,MG,D
9:57:42,JSMR,RG,4130,12,D,DR,MG,D
9:57:41,JSMR,RG,4120,76,D,CD,PD,D
9:57:37,JSMR,RG,4130,1,D,YP,MG,D
9:57:33,JSMR,RG,4120,8,D,CD,YP,D
9:57:33,JSMR,RG,4120,5,D,NI,YP,D
9:57:33,JSMR,RG,4120,2,D,CC,YP,D
9:57:33,JSMR,RG,4120,1,D,XC,YP,D
9:57:33,JSMR,RG,4120,14,D,YP,YP,D
9:57:32,JSMR,RG,4120,6,D,YP,PD,D
9:57:32,JSMR,RG,4120,104,D,AG,PD,D
9:57:30,JSMR,RG,4120,41,D,AG,CC,D
9:57:27,JSMR,RG,4120,55,D,AG,PD,D
9:57:27,JSMR,RG,4120,1,D,CC,PD,D
9:57:27,JSMR,RG,4120,5,D,CC,PD,D
9:57:27,JSMR,RG,4120,15,D,PD,PD,D
9:57:21,JSMR,RG,4120,1,D,PD,XC,D
9:57:16,JSMR,RG,4120,3,D,PD,YP,D
9:56:59,JSMR,RG,4120,1,D,PD,XC,D
9:56:57,JSMR,RG,4120,10,D,YP,CC,D
9:56:43,JSMR,RG,4120,10,D,YP,CC,D
9:56:42,JSMR,RG,4130,30,D,XA,MG,D
9:56:32,JSMR,RG,4120,2,D,YP,CC,D
9:56:32,JSMR,RG,4120,26,D,YP,CC,D
9:56:17,JSMR,RG,4130,25,D,NI,MG,D
9:56:14,JSMR,RG,4130,1,D,AZ,MG,D
9:55:43,JSMR,RG,4130,5,D,YP,MG,D
9:55:28,JSMR,RG,4130,58,D,AI,MG,D
9:55:28,JSMR,RG,4130,10,D,KK,MG,D
9:55:28,JSMR,RG,4130,40,D,PD,MG,D
9:55:27,JSMR,RG,4130,2,D,PD,CC,D
9:55:24,JSMR,RG,4130,10,D,PD,CC,D
9:55:24,JSMR,RG,4130,25,D,PD,YP,D
9:55:24,JSMR,RG,4130,1,D,PD,XC,D
9:55:24,JSMR,RG,4130,1,D,PD,YB,D
9:55:24,JSMR,RG,4130,11,D,PD,YP,D
9:55:22,JSMR,RG,4130,3,D,HP,YP,D
9:55:18,JSMR,RG,4130,10,D,CC,YP,D
9:55:15,JSMR,RG,4130,1,D,PD,YP,D
9:55:05,JSMR,RG,4130,6,D,YP,CS,D
9:55:05,JSMR,RG,4130,4,D,YP,YP,D
9:55:05,JSMR,RG,4130,19,D,YP,YP,D
9:55:00,JSMR,RG,4120,2,D,YP,CC,D
9:54:55,JSMR,RG,4130,6,D,YB,YP,D
9:54:55,JSMR,RG,4130,1,D,YB,CC,D
9:54:55,JSMR,RG,4130,1,D,YB,CC,D
9:54:54,JSMR,RG,4130,4,D,AG,CC,D
9:54:54,JSMR,RG,4130,5,D,AG,YP,D
9:54:54,JSMR,RG,4130,41,D,AG,FZ,D
9:54:54,JSMR,RG,4130,50,D,AG,CC,D
9:54:54,JSMR,RG,4130,26,D,AG,ZP,F
9:54:54,JSMR,RG,4130,3,D,AG,CC,D
9:54:54,JSMR,RG,4130,1,D,AG,KK,D
9:54:54,JSMR,RG,4130,20,D,AG,YP,D
9:54:54,JSMR,RG,4130,10,D,AG,CC,D
9:54:54,JSMR,RG,4130,3,D,AG,NI,D
9:54:54,JSMR,RG,4130,2,D,AG,PD,D
9:54:54,JSMR,RG,4130,143,D,AG,YP,D
9:54:54,JSMR,RG,4130,20,D,AG,GR,D
9:54:54,JSMR,RG,4130,8,D,AG,XC,D
9:54:54,JSMR,RG,4130,2,D,AG,XC,D
9:54:54,JSMR,RG,4130,17,D,AG,CS,D
9:54:54,JSMR,RG,4130,80,D,AG,YU,D
9:54:54,JSMR,RG,4130,25,D,AG,YP,D
9:54:54,JSMR,RG,4130,1,D,AG,NI,D
9:54:54,JSMR,RG,4130,1,D,AG,KK,D
9:54:54,JSMR,RG,4130,138,D,AG,AI,D
9:54:52,JSMR,RG,4130,25,D,CC,AI,D
9:54:37,JSMR,RG,4130,10,D,NI,AI,D
9:54:34,JSMR,RG,4120,1,D,YP,LG,D
9:54:23,JSMR,RG,4120,2,D,YP,YP,D
9:54:11,JSMR,RG,4120,50,D,YP,ZP,D
9:54:05,JSMR,RG,4130,8,D,XC,AI,D
9:54:00,JSMR,RG,4130,9,D,YB,AI,D
9:53:47,JSMR,RG,4130,1,D,YP,AI,D
9:53:15,JSMR,RG,4120,30,D,YP,EP,D
9:53:03,JSMR,RG,4120,1,D,YP,CC,D
9:52:50,JSMR,RG,4130,20,D,DR,AI,D
9:52:39,JSMR,RG,4130,1,D,PD,AI,D
9:52:34,JSMR,RG,4130,2,D,YB,AI,D
9:52:29,JSMR,RG,4130,24,D,TP,AI,D
9:52:24,JSMR,RG,4130,2,D,KK,AI,D
9:52:18,JSMR,RG,4120,5,D,YP,NI,D
9:52:16,JSMR,RG,4130,6,D,YP,AI,D
9:52:10,JSMR,RG,4130,5,D,KK,AI,D
9:52:08,JSMR,RG,4120,10,D,YP,CC,D
9:52:07,JSMR,RG,4130,26,D,GR,AI,D
9:52:07,JSMR,RG,4130,48,D,CC,AI,D
9:52:07,JSMR,RG,4130,2,D,CC,CS,D
9:52:07,JSMR,RG,4130,2,D,SQ,CS,D
9:52:07,JSMR,RG,4130,3,D,SQ,CC,F
9:52:07,JSMR,RG,4130,1,D,SQ,YP,D
9:52:07,JSMR,RG,4130,4,D,SQ,YB,D
9:52:02,JSMR,RG,4130,9,D,AZ,YB,D
9:52:02,JSMR,RG,4130,30,D,AZ,GR,D
9:52:02,JSMR,RG,4130,211,D,AZ,XC,D
9:52:00,JSMR,RG,4130,39,D,KK,XC,D
9:52:00,JSMR,RG,4130,3,D,KK,AT,D
9:52:00,JSMR,RG,4130,2,D,KK,XC,D
9:52:00,JSMR,RG,4130,56,D,KK,YU,D
9:51:46,JSMR,RG,4130,19,D,HP,YU,D
9:51:46,JSMR,RG,4130,1,D,HP,CC,F
9:51:46,JSMR,RG,4130,15,D,HP,CC,D
9:51:46,JSMR,RG,4130,1,D,HP,PD,D
9:51:46,JSMR,RG,4130,8,D,HP,PD,D
9:51:46,JSMR,RG,4130,31,D,HP,KK,D
9:51:46,JSMR,RG,4130,25,D,HP,YP,D
9:51:43,JSMR,RG,4130,2,D,TF,YP,D
9:51:43,JSMR,RG,4130,12,D,TF,LS,D
9:51:43,JSMR,RG,4130,4,D,TF,XC,D
9:51:43,JSMR,RG,4130,5,D,TF,NI,D
9:51:43,JSMR,RG,4130,1,D,TF,YP,D
9:51:43,JSMR,RG,4130,10,D,TF,DR,D
9:51:43,JSMR,RG,4130,5,D,TF,CC,D
9:51:43,JSMR,RG,4130,1,D,TF,YP,D
9:51:43,JSMR,RG,4130,1,D,TF,YP,D
9:51:43,JSMR,RG,4130,5,D,TF,CC,D
9:51:43,JSMR,RG,4130,1,D,TF,YP,D
9:51:43,JSMR,RG,4130,45,D,TF,PD,D
9:51:43,JSMR,RG,4130,50,D,TF,YP,D
9:51:43,JSMR,RG,4130,3,D,TF,LG,D
9:51:43,JSMR,RG,4130,50,D,TF,LS,D
9:51:43,JSMR,RG,4130,10,D,TF,YP,D
9:51:43,JSMR,RG,4130,1,D,TF,PD,D
9:51:43,JSMR,RG,4130,36,D,TF,KK,D
9:51:42,JSMR,RG,4130,1,D,YP,KK,D
9:51:34,JSMR,RG,4120,166,D,YP,OK,D
9:51:34,JSMR,RG,4120,110,D,YP,OK,D
9:51:34,JSMR,RG,4120,11,F,BK,OK,D
9:51:34,JSMR,RG,4120,10,D,IU,OK,D
9:51:34,JSMR,RG,4120,3,D,CC,OK,D
9:51:27,JSMR,RG,4120,7,D,CC,YJ,D
9:51:27,JSMR,RG,4120,3,D,KZ,YJ,D
9:51:27,JSMR,RG,4120,6,F,BK,YJ,D
9:51:20,JSMR,RG,4120,70,F,BK,YP,D
9:51:16,JSMR,RG,4120,49,F,BK,XA,D
9:51:16,JSMR,RG,4120,50,D,YP,XA,D
9:51:16,JSMR,RG,4120,1,D,CC,XA,D
9:51:16,JSMR,RG,4130,1,D,EP,KK,D
9:50:58,JSMR,RG,4130,18,F,BK,KK,D
9:50:57,JSMR,RG,4130,50,D,NI,KK,D
9:50:55,JSMR,RG,4130,36,F,BK,KK,D
9:50:55,JSMR,RG,4130,5,F,BK,AT,D
9:50:55,JSMR,RG,4130,3,F,BK,HP,D
9:50:51,JSMR,RG,4120,1,F,BK,NI,D
9:50:51,JSMR,RG,4120,1,F,BK,CC,F
9:50:51,JSMR,RG,4120,5,F,BK,DR,D
9:50:51,JSMR,RG,4120,10,F,BK,NI,D
9:50:51,JSMR,RG,4120,2,F,BK,GR,D
9:50:49,JSMR,RG,4120,498,D,YP,GR,D
9:50:49,JSMR,RG,4120,1,D,YP,CC,D
9:50:49,JSMR,RG,4120,1,D,YP,LG,D
9:50:49,JSMR,RG,4120,1,D,YP,NI,D
9:50:49,JSMR,RG,4120,1,D,YP,DH,D
9:50:49,JSMR,RG,4120,100,D,YP,CP,D
9:50:49,JSMR,RG,4120,10,D,YP,YP,D
9:50:49,JSMR,RG,4120,20,D,YP,YP,D
9:50:49,JSMR,RG,4120,6,D,YP,YP,D
9:50:49,JSMR,RG,4120,2,D,YP,YP,D
9:50:49,JSMR,RG,4120,4,D,YP,PD,D
9:50:49,JSMR,RG,4120,56,D,YP,YP,D
9:50:47,JSMR,RG,4120,10,F,BK,YP,D
9:50:42,JSMR,RG,4120,61,F,BK,YP,D
9:50:38,JSMR,RG,4120,99,D,YP,YP,D
9:50:38,JSMR,RG,4120,30,D,YP,YP,D
9:50:38,JSMR,RG,4120,28,F,BK,YP,D
9:50:37,JSMR,RG,4120,48,D,PD,YP,D
9:50:37,JSMR,RG,4120,7,D,PD,YP,D
9:50:37,JSMR,RG,4120,147,D,PD,YP,D
9:50:37,JSMR,RG,4120,14,D,PD,YP,D
9:50:37,JSMR,RG,4120,15,D,PD,XC,D
9:50:37,JSMR,RG,4120,5,D,PD,YP,D
9:50:37,JSMR,RG,4120,30,D,PD,IP,D
9:50:37,JSMR,RG,4120,1,D,PD,YP,D
9:50:37,JSMR,RG,4120,1,D,PD,YP,D
9:50:37,JSMR,RG,4120,10,D,PD,CC,D
9:50:37,JSMR,RG,4120,50,D,PD,PD,D
9:50:37,JSMR,RG,4120,5,D,PD,PD,D
9:50:37,JSMR,RG,4120,10,D,PD,PD,D
9:50:37,JSMR,RG,4120,76,D,PD,LS,D
9:50:37,JSMR,RG,4120,56,D,PD,LS,D
9:50:37,JSMR,RG,4120,10,D,PD,LS,D
9:50:37,JSMR,RG,4120,8,D,MG,LS,D
9:50:37,JSMR,RG,4120,1,D,MG,PD,D
9:50:37,JSMR,RG,4120,10,D,MG,YP,D
9:50:37,JSMR,RG,4120,1,D,MG,DR,D
9:50:36,JSMR,RG,4110,2,D,PD,PD,D
9:50:36,JSMR,RG,4110,1,D,PD,AZ,D
9:50:36,JSMR,RG,4110,25,D,PD,YP,D
9:50:36,JSMR,RG,4110,14,D,PD,PD,D
9:50:36,JSMR,RG,4110,30,D,PD,PD,D
9:50:36,JSMR,RG,4110,100,D,PD,CC,D
9:50:36,JSMR,RG,4110,10,D,PD,DR,D
9:50:36,JSMR,RG,4110,1,D,PD,XC,D
9:50:36,JSMR,RG,4110,25,D,PD,YU,D
9:50:36,JSMR,RG,4110,2,D,PD,XC,D
9:50:36,JSMR,RG,4110,2,D,PD,IN,D
9:50:36,JSMR,RG,4110,5,D,PD,CC,D
9:50:36,JSMR,RG,4110,1,D,PD,KK,D
9:50:36,JSMR,RG,4110,2,D,PD,YP,D
9:50:36,JSMR,RG,4110,11,D,PD,YP,D
9:50:36,JSMR,RG,4110,1,D,PD,PD,D
9:50:36,JSMR,RG,4110,4,D,PD,YP,D
9:50:36,JSMR,RG,4110,1,D,PD,YP,D
9:50:36,JSMR,RG,4110,1,D,PD,YP,D
9:50:36,JSMR,RG,4110,1,D,PD,YP,D
9:50:36,JSMR,RG,4110,7,D,PD,CC,D
9:50:36,JSMR,RG,4110,2,D,PD,PD,D
9:50:36,JSMR,RG,4110,12,D,PD,IF,D
9:50:36,JSMR,RG,4110,29,F,BK,IF,D
9:50:36,JSMR,RG,4110,2,F,BK,KK,D
9:50:36,JSMR,RG,4110,1,F,BK,PD,D
9:50:36,JSMR,RG,4110,10,F,BK,YP,D
9:50:36,JSMR,RG,4110,3,F,BK,PD,D
9:50:32,JSMR,RG,4100,5,F,BK,KK,D
9:50:32,JSMR,RG,4100,5,F,BK,YP,D
9:50:32,JSMR,RG,4100,1,F,BK,CC,F
9:50:32,JSMR,RG,4100,10,F,BK,XC,D
9:50:32,JSMR,RG,4100,13,F,BK,CC,D
9:50:31,JSMR,RG,4100,10,D,YP,CC,D
9:50:30,JSMR,RG,4100,50,D,NI,CC,D
9:50:29,JSMR,RG,4100,181,D,YP,CC,D
9:50:29,JSMR,RG,4100,2,D,YP,KK,D
9:50:29,JSMR,RG,4100,6,D,YP,YP,D
9:50:29,JSMR,RG,4100,2,D,YP,CC,D
9:50:29,JSMR,RG,4100,11,D,YP,CS,D
9:50:29,JSMR,RG,4100,42,D,YP,AZ,D
9:50:28,JSMR,RG,4100,8,D,YP,AZ,D
9:50:28,JSMR,RG,4100,30,D,YP,DX,D
9:50:28,JSMR,RG,4100,42,D,YP,EP,D
9:50:27,JSMR,RG,4100,8,F,BK,EP,D
9:50:27,JSMR,RG,4100,3,F,BK,IT,D
9:50:27,JSMR,RG,4100,247,D,NI,IT,D
9:50:27,JSMR,RG,4100,25,D,NI,YP,D
9:50:27,JSMR,RG,4100,10,D,NI,CC,D
9:50:27,JSMR,RG,4100,10,D,NI,NI,D
9:50:27,JSMR,RG,4100,5,D,NI,YP,D
9:50:27,JSMR,RG,4100,15,D,NI,YP,D
9:50:27,JSMR,RG,4100,10,D,NI,PD,D
9:50:27,JSMR,RG,4100,10,D,NI,AZ,D
9:50:27,JSMR,RG,4100,4,D,NI,LG,D
9:50:27,JSMR,RG,4100,60,D,NI,CC,D
9:50:27,JSMR,RG,4100,2,D,NI,CC,D
9:50:27,JSMR,RG,4100,10,D,NI,YP,D
9:50:27,JSMR,RG,4100,1,D,NI,SQ,D
9:50:27,JSMR,RG,4100,5,D,NI,PD,D
9:50:27,JSMR,RG,4100,18,D,NI,SQ,D
9:50:27,JSMR,RG,4100,1,D,NI,CC,D
9:50:27,JSMR,RG,4100,3,D,NI,PD,D
9:50:27,JSMR,RG,4100,1,D,NI,CC,D
9:50:27,JSMR,RG,4100,9,D,NI,KK,D
9:50:27,JSMR,RG,4100,1,D,NI,NI,D
9:50:27,JSMR,RG,4100,24,D,NI,XC,D
9:50:27,JSMR,RG,4100,29,D,NI,GR,D
9:50:26,JSMR,RG,4100,31,D,ZP,GR,D
9:50:26,JSMR,RG,4100,19,D,ZP,AG,F
9:50:26,JSMR,RG,4100,6,D,PD,AG,F
9:50:26,JSMR,RG,4100,1,D,PD,AZ,D
9:50:26,JSMR,RG,4100,3,D,PD,PD,D
9:50:26,JSMR,RG,4100,5,D,PD,GR,D
9:50:26,JSMR,RG,4100,31,D,PD,XC,D
9:50:26,JSMR,RG,4100,5,D,PD,NI,D
9:50:26,JSMR,RG,4100,1,D,PD,NI,D
9:50:26,JSMR,RG,4100,3,D,PD,CC,D
9:50:22,JSMR,RG,4100,14,D,YP,CC,D
9:50:22,JSMR,RG,4100,35,D,YP,NI,D
9:50:22,JSMR,RG,4100,1,D,YP,YP,D
9:50:22,JSMR,RG,4100,4,D,PD,YP,D
9:50:22,JSMR,RG,4100,1,D,PD,KI,D
9:50:18,JSMR,RG,4100,16,F,BK,KI,D
9:50:15,JSMR,RG,4100,33,F,BK,KI,D
9:50:15,JSMR,RG,4100,2,F,BK,ZP,D
9:50:15,JSMR,RG,4100,1,F,BK,PD,D
9:50:15,JSMR,RG,4100,1,F,BK,DH,D
9:50:15,JSMR,RG,4100,6,F,BK,TF,D
9:50:14,JSMR,RG,4100,5,D,PD,TF,D
9:50:13,JSMR,RG,4100,4,D,YP,TF,D
9:50:12,JSMR,RG,4100,10,D,CC,TF,D
9:50:12,JSMR,RG,4100,75,D,CC,AZ,D
9:50:12,JSMR,RG,4100,8,D,CC,XC,D
9:50:12,JSMR,RG,4100,3,D,CC,YB,D
9:50:12,JSMR,RG,4100,60,D,CC,NI,D
9:50:12,JSMR,RG,4100,4,D,CC,YP,D
9:50:12,JSMR,RG,4100,5,D,CC,YP,D
9:50:12,JSMR,RG,4100,1,D,CC,PD,D
9:50:12,JSMR,RG,4100,6,D,CC,YP,D
9:50:12,JSMR,RG,4100,5,D,CC,PD,D
9:50:12,JSMR,RG,4100,1,D,CC,YP,D
9:50:12,JSMR,RG,4100,3,D,CC,XC,D
9:50:12,JSMR,RG,4100,5,D,CC,XC,D
9:50:12,JSMR,RG,4100,12,D,CC,KK,D
9:50:12,JSMR,RG,4100,100,D,CC,GR,D
9:50:12,JSMR,RG,4100,15,D,CC,YP,D
9:50:12,JSMR,RG,4100,5,D,CC,CC,D
9:50:12,JSMR,RG,4100,6,D,CC,YP,D
9:50:12,JSMR,RG,4100,2,D,CC,YP,D
9:50:12,JSMR,RG,4100,1,D,CC,PD,D
9:50:12,JSMR,RG,4100,15,D,CC,SQ,D
9:50:12,JSMR,RG,4100,20,D,CC,XC,D
9:50:12,JSMR,RG,4100,80,D,CC,CD,D
9:50:09,JSMR,RG,4100,20,F,BK,CD,D
9:50:08,JSMR,RG,4100,10,D,YP,CD,D
9:50:08,JSMR,RG,4100,118,F,AK,CD,D
9:50:07,JSMR,RG,4100,66,D,YP,CD,D
9:50:07,JSMR,RG,4100,24,F,BK,CD,D
9:50:05,JSMR,RG,4100,21,D,YP,CD,D
9:50:05,JSMR,RG,4100,59,F,AK,CD,D
9:50:05,JSMR,RG,4100,41,F,AK,GR,D
9:50:05,JSMR,RG,4100,5,F,AK,SQ,D
9:50:05,JSMR,RG,4100,1,F,AK,YP,D
9:50:05,JSMR,RG,4100,10,F,AK,XC,D
9:50:05,JSMR,RG,4100,1,F,AK,YP,D
9:50:05,JSMR,RG,4100,1,F,AK,XC,D
9:50:05,JSMR,RG,4100,31,F,AK,CD,D
9:50:04,JSMR,RG,4100,94,F,BK,CD,D
9:50:03,JSMR,RG,4100,1000,D,CC,CD,D
9:50:01,JSMR,RG,4100,16,F,BK,CD,D
9:49:56,JSMR,RG,4100,40,F,AK,CD,D
9:49:56,JSMR,RG,4100,100,F,AK,DH,D
9:49:56,JSMR,RG,4100,9,F,AK,CC,D
9:49:56,JSMR,RG,4100,1,D,SQ,CC,D
9:49:56,JSMR,RG,4100,9,D,SQ,YP,D
9:49:55,JSMR,RG,4100,1,F,BK,YP,D
9:49:55,JSMR,RG,4100,1,F,BK,YP,D
9:49:55,JSMR,RG,4100,1,F,BK,YP,D
9:49:55,JSMR,RG,4100,1,F,BK,YP,D
9:49:55,JSMR,RG,4100,1,F,BK,YP,D
9:49:55,JSMR,RG,4100,10,F,BK,CC,D
9:49:55,JSMR,RG,4100,1,F,BK,YP,D
9:49:55,JSMR,RG,4100,2,F,BK,GR,D
9:49:54,JSMR,RG,4100,98,F,AK,GR,D
9:49:54,JSMR,RG,4100,3,F,AK,SQ,D
9:49:54,JSMR,RG,4100,40,F,AK,DH,D
9:49:54,JSMR,RG,4100,8,F,AK,DR,D
9:49:53,JSMR,RG,4100,2,F,BK,DR,D
9:49:53,JSMR,RG,4100,11,F,BK,XC,D
9:49:53,JSMR,RG,4100,30,F,BK,PD,D
9:49:50,JSMR,RG,4100,10,D,KK,PD,D
9:49:49,JSMR,RG,4100,6,D,EP,PD,D
9:49:49,JSMR,RG,4100,4,D,EP,PD,D
9:49:49,JSMR,RG,4100,1,D,EP,KK,D
9:49:49,JSMR,RG,4100,7,D,EP,YP,D
9:49:49,JSMR,RG,4100,3,D,EP,YP,D
9:49:49,JSMR,RG,4100,7,D,EP,YU,D
9:49:49,JSMR,RG,4100,5,D,EP,YU,D
9:49:49,JSMR,RG,4100,2,D,EP,YU,D
9:49:49,JSMR,RG,4100,1,D,YP,YU,D
9:49:49,JSMR,RG,4100,2,D,DR,YU,D
9:49:49,JSMR,RG,4100,8,D,MG,YU,D
9:49:49,JSMR,RG,4100,12,D,MG,SH,D
9:49:48,JSMR,RG,4100,1,D,YB,SH,D
9:49:48,JSMR,RG,4100,2,D,YB,SH,D
9:49:48,JSMR,RG,4100,50,D,YB,SH,D
9:49:48,JSMR,RG,4100,12,D,YB,SH,D
9:49:48,JSMR,RG,4100,12,D,YB,SH,D
9:49:48,JSMR,RG,4100,50,D,PD,SH,D
9:49:48,JSMR,RG,4100,73,D,PD,SH,D
9:49:48,JSMR,RG,4100,5,D,HP,SH,D
9:49:48,JSMR,RG,4100,33,F,BK,SH,D
9:49:48,JSMR,RG,4100,1,F,BK,PD,D
9:49:48,JSMR,RG,4100,25,F,BK,PD,D
9:49:48,JSMR,RG,4100,139,F,BK,YJ,D
9:49:46,JSMR,RG,4090,8,D,YP,YP,D
9:49:46,JSMR,RG,4090,10,D,YP,IP,D
9:49:46,JSMR,RG,4090,6,D,YP,XC,D
9:49:46,JSMR,RG,4090,18,D,YP,CS,D
9:49:46,JSMR,RG,4090,10,D,YP,PD,D
9:49:46,JSMR,RG,4090,21,D,YP,CC,D
9:49:46,JSMR,RG,4090,5,D,YP,YP,D
9:49:46,JSMR,RG,4090,50,D,YP,EP,D
9:49:46,JSMR,RG,4090,1,D,YP,CC,F
9:49:46,JSMR,RG,4090,10,D,YP,NI,D
9:49:46,JSMR,RG,4090,10,D,YP,YP,D
9:49:46,JSMR,RG,4090,10,D,YP,AZ,D
9:49:46,JSMR,RG,4090,500,D,YP,GR,D
9:49:46,JSMR,RG,4090,9,D,YP,XA,D
9:49:46,JSMR,RG,4090,3,D,YP,GR,D
9:49:46,JSMR,RG,4090,1,D,YP,YP,D
9:49:46,JSMR,RG,4090,300,D,YP,MG,D
9:49:46,JSMR,RG,4090,6,D,YP,EP,D
9:49:46,JSMR,RG,4090,70,D,YP,DX,F
9:49:46,JSMR,RG,4090,100,D,YP,YP,D
9:49:46,JSMR,RG,4090,1,D,YP,CC,D
9:49:46,JSMR,RG,4090,60,D,YP,CC,D
9:49:46,JSMR,RG,4090,1,D,YP,PD,D
9:49:46,JSMR,RG,4090,700,D,YP,TP,D
9:49:46,JSMR,RG,4090,6,D,YP,YP,D
9:49:46,JSMR,RG,4090,21,D,YP,XC,D
9:49:46,JSMR,RG,4090,30,D,YP,YB,D
9:49:46,JSMR,RG,4090,3,D,YP,DH,D
9:49:46,JSMR,RG,4090,10,D,YP,CC,D
9:49:46,JSMR,RG,4090,2,D,YP,YP,D
9:49:46,JSMR,RG,4090,20,D,YP,PG,D
9:49:46,JSMR,RG,4090,1,D,YP,NI,D
9:49:46,JSMR,RG,4090,5,D,YP,SQ,D
9:49:46,JSMR,RG,4090,1,D,YP,DH,D
9:49:46,JSMR,RG,4090,13,D,YP,KK,D
9:49:46,JSMR,RG,4090,1,D,YP,CC,D
9:49:46,JSMR,RG,4090,25,D,YP,AZ,D
9:49:46,JSMR,RG,4090,12,D,YP,YP,D
9:49:46,JSMR,RG,4090,1,D,YP,IP,D
9:49:46,JSMR,RG,4090,1,D,YP,YP,D
9:49:46,JSMR,RG,4090,3,D,YP,PD,D
9:49:46,JSMR,RG,4090,1,D,YP,PD,D
9:49:46,JSMR,RG,4090,50,D,YP,YP,D
9:49:46,JSMR,RG,4090,79,D,YP,XC,D
9:49:46,JSMR,RG,4090,5,D,YP,XC,D
9:49:25,JSMR,RG,4090,10,D,CC,XC,D
9:49:06,JSMR,RG,4090,4,D,KZ,XC,D
9:48:45,JSMR,RG,4090,11,F,BK,XC,D
9:48:41,JSMR,RG,4080,3,F,EP,GR,D
9:48:41,JSMR,RG,4080,52,D,YP,GR,D
9:48:40,JSMR,RG,4080,10,D,YP,DX,D
9:47:46,JSMR,RG,4080,18,D,YP,YB,D
9:47:46,JSMR,RG,4080,2,D,YP,YB,D
9:47:38,JSMR,RG,4090,40,F,EP,XC,D
9:47:38,JSMR,RG,4090,10,F,EP,PD,D
9:47:38,JSMR,RG,4090,1,F,EP,XC,D
9:47:38,JSMR,RG,4090,10,F,EP,YP,D
9:47:38,JSMR,RG,4090,10,F,EP,YP,D
9:47:38,JSMR,RG,4090,5,F,EP,CC,D
9:47:38,JSMR,RG,4090,1,F,EP,KK,D
9:47:38,JSMR,RG,4090,3,F,EP,YP,D
9:47:38,JSMR,RG,4090,2,F,EP,YP,D
9:47:38,JSMR,RG,4090,7,F,EP,XA,D
9:47:38,JSMR,RG,4090,6,F,EP,CC,D
9:47:38,JSMR,RG,4090,5,F,EP,NI,D
9:47:27,JSMR,RG,4090,5,F,BK,NI,D
9:47:27,JSMR,RG,4090,10,F,BK,DR,D
9:47:27,JSMR,RG,4090,1,F,BK,YP,D
9:47:27,JSMR,RG,4090,1,F,BK,YP,D
9:47:24,JSMR,RG,4090,20,F,BK,CC,D
9:47:24,JSMR,RG,4090,1,F,BK,YP,D
9:47:24,JSMR,RG,4090,5,F,BK,YP,D
9:47:21,JSMR,RG,4080,4,D,YP,DR,D
9:47:20,JSMR,RG,4080,5,D,YP,YP,D
9:47:20,JSMR,RG,4080,10,D,YP,YP,D
9:47:20,JSMR,RG,4080,45,D,YP,YP,D
9:47:20,JSMR,RG,4080,28,D,YP,CS,D
9:47:20,JSMR,RG,4080,10,D,YP,NI,D
9:47:20,JSMR,RG,4080,6,D,YP,DR,D
9:47:20,JSMR,RG,4080,10,D,YP,YU,D
9:47:20,JSMR,RG,4080,26,D,YP,CC,D
9:47:20,JSMR,RG,4080,22,D,YP,CS,D
9:47:20,JSMR,RG,4080,10,D,YP,DH,D
9:47:20,JSMR,RG,4080,10,D,YP,CC,D
9:47:20,JSMR,RG,4080,5,D,YP,CC,D
9:47:20,JSMR,RG,4080,238,D,YP,CC,D
9:47:20,JSMR,RG,4080,250,D,YP,NI,D
9:47:20,JSMR,RG,4080,50,D,YP,CC,D
9:47:20,JSMR,RG,4080,2,D,YP,XC,D
9:47:20,JSMR,RG,4080,60,D,YP,CC,D
9:47:20,JSMR,RG,4080,9,D,YP,CS,D
9:47:20,JSMR,RG,4080,98,D,YP,IT,D
9:46:33,JSMR,RG,4080,2,D,CC,IT,D
9:46:33,JSMR,RG,4080,8,D,CC,CC,D
9:46:32,JSMR,RG,4080,8,D,YP,CC,D
9:46:13,JSMR,RG,4080,1,D,YP,CS,D
9:45:11,JSMR,RG,4080,1,D,YP,CS,D
9:44:38,JSMR,RG,4070,9,D,CC,CC,D
9:44:06,JSMR,RG,4080,3,D,KZ,CS,D
9:43:55,JSMR,RG,4070,8,D,CC,SQ,D
9:43:49,JSMR,RG,4070,1,D,CC,NI,D
9:43:36,JSMR,RG,4070,10,D,CC,CC,D
9:43:32,JSMR,RG,4070,90,D,CC,ZP,D
9:43:32,JSMR,RG,4070,40,F,BK,ZP,D
9:43:32,JSMR,RG,4070,170,D,AG,ZP,D
9:43:06,JSMR,RG,4070,10,D,AG,YU,D
9:43:06,JSMR,RG,4070,1,D,AG,XC,D
9:43:02,JSMR,RG,4070,19,D,AG,PD,D
9:42:46,JSMR,RG,4070,4,D,PD,PD,D
9:42:42,JSMR,RG,4070,6,D,PD,CC,D
9:42:36,JSMR,RG,4070,1,D,XA,CC,D
9:42:36,JSMR,RG,4070,4,D,IF,CC,D
9:42:36,JSMR,RG,4070,4,D,NI,CC,D
9:41:36,JSMR,RG,4070,9,F,BK,CC,D
9:41:05,JSMR,RG,4080,2,D,NI,CS,D
9:41:02,JSMR,RG,4070,76,F,BK,PD,D
9:41:01,JSMR,RG,4080,1,D,NI,XC,D
9:41:01,JSMR,RG,4080,9,D,NI,PD,D
9:40:41,JSMR,RG,4070,15,F,BK,CC,D
9:40:41,JSMR,RG,4070,65,F,BK,CC,D
9:40:19,JSMR,RG,4080,12,F,BK,PD,D
9:40:15,JSMR,RG,4080,29,F,AK,PD,D
9:40:15,JSMR,RG,4080,1,F,AK,CC,F
9:40:15,JSMR,RG,4080,8,F,AK,CC,D
9:40:15,JSMR,RG,4080,2,F,AK,PD,D
9:40:15,JSMR,RG,4080,1,F,AK,DR,D
9:40:15,JSMR,RG,4080,31,F,AK,CS,D
9:40:15,JSMR,RG,4080,50,F,AK,PD,D
9:40:15,JSMR,RG,4080,4,F,AK,YB,D
9:40:14,JSMR,RG,4080,16,D,AG,YB,D
9:40:14,JSMR,RG,4080,20,D,AG,PD,D
9:40:14,JSMR,RG,4080,1,D,AG,CC,D
9:40:14,JSMR,RG,4080,1,D,AG,CC,D
9:40:14,JSMR,RG,4080,10,D,AG,PD,D
9:40:14,JSMR,RG,4080,1,D,AG,YU,D
9:40:14,JSMR,RG,4080,1,D,AG,PD,D
9:40:14,JSMR,RG,4080,2,D,AG,XC,D
9:40:14,JSMR,RG,4080,60,D,AG,CC,D
9:40:14,JSMR,RG,4080,10,D,AG,CC,D
9:40:14,JSMR,RG,4080,1,D,AG,DH,D
9:40:14,JSMR,RG,4080,77,D,AG,YU,D
9:40:06,JSMR,RG,4070,26,F,BK,PD,D
9:40:06,JSMR,RG,4070,24,D,PC,PD,D
9:39:53,JSMR,RG,4080,17,F,BK,YU,D
9:39:49,JSMR,RG,4080,306,D,CC,YU,D
9:39:49,JSMR,RG,4080,20,D,CC,CC,D
9:39:49,JSMR,RG,4080,10,D,CC,KK,D
9:39:49,JSMR,RG,4080,1,D,CC,PD,D
9:39:49,JSMR,RG,4080,10,D,CC,YP,D
9:39:49,JSMR,RG,4080,30,D,CC,DX,D
9:39:49,JSMR,RG,4080,10,D,CC,LG,D
9:39:49,JSMR,RG,4080,2,D,CC,YP,D
9:39:49,JSMR,RG,4080,5,D,CC,CC,D
9:39:49,JSMR,RG,4080,106,D,CC,GR,D
9:39:40,JSMR,RG,4070,10,D,PC,NI,D
9:39:40,JSMR,RG,4070,11,D,PC,CC,D
9:39:27,JSMR,RG,4070,2,D,PC,PD,D
9:39:17,JSMR,RG,4070,150,D,PC,NI,D
9:39:13,JSMR,RG,4070,9,D,PC,CC,D
9:38:56,JSMR,RG,4080,4,D,KZ,GR,D
9:38:40,JSMR,RG,4070,9,D,PC,CC,D
9:38:30,JSMR,RG,4070,2,D,PC,EP,D
9:38:16,JSMR,RG,4070,1,D,PC,YP,D
9:37:42,JSMR,RG,4070,10,D,PC,CC,D
9:37:31,JSMR,RG,4080,2,D,YB,GR,D
9:36:51,JSMR,RG,4080,3,D,NI,GR,D
9:36:48,JSMR,RG,4070,2,D,PC,DR,D
9:36:23,JSMR,RG,4070,20,D,PC,YU,D
9:36:01,JSMR,RG,4070,7,F,AK,CC,D
9:36:01,JSMR,RG,4070,28,F,AK,CS,D
9:36:01,JSMR,RG,4070,1,F,AK,YB,D
9:36:01,JSMR,RG,4070,16,F,AK,CS,D
9:36:01,JSMR,RG,4070,49,F,AK,CC,D
9:36:00,JSMR,RG,4070,229,D,DR,CC,D
9:36:00,JSMR,RG,4070,1,D,DR,XC,D
9:36:00,JSMR,RG,4070,13,D,DR,CC,D
9:36:00,JSMR,RG,4070,10,D,DR,KK,D
9:36:00,JSMR,RG,4070,1,D,DR,KK,D
9:36:00,JSMR,RG,4070,11,D,DR,CS,D
9:36:00,JSMR,RG,4070,54,D,DR,AK,F
9:36:00,JSMR,RG,4070,1,D,DR,CS,D
9:36:00,JSMR,RG,4070,1,D,DR,CS,D
9:36:00,JSMR,RG,4070,18,D,DR,CS,D
9:36:00,JSMR,RG,4070,1,D,DR,CC,D
9:36:00,JSMR,RG,4070,10,D,DR,SQ,D
9:36:00,JSMR,RG,4070,3,D,DR,CC,D
9:36:00,JSMR,RG,4070,1,D,DR,AZ,D
9:36:00,JSMR,RG,4070,2,D,DR,XC,D
9:36:00,JSMR,RG,4070,60,D,DR,CC,D
9:36:00,JSMR,RG,4070,10,D,DR,CC,D
9:36:00,JSMR,RG,4070,4,D,DR,XC,D
9:36:00,JSMR,RG,4070,50,D,DR,MU,D
9:36:00,JSMR,RG,4070,3,D,DR,NI,D
9:36:00,JSMR,RG,4070,17,D,DR,DR,D
9:35:59,JSMR,RG,4070,8,F,BK,DR,D
9:35:59,JSMR,RG,4070,2,F,BK,YP,D
9:35:40,JSMR,RG,4060,11,D,CC,CC,D
9:34:57,JSMR,RG,4060,76,D,CC,PD,D
9:34:38,JSMR,RG,4060,8,D,CC,CC,D
9:34:23,JSMR,RG,4060,1,D,CC,CC,D
9:33:47,JSMR,RG,4060,107,D,CC,YP,F
9:33:47,JSMR,RG,4060,15,D,KK,YP,F
9:33:47,JSMR,RG,4060,15,F,BK,YP,F
9:33:47,JSMR,RG,4060,100,D,PD,YP,F
9:33:47,JSMR,RG,4060,12,D,YP,YP,F
9:33:35,JSMR,RG,4060,1,D,YP,XC,D
9:33:00,JSMR,RG,4060,7,D,YP,CC,D
9:33:00,JSMR,RG,4060,2,D,XC,CC,D
9:33:00,JSMR,RG,4060,1,D,XC,CC,D
9:32:02,JSMR,RG,4060,1,D,XC,CC,D
9:32:02,JSMR,RG,4060,8,D,CC,CC,D
9:31:32,JSMR,RG,4060,2,D,CC,XC,D
9:31:32,JSMR,RG,4060,1,D,NI,XC,D
9:31:32,JSMR,RG,4060,10,F,BK,XC,D
9:31:32,JSMR,RG,4060,5,D,AZ,XC,D
9:31:32,JSMR,RG,4060,2,D,KZ,XC,D
9:31:22,JSMR,RG,4060,1,D,KZ,YP,D
9:31:22,JSMR,RG,4060,1,D,AT,YP,D
9:31:05,JSMR,RG,4060,2,D,AT,PD,D
9:30:40,JSMR,RG,4060,3,D,AT,CS,D
9:30:40,JSMR,RG,4060,1,D,AT,CS,D
9:30:40,JSMR,RG,4060,4,D,AT,YB,D
9:30:36,JSMR,RG,4060,1,D,YP,YB,D
9:30:36,JSMR,RG,4060,1,D,YP,CS,D
9:30:34,JSMR,RG,4060,5,F,AK,CS,D
9:30:32,JSMR,RG,4060,1,D,YP,CS,D
9:30:32,JSMR,RG,4060,5,D,YP,DR,D
9:30:32,JSMR,RG,4060,9,D,YP,CS,D
9:30:32,JSMR,RG,4060,3,D,YP,CS,D
9:30:32,JSMR,RG,4060,4,D,YP,CS,D
9:30:32,JSMR,RG,4060,8,D,YP,CC,D
9:30:32,JSMR,RG,4060,35,D,YP,CC,D
9:30:20,JSMR,RG,4060,1,D,NI,CC,D
9:30:20,JSMR,RG,4060,5,D,PD,CC,D
9:30:20,JSMR,RG,4060,9,F,BK,CC,D
9:30:20,JSMR,RG,4060,40,F,BK,CC,D
9:30:04,JSMR,RG,4060,60,F,BK,CC,D
9:29:49,JSMR,RG,4060,9,F,AK,CS,D
9:29:48,JSMR,RG,4060,4,F,AK,CS,D
9:29:48,JSMR,RG,4060,15,F,AK,CS,D
9:29:48,JSMR,RG,4060,1,F,AK,CS,D
9:29:47,JSMR,RG,4060,10,F,AK,CC,D
9:29:47,JSMR,RG,4060,8,F,AK,CS,D
9:29:47,JSMR,RG,4060,2,F,AK,CS,D
9:29:47,JSMR,RG,4060,5,F,AK,CS,D
9:29:47,JSMR,RG,4060,1,F,AK,XC,D
9:29:47,JSMR,RG,4060,5,F,AK,CS,D
9:29:46,JSMR,RG,4060,9,D,YP,CS,D
9:29:46,JSMR,RG,4060,2,D,YP,CS,D
9:29:46,JSMR,RG,4060,3,D,YP,DH,D
9:29:46,JSMR,RG,4060,1,D,YP,AZ,D
9:29:46,JSMR,RG,4060,5,D,YP,PD,D
9:29:46,JSMR,RG,4060,12,D,YP,CS,D
9:29:46,JSMR,RG,4060,2,D,YP,CC,F
9:29:46,JSMR,RG,4060,25,D,YP,PD,D
9:29:46,JSMR,RG,4060,244,D,YP,CC,D
9:29:46,JSMR,RG,4060,17,D,YP,CC,D
9:29:46,JSMR,RG,4060,1,D,YP,PD,D
9:29:46,JSMR,RG,4060,30,D,YP,CC,D
9:29:46,JSMR,RG,4060,10,D,YP,YP,D
9:29:46,JSMR,RG,4060,6,D,YP,CC,D
9:29:46,JSMR,RG,4060,1,D,YP,KK,D
9:29:46,JSMR,RG,4060,36,D,YP,CS,D
9:29:46,JSMR,RG,4060,60,D,YP,CC,D
9:29:46,JSMR,RG,4060,26,D,YP,CS,D
9:29:46,JSMR,RG,4060,23,D,YP,CS,D
9:29:46,JSMR,RG,4060,287,D,YP,CP,D
9:29:33,JSMR,RG,4050,25,D,CC,YP,D
9:29:04,JSMR,RG,4050,8,D,CC,CC,D
9:28:44,JSMR,RG,4050,12,D,CC,IF,D
9:28:44,JSMR,RG,4050,15,D,PD,IF,D
9:28:44,JSMR,RG,4050,3,D,YP,IF,D
9:28:36,JSMR,RG,4060,4,D,KZ,CP,D
9:28:10,JSMR,RG,4050,3,D,YP,HP,D
9:28:02,JSMR,RG,4050,1,D,YP,CC,D
9:28:02,JSMR,RG,4050,1,D,PD,CC,D
9:28:02,JSMR,RG,4050,9,D,PD,CC,D
9:27:22,JSMR,RG,4060,2,D,XC,CP,D
9:27:00,JSMR,RG,4050,9,D,PD,CC,D
9:26:51,JSMR,RG,4060,1,D,YP,CP,D
9:26:39,JSMR,RG,4060,40,D,NI,CP,D
9:26:26,JSMR,RG,4050,1,D,PD,PD,D
9:25:58,JSMR,RG,4050,8,D,PD,CC,D
9:25:47,JSMR,RG,4060,5,D,AZ,CP,D
9:25:17,JSMR,RG,4060,1,D,YP,CP,D
9:25:09,JSMR,RG,4050,6,D,PD,XC,D
9:25:00,JSMR,RG,4050,10,D,PD,CC,D
9:24:50,JSMR,RG,4060,1,D,YP,CP,D
9:24:50,JSMR,RG,4050,40,D,PD,NI,D
9:24:31,JSMR,RG,4050,1,D,PD,DH,D
9:24:21,JSMR,RG,4050,3,D,PD,YP,D
9:24:00,JSMR,RG,4050,8,D,PD,CC,D
9:23:50,JSMR,RG,4060,10,D,DR,CP,D
9:23:36,JSMR,RG,4060,3,D,KZ,CP,D
9:23:25,JSMR,RG,4050,50,D,PD,YP,D
9:23:13,JSMR,RG,4060,126,F,AK,CP,D
9:23:12,JSMR,RG,4060,4,F,AK,CC,F
9:23:12,JSMR,RG,4060,10,F,AK,CC,D
9:23:12,JSMR,RG,4060,13,F,AK,CS,D
9:23:12,JSMR,RG,4060,25,F,AK,PD,D
9:23:12,JSMR,RG,4060,3,F,AK,CS,D
9:23:12,JSMR,RG,4060,71,F,AK,CC,D
9:23:11,JSMR,RG,4060,126,F,AK,CC,D
9:23:10,JSMR,RG,4060,110,F,AK,CC,D
9:23:10,JSMR,RG,4060,8,F,AK,CS,D
9:23:10,JSMR,RG,4060,8,F,AK,DR,D
9:23:02,JSMR,RG,4050,5,D,PD,CC,D
9:23:02,JSMR,RG,4050,1,D,PD,CC,D
9:23:02,JSMR,RG,4050,1,D,XL,CC,D
9:23:02,JSMR,RG,4050,4,D,XC,CC,D
9:22:32,JSMR,RG,4050,1,D,XC,CC,D
9:22:32,JSMR,RG,4050,17,F,AK,CC,D
9:22:25,JSMR,RG,4050,1,F,AK,KK,D
9:22:00,JSMR,RG,4050,7,F,AK,CC,D
9:21:31,JSMR,RG,4050,1,F,AK,KK,D
9:21:23,JSMR,RG,4050,40,F,AK,CC,D
9:21:07,JSMR,RG,4050,76,F,AK,CC,D
9:21:02,JSMR,RG,4050,11,F,AK,CC,D
9:20:57,JSMR,RG,4050,47,F,AK,PD,D
9:20:57,JSMR,RG,4050,6,D,EP,PD,D
9:20:57,JSMR,RG,4050,1,D,PD,PD,D
9:20:57,JSMR,RG,4050,25,D,PD,PD,D
9:20:57,JSMR,RG,4050,8,D,XC,PD,D
9:20:57,JSMR,RG,4050,10,D,YP,PD,D
9:20:57,JSMR,RG,4050,1,D,DH,PD,D
9:20:57,JSMR,RG,4050,52,D,PD,PD,D
9:20:49,JSMR,RG,4050,1,D,PD,YP,D
9:20:46,JSMR,RG,4050,2,D,PD,CC,D
9:20:06,JSMR,RG,4050,5,D,PD,ZP,D
9:20:00,JSMR,RG,4050,7,D,PD,CC,D
9:19:45,JSMR,RG,4050,1,D,PD,PD,D
9:19:38,JSMR,RG,4050,40,D,PD,YP,D
9:19:29,JSMR,RG,4050,5,D,PD,NI,D
9:19:02,JSMR,RG,4050,9,D,PD,CC,D
9:18:04,JSMR,RG,4050,9,D,PD,CC,D
9:18:03,JSMR,RG,4050,1,D,PD,DH,D
9:17:46,JSMR,RG,4050,2,D,PD,XC,D
9:17:43,JSMR,RG,4050,1,D,PD,NI,D
9:17:34,JSMR,RG,4050,78,D,PD,YP,D
9:17:26,JSMR,RG,4050,30,D,PD,CC,D
9:15:48,JSMR,RG,4050,57,D,PD,YP,D
9:15:48,JSMR,RG,4050,5,D,PD,YP,D
9:15:48,JSMR,RG,4050,10,D,PD,YP,D
9:15:48,JSMR,RG,4050,2,D,DH,YP,D
9:15:48,JSMR,RG,4050,50,D,DR,YP,D
9:15:48,JSMR,RG,4060,4,D,KZ,YP,D
9:15:48,JSMR,RG,4060,1,D,PD,YP,D
9:15:48,JSMR,RG,4060,1,D,YB,YP,D
9:15:48,JSMR,RG,4060,3,D,CC,YP,D
9:15:48,JSMR,RG,4060,50,D,YP,YP,D
9:15:48,JSMR,RG,4060,1,D,NI,YP,D
9:15:48,JSMR,RG,4060,10,D,PD,YP,D
9:15:48,JSMR,RG,4060,5,D,DR,YP,D
9:15:48,JSMR,RG,4060,1,D,KK,YP,D
9:15:29,JSMR,RG,4070,1,D,CC,DR,D
9:15:29,JSMR,RG,4070,1,D,CC,DH,D
9:15:29,JSMR,RG,4070,1,D,CC,PD,D
9:14:43,JSMR,RG,4060,10,D,SQ,CC,D
9:14:09,JSMR,RG,4070,15,D,PD,CS,D
9:14:09,JSMR,RG,4070,150,D,PD,LS,D
9:14:09,JSMR,RG,4070,1,D,PD,PD,D
9:14:09,JSMR,RG,4070,1,D,PD,XC,D
9:14:09,JSMR,RG,4070,1,D,PD,CS,D
9:14:09,JSMR,RG,4070,15,D,PD,CS,D
9:14:09,JSMR,RG,4070,1,D,PD,CS,D
9:14:09,JSMR,RG,4070,9,D,PD,DR,D
9:14:09,JSMR,RG,4070,1,D,PD,CS,D
9:14:09,JSMR,RG,4070,9,D,PD,CS,D
9:14:09,JSMR,RG,4070,47,D,PD,PD,D
9:14:08,JSMR,RG,4060,100,D,YP,YP,D
9:13:48,JSMR,RG,4060,7,D,YP,DR,D
9:13:30,JSMR,RG,4060,1,D,YP,DH,D
9:13:26,JSMR,RG,4070,3,D,KZ,PD,D
9:13:20,JSMR,RG,4060,40,D,YP,NI,D
9:12:25,JSMR,RG,4060,1,D,YP,PD,D
9:12:23,JSMR,RG,4060,10,D,YP,YP,D
9:12:06,JSMR,RG,4060,5,D,YP,YP,D
9:12:05,JSMR,RG,4070,25,D,CC,PD,D
9:12:04,JSMR,RG,4070,5,D,AZ,PD,D
9:11:51,JSMR,RG,4070,18,D,DR,PD,D
9:11:38,JSMR,RG,4070,13,D,YP,PD,D
9:11:38,JSMR,RG,4070,2,D,YP,PD,D
9:11:38,JSMR,RG,4070,2,D,YP,CS,D
9:11:38,JSMR,RG,4070,8,D,YP,CC,D
9:11:35,JSMR,RG,4060,1,D,YP,PD,D
9:11:00,JSMR,RG,4070,5,D,HP,CC,D
9:10:59,JSMR,RG,4070,15,D,EP,CC,D
9:10:36,JSMR,RG,4070,20,D,PD,CC,D
9:10:12,JSMR,RG,4070,110,D,YP,CC,D
9:09:28,JSMR,RG,4070,87,D,SQ,CC,D
9:09:28,JSMR,RG,4070,7,D,SQ,CS,D
9:09:28,JSMR,RG,4070,3,D,SQ,CS,D
9:09:28,JSMR,RG,4070,3,D,SQ,CC,D
9:09:05,JSMR,RG,4060,1,D,YP,PD,D
9:08:59,JSMR,RG,4060,3,D,YP,EP,D
9:08:52,JSMR,RG,4070,4,D,CC,CC,D
9:08:44,JSMR,RG,4070,7,D,CC,CC,D
9:08:44,JSMR,RG,4070,3,D,CC,PD,D
