Time,Stock,Brd,Price,Qty,BT,BC,SC,ST
15:10:50,JSMR,RG,3620,10,D,CS,HP,D
15:06:28,JSMR,RG,3620,5,D,CS,KK,D
15:05:22,JSMR,RG,3620,288,D,CS,MG,D
15:05:04,JSMR,RG,3620,3,D,CS,YP,D
15:05:04,JSMR,RG,3620,1,D,NI,YP,D
15:05:04,JSMR,RG,3620,1,D,DH,YP,D
15:05:04,JSMR,RG,3620,16,D,CS,YP,D
15:05:02,JSMR,RG,3620,100,D,CS,KK,D
15:05:00,JSMR,RG,3620,1,D,CS,DH,D
15:00:00,JSMR,RG,3620,3,D,CS,EP,D
15:00:00,JSMR,RG,3620,5,D,CS,BQ,D
15:00:00,JSMR,RG,3620,9,D,CS,GR,D
15:00:00,JSMR,RG,3620,30,D,CS,CC,D
15:00:00,JSMR,RG,3620,1,D,CS,NI,D
15:00:00,JSMR,RG,3620,23,D,CS,NI,D
15:00:00,JSMR,RG,3620,102,D,CS,YP,D
15:00:00,JSMR,RG,3620,50,D,CC,YP,D
15:00:00,JSMR,RG,3620,1,D,EP,YP,D
15:00:00,JSMR,RG,3620,4,D,KK,YP,D
15:00:00,JSMR,RG,3620,1,D,CC,YP,D
15:00:00,JSMR,RG,3620,2,D,CC,YP,D
15:00:00,JSMR,RG,3620,25,D,YP,YP,D
15:00:00,JSMR,RG,3620,15,D,YP,LG,D
15:00:00,JSMR,RG,3620,1,D,NI,LG,D
15:00:00,JSMR,RG,3620,30,D,SQ,LG,D
15:00:00,JSMR,RG,3620,14,D,PD,LG,D
14:49:21,JSMR,RG,3630,2,D,RX,YP,D
14:49:21,JSMR,RG,3630,9,D,RX,YP,D
14:49:21,JSMR,RG,3630,4,D,RX,YP,D
14:49:12,JSMR,RG,3630,30,F,AK,HP,D
14:49:12,JSMR,RG,3630,28,F,AK,NI,D
14:49:10,JSMR,RG,3630,6,D,RX,NI,D
14:48:43,JSMR,RG,3620,8,D,CC,GR,D
14:48:43,JSMR,RG,3620,10,D,XC,GR,D
14:48:43,JSMR,RG,3620,1,D,DR,GR,D
14:48:43,JSMR,RG,3620,1,D,PD,GR,D
14:48:27,JSMR,RG,3630,6,D,RX,NI,D
14:48:27,JSMR,RG,3630,1,D,RX,NI,D
14:48:27,JSMR,RG,3630,1,D,RX,NI,D
14:48:20,JSMR,RG,3640,3,D,RX,CC,D
14:48:19,JSMR,RG,3640,1,D,RX,CC,D
14:47:51,JSMR,RG,3630,3,D,RX,RG,D
14:47:51,JSMR,RG,3630,2,D,RX,RG,D
14:47:46,JSMR,RG,3640,4,D,RX,CC,D
14:47:33,JSMR,RG,3630,1,D,RX,YP,D
14:47:33,JSMR,RG,3630,1,D,RX,YP,D
14:47:33,JSMR,RG,3630,3,D,RX,YP,D
14:47:14,JSMR,RG,3640,4,D,RX,CC,D
14:47:08,JSMR,RG,3640,1,D,RX,CC,D
14:47:01,JSMR,RG,3640,4,D,RX,CC,D
14:46:51,JSMR,RG,3640,1,D,EP,CC,D
14:46:49,JSMR,RG,3640,4,D,RX,CC,D
14:46:44,JSMR,RG,3640,1,D,HP,CC,D
14:46:34,JSMR,RG,3640,1,D,RX,CC,D
14:46:11,JSMR,RG,3630,1,D,RX,PD,D
14:46:11,JSMR,RG,3630,4,D,RX,PD,D
14:46:11,JSMR,RG,3630,4,D,RX,PD,D
14:46:11,JSMR,RG,3630,5,D,CS,PD,D
14:46:11,JSMR,RG,3630,6,D,CS,PD,D
14:45:55,JSMR,RG,3640,8,D,RX,CC,D
14:45:50,JSMR,RG,3640,1,D,RX,CC,D
14:45:24,JSMR,RG,3640,8,D,RX,CC,D
14:45:16,JSMR,RG,3640,1,D,RX,CC,D
14:44:50,JSMR,RG,3640,4,D,RX,CC,D
14:44:39,JSMR,RG,3640,1,D,RX,CC,D
14:44:05,JSMR,RG,3630,4,D,CS,DR,D
14:44:05,JSMR,RG,3630,3,D,RX,DR,D
14:44:05,JSMR,RG,3630,5,D,RX,DR,D
14:44:05,JSMR,RG,3630,2,D,RX,DR,D
14:44:03,JSMR,RG,3640,1,D,RX,CC,D
14:43:56,JSMR,RG,3640,5,D,RX,CC,D
14:43:50,JSMR,RG,3640,1,D,YP,CC,D
14:43:33,JSMR,RG,3640,9,D,RX,CC,D
14:43:25,JSMR,RG,3640,1,D,RX,CC,D
14:42:58,JSMR,RG,3640,3,D,RX,CC,D
14:42:52,JSMR,RG,3640,1,D,RX,CC,D
14:42:46,JSMR,RG,3640,25,D,RX,CC,D
14:42:41,JSMR,RG,3640,5,D,DH,CC,D
14:42:37,JSMR,RG,3630,2,D,RX,OD,D
14:42:37,JSMR,RG,3630,1,D,RX,OD,D
14:42:36,JSMR,RG,3630,4,D,RX,DR,D
14:40:47,JSMR,RG,3640,8,D,RX,CC,D
14:37:49,JSMR,RG,3620,1,D,RX,GR,D
14:37:46,JSMR,RG,3620,1,D,RX,XC,D
14:37:37,JSMR,RG,3620,35,D,RX,PD,D
14:37:37,JSMR,RG,3620,3,D,CS,PD,D
14:37:37,JSMR,RG,3620,4,D,CS,PD,D
14:37:37,JSMR,RG,3620,1,D,CS,PD,D
14:37:37,JSMR,RG,3620,7,D,CS,PD,D
14:37:30,JSMR,RG,3630,58,D,CS,KK,D
14:37:14,JSMR,RG,3630,3,D,CS,KK,D
14:37:14,JSMR,RG,3630,1,D,CS,KK,D
14:37:14,JSMR,RG,3630,19,D,CS,KK,D
14:37:14,JSMR,RG,3630,22,D,CS,KK,D
14:37:13,JSMR,RG,3630,6,D,CS,KK,D
14:37:13,JSMR,RG,3630,5,D,CS,KK,D
14:37:13,JSMR,RG,3630,4,D,CS,KK,D
14:37:13,JSMR,RG,3630,11,D,CS,KK,D
14:37:13,JSMR,RG,3630,3,D,CS,KK,D
14:37:13,JSMR,RG,3630,100,D,CS,KK,D
14:37:13,JSMR,RG,3630,11,D,CS,KK,D
14:37:13,JSMR,RG,3630,3,D,PD,KK,D
14:37:13,JSMR,RG,3630,13,D,SQ,KK,D
14:37:13,JSMR,RG,3630,1,D,NI,KK,D
14:37:13,JSMR,RG,3630,6,D,CS,KK,D
14:37:13,JSMR,RG,3630,7,D,NI,KK,D
14:34:52,JSMR,RG,3630,1,D,NI,SS,D
14:32:08,JSMR,RG,3640,1,D,XC,CC,D
14:32:02,JSMR,RG,3630,1,D,NI,PD,D
14:32:00,JSMR,RG,3630,1,D,NI,PD,D
14:31:00,JSMR,RG,3630,4,D,CS,DH,D
14:30:37,JSMR,RG,3630,44,D,CS,NI,D
14:30:37,JSMR,RG,3630,16,D,CS,NI,D
14:30:27,JSMR,RG,3630,1,D,CS,SQ,D
14:30:02,JSMR,RG,3620,5,D,CS,NI,D
14:30:02,JSMR,RG,3620,7,D,CS,NI,D
14:30:02,JSMR,RG,3630,3,D,CS,NI,D
14:30:02,JSMR,RG,3630,5,D,NI,NI,D
14:28:18,JSMR,RG,3620,1,D,CS,CC,D
14:28:18,JSMR,RG,3620,2,D,RX,CC,D
14:27:01,JSMR,RG,3620,10,D,RX,YP,D
14:23:33,JSMR,RG,3620,4,D,RX,NI,D
14:22:44,JSMR,RG,3620,24,D,RX,PD,D
14:22:44,JSMR,RG,3620,1,D,CS,PD,D
14:22:44,JSMR,RG,3620,2,D,YP,PD,D
14:20:57,JSMR,RG,3640,5,D,BQ,CC,D
14:20:40,JSMR,RG,3630,14,D,CS,KK,D
14:20:40,JSMR,RG,3630,3,D,CS,KK,D
14:20:40,JSMR,RG,3630,21,D,CS,KK,D
14:20:40,JSMR,RG,3630,8,D,CS,KK,D
14:20:40,JSMR,RG,3630,4,D,CS,KK,D
14:19:37,JSMR,RG,3630,5,D,CS,NI,D
14:18:22,JSMR,RG,3610,8,D,YP,PD,D
14:18:15,JSMR,RG,3610,50,D,YP,CC,D
14:18:12,JSMR,RG,3610,9,D,YP,PD,D
14:18:02,JSMR,RG,3610,8,D,YP,PD,D
14:17:52,JSMR,RG,3610,8,D,YP,PD,D
14:17:42,JSMR,RG,3610,8,D,YP,PD,D
14:17:32,JSMR,RG,3610,8,D,YP,PD,D
14:17:22,JSMR,RG,3610,8,D,YP,PD,D
14:17:12,JSMR,RG,3610,8,D,YP,PD,D
14:17:02,JSMR,RG,3610,8,D,YP,PD,D
14:16:52,JSMR,RG,3610,3,D,YP,PD,D
14:16:52,JSMR,RG,3610,4,D,PD,PD,D
14:16:52,JSMR,RG,3610,1,D,YP,PD,D
14:16:42,JSMR,RG,3610,8,D,YP,PD,D
14:16:32,JSMR,RG,3610,8,D,YP,PD,D
14:16:22,JSMR,RG,3610,8,D,YP,PD,D
14:16:12,JSMR,RG,3610,8,D,YP,PD,D
14:16:02,JSMR,RG,3610,8,D,YP,PD,D
14:15:52,JSMR,RG,3610,8,D,YP,PD,D
14:15:42,JSMR,RG,3610,8,D,YP,PD,D
14:15:32,JSMR,RG,3610,8,D,YP,PD,D
14:15:22,JSMR,RG,3610,8,D,YP,PD,D
14:15:20,JSMR,RG,3610,7,D,YP,KK,D
14:15:20,JSMR,RG,3610,1,D,YP,KK,D
14:15:20,JSMR,RG,3610,5,D,PD,KK,D
14:15:20,JSMR,RG,3610,47,D,CS,KK,D
14:15:12,JSMR,RG,3610,8,D,CS,PD,D
14:15:02,JSMR,RG,3610,8,D,CS,PD,D
14:14:52,JSMR,RG,3610,8,D,CS,PD,D
14:14:42,JSMR,RG,3610,8,D,CS,PD,D
14:14:32,JSMR,RG,3610,8,D,CS,PD,D
14:14:22,JSMR,RG,3610,8,D,CS,PD,D
14:14:12,JSMR,RG,3610,8,D,CS,PD,D
14:14:02,JSMR,RG,3610,8,D,CS,PD,D
14:13:52,JSMR,RG,3610,9,D,CS,PD,D
14:13:42,JSMR,RG,3610,8,D,CS,PD,D
14:13:32,JSMR,RG,3610,8,D,CS,PD,D
14:13:22,JSMR,RG,3610,8,D,CS,PD,D
14:13:15,JSMR,RG,3610,1,D,CS,PD,D
14:13:12,JSMR,RG,3610,8,D,CS,PD,D
14:13:05,JSMR,RG,3610,8,D,CS,CC,D
14:13:02,JSMR,RG,3610,4,D,CS,PD,D
14:13:02,JSMR,RG,3610,1,D,YP,PD,D
14:13:02,JSMR,RG,3610,1,D,PD,PD,D
14:13:02,JSMR,RG,3610,1,D,YP,PD,D
14:13:02,JSMR,RG,3610,1,D,DR,PD,D
14:12:52,JSMR,RG,3610,1,D,DR,PD,D
14:12:52,JSMR,RG,3610,7,D,CC,PD,D
14:12:42,JSMR,RG,3610,8,D,CC,PD,D
14:12:32,JSMR,RG,3610,5,D,CC,PD,D
14:12:32,JSMR,RG,3610,3,D,CC,PD,D
14:12:24,JSMR,RG,3610,2,D,CC,DH,D
14:12:22,JSMR,RG,3610,8,D,CC,PD,D
14:12:12,JSMR,RG,3610,8,D,CC,PD,D
14:12:02,JSMR,RG,3610,8,D,CC,PD,D
14:11:52,JSMR,RG,3610,8,D,CC,PD,D
14:11:37,JSMR,RG,3630,8,D,CS,PD,D
14:11:37,JSMR,RG,3610,2,D,CC,AZ,D
14:11:32,JSMR,RG,3610,8,D,CC,PD,D
14:11:29,JSMR,RG,3630,11,D,CS,XC,D
14:11:29,JSMR,RG,3630,3,D,CS,XC,D
14:11:22,JSMR,RG,3610,8,D,CC,PD,D
14:11:12,JSMR,RG,3610,8,D,CC,PD,D
14:11:02,JSMR,RG,3610,8,D,CC,PD,D
14:10:52,JSMR,RG,3610,8,D,CC,PD,D
14:10:42,JSMR,RG,3610,8,D,CC,PD,D
14:10:32,JSMR,RG,3610,8,D,CC,PD,D
14:10:22,JSMR,RG,3610,5,D,CC,PD,D
14:10:22,JSMR,RG,3610,2,D,CC,PD,D
14:10:22,JSMR,RG,3610,1,D,PD,PD,D
14:10:12,JSMR,RG,3610,8,D,PD,PD,D
14:10:02,JSMR,RG,3610,8,D,PD,PD,D
14:09:52,JSMR,RG,3610,8,D,PD,PD,D
14:09:42,JSMR,RG,3610,8,D,PD,PD,D
14:09:32,JSMR,RG,3610,8,D,PD,PD,D
14:09:22,JSMR,RG,3610,9,D,PD,PD,D
14:09:12,JSMR,RG,3610,3,D,CC,PD,D
14:09:12,JSMR,RG,3610,1,D,CC,PD,D
14:09:12,JSMR,RG,3610,4,D,NI,PD,D
14:09:02,JSMR,RG,3620,3,D,CS,PD,D
14:09:02,JSMR,RG,3620,5,D,YP,PD,D
14:08:49,JSMR,RG,3620,8,D,CS,PD,D
14:08:43,JSMR,RG,3620,1,D,CS,PD,D
14:08:42,JSMR,RG,3620,3,D,CS,PD,D
14:08:42,JSMR,RG,3620,1,D,CS,PD,D
14:08:42,JSMR,RG,3620,3,D,CC,PD,D
14:08:32,JSMR,RG,3610,6,D,NI,PD,D
14:08:32,JSMR,RG,3610,2,D,OD,PD,D
14:08:22,JSMR,RG,3610,8,D,OD,PD,D
14:08:12,JSMR,RG,3610,8,D,OD,PD,D
14:08:02,JSMR,RG,3610,8,D,OD,PD,D
14:07:52,JSMR,RG,3610,8,D,OD,PD,D
14:07:42,JSMR,RG,3610,8,D,OD,PD,D
14:07:32,JSMR,RG,3610,8,D,OD,PD,D
14:07:22,JSMR,RG,3610,5,D,SQ,PD,D
14:07:22,JSMR,RG,3610,3,D,AN,PD,D
14:07:12,JSMR,RG,3610,2,D,AN,PD,D
14:07:12,JSMR,RG,3610,5,D,RG,PD,D
14:07:12,JSMR,RG,3610,1,D,CC,PD,D
14:07:02,JSMR,RG,3610,8,D,CC,PD,D
14:06:52,JSMR,RG,3610,8,D,CC,PD,D
14:06:42,JSMR,RG,3610,8,D,CC,PD,D
14:06:32,JSMR,RG,3610,8,D,CC,PD,D
14:06:22,JSMR,RG,3610,8,D,CC,PD,D
14:06:12,JSMR,RG,3610,8,D,CC,PD,D
14:06:02,JSMR,RG,3610,1,D,CC,PD,D
14:06:02,JSMR,RG,3610,1,D,YP,PD,D
14:06:02,JSMR,RG,3610,6,D,YP,PD,D
14:05:52,JSMR,RG,3610,8,D,YP,PD,D
14:05:42,JSMR,RG,3610,8,D,YP,PD,D
14:05:32,JSMR,RG,3610,8,D,YP,PD,D
14:05:22,JSMR,RG,3610,8,D,YP,PD,D
14:05:12,JSMR,RG,3610,8,D,YP,PD,D
14:05:02,JSMR,RG,3610,8,D,YP,PD,D
14:04:52,JSMR,RG,3610,9,D,YP,PD,D
14:04:42,JSMR,RG,3610,8,D,YP,PD,D
14:04:32,JSMR,RG,3610,8,D,YP,PD,D
14:04:22,JSMR,RG,3610,8,D,YP,PD,D
14:04:12,JSMR,RG,3610,8,D,YP,PD,D
14:04:02,JSMR,RG,3610,8,D,YP,PD,D
14:03:52,JSMR,RG,3610,8,D,YP,PD,D
14:03:42,JSMR,RG,3610,8,D,YP,PD,D
14:03:32,JSMR,RG,3610,8,D,YP,PD,D
14:03:22,JSMR,RG,3610,8,D,YP,PD,D
14:03:03,JSMR,RG,3630,8,D,CS,PD,D
14:03:02,JSMR,RG,3630,5,D,CS,PD,D
14:03:02,JSMR,RG,3620,2,D,CS,PD,D
14:03:02,JSMR,RG,3620,6,D,RX,PD,D
14:02:52,JSMR,RG,3620,8,D,RX,PD,D
14:02:42,JSMR,RG,3620,8,D,RX,PD,D
14:02:32,JSMR,RG,3620,8,D,RX,PD,D
14:02:23,JSMR,RG,3620,6,D,RX,OD,D
14:02:22,JSMR,RG,3620,8,D,RX,PD,D
14:02:12,JSMR,RG,3620,8,D,RX,PD,D
14:02:02,JSMR,RG,3620,8,D,RX,PD,D
14:01:52,JSMR,RG,3610,8,D,YP,PD,D
14:01:42,JSMR,RG,3610,8,D,YP,PD,D
14:01:41,JSMR,RG,3610,9,D,YP,PD,D
14:01:32,JSMR,RG,3610,8,D,YP,PD,D
14:01:22,JSMR,RG,3610,8,D,YP,PD,D
14:01:18,JSMR,RG,3610,20,D,YP,CC,D
14:01:12,JSMR,RG,3610,8,D,YP,PD,D
14:01:02,JSMR,RG,3610,8,D,YP,PD,D
14:00:52,JSMR,RG,3610,8,D,YP,PD,D
14:00:42,JSMR,RG,3610,8,D,YP,PD,D
14:00:32,JSMR,RG,3610,8,D,YP,PD,D
14:00:22,JSMR,RG,3610,9,D,YP,PD,D
14:00:12,JSMR,RG,3610,8,D,YP,PD,D
14:00:02,JSMR,RG,3610,8,D,YP,PD,D
13:59:42,JSMR,RG,3630,8,D,CS,PD,D
13:59:42,JSMR,RG,3630,70,D,CS,AI,D
13:59:42,JSMR,RG,3630,30,D,RG,AI,D
13:59:33,JSMR,RG,3620,8,D,CS,PD,D
13:59:33,JSMR,RG,3620,1,D,CS,PD,D
13:59:32,JSMR,RG,3620,5,D,CS,PD,D
13:59:32,JSMR,RG,3620,1,D,CS,PD,D
13:59:32,JSMR,RG,3620,1,D,GR,PD,D
13:59:22,JSMR,RG,3620,8,D,GR,PD,D
13:59:12,JSMR,RG,3620,8,D,GR,PD,D
13:59:02,JSMR,RG,3620,8,D,GR,PD,D
13:58:52,JSMR,RG,3620,5,D,GR,PD,D
13:58:52,JSMR,RG,3620,1,D,KK,PD,D
13:58:52,JSMR,RG,3620,2,D,CS,PD,D
13:58:42,JSMR,RG,3620,7,D,CS,PD,D
13:58:42,JSMR,RG,3620,1,D,CS,PD,D
13:58:32,JSMR,RG,3620,8,D,CS,PD,D
13:58:17,JSMR,RG,3630,8,D,CS,PD,D
13:58:12,JSMR,RG,3630,10,D,CS,CC,D
13:58:12,JSMR,RG,3620,8,D,CS,PD,D
13:58:02,JSMR,RG,3620,8,D,CS,PD,D
13:57:54,JSMR,RG,3620,5,D,CS,YP,D
13:57:54,JSMR,RG,3620,1,D,CC,YP,D
13:57:54,JSMR,RG,3620,14,D,XC,YP,D
13:57:52,JSMR,RG,3620,8,D,XC,PD,D
13:57:42,JSMR,RG,3620,8,D,XC,PD,D
13:57:32,JSMR,RG,3620,8,D,XC,PD,D
13:57:22,JSMR,RG,3620,8,D,XC,PD,D
13:57:12,JSMR,RG,3620,8,D,XC,PD,D
13:57:11,JSMR,RG,3620,9,D,XC,AG,F
13:57:02,JSMR,RG,3620,8,D,XC,PD,D
13:56:52,JSMR,RG,3620,8,D,XC,PD,D
13:56:41,JSMR,RG,3620,8,D,XC,PD,D
13:56:32,JSMR,RG,3620,8,D,XC,PD,D
13:56:22,JSMR,RG,3620,5,D,XC,PD,D
13:56:22,JSMR,RG,3620,3,D,CS,PD,D
13:56:11,JSMR,RG,3620,8,D,CS,PD,D
13:56:02,JSMR,RG,3620,8,D,CS,PD,D
13:55:52,JSMR,RG,3620,4,D,CS,PD,D
13:55:52,JSMR,RG,3620,4,D,CS,PD,D
13:55:42,JSMR,RG,3620,9,D,CS,PD,D
13:55:32,JSMR,RG,3620,8,D,CS,PD,D
13:55:20,JSMR,RG,3630,9,D,CS,PD,D
13:55:19,JSMR,RG,3630,100,D,CS,AI,D
13:55:12,JSMR,RG,3620,3,D,CS,PD,D
13:55:12,JSMR,RG,3620,5,D,CS,PD,D
13:55:02,JSMR,RG,3620,8,D,CS,PD,D
13:54:52,JSMR,RG,3620,8,D,CS,PD,D
13:54:47,JSMR,RG,3640,1,D,PD,YP,D
13:54:47,JSMR,RG,3640,1,D,PD,AI,D
13:54:42,JSMR,RG,3620,8,D,CS,PD,D
13:54:31,JSMR,RG,3620,8,D,CS,PD,D
13:54:21,JSMR,RG,3620,8,D,CS,PD,D
13:54:12,JSMR,RG,3620,8,D,CS,PD,D
13:54:02,JSMR,RG,3620,3,D,CS,PD,D
13:54:02,JSMR,RG,3620,3,D,CS,PD,D
13:54:02,JSMR,RG,3620,2,D,CS,PD,D
13:53:51,JSMR,RG,3620,8,D,CS,PD,D
13:53:41,JSMR,RG,3620,8,D,CS,PD,D
13:53:31,JSMR,RG,3620,8,D,CS,PD,D
13:53:22,JSMR,RG,3620,7,D,CS,PD,D
13:53:22,JSMR,RG,3620,1,D,YP,PD,D
13:53:11,JSMR,RG,3620,1,D,YP,PD,D
13:53:11,JSMR,RG,3620,1,D,NI,PD,D
13:53:11,JSMR,RG,3620,5,D,NI,PD,D
13:53:11,JSMR,RG,3620,1,D,XC,PD,D
13:53:02,JSMR,RG,3620,5,D,PD,PD,D
13:53:02,JSMR,RG,3620,2,D,SQ,PD,D
13:53:02,JSMR,RG,3620,1,D,YP,PD,D
13:52:52,JSMR,RG,3620,8,D,YP,PD,D
13:52:42,JSMR,RG,3620,8,D,YP,PD,D
13:52:31,JSMR,RG,3620,8,D,YP,PD,D
13:52:22,JSMR,RG,3620,8,D,YP,PD,D
13:52:11,JSMR,RG,3620,8,D,YP,PD,D
13:52:01,JSMR,RG,3620,8,D,YP,PD,D
13:51:51,JSMR,RG,3620,8,D,YP,PD,D
13:51:41,JSMR,RG,3620,8,D,YP,PD,D
13:51:31,JSMR,RG,3620,8,D,YP,PD,D
13:51:31,JSMR,RG,3620,1,D,YP,PD,D
13:51:19,JSMR,RG,3630,8,D,CS,PD,D
13:51:14,JSMR,RG,3630,12,D,CS,PD,D
13:51:11,JSMR,RG,3620,8,D,YP,PD,D
13:51:02,JSMR,RG,3620,8,D,YP,PD,D
13:50:52,JSMR,RG,3620,8,D,YP,PD,D
13:50:42,JSMR,RG,3620,2,D,YP,PD,D
13:50:42,JSMR,RG,3620,1,D,CC,PD,D
13:50:42,JSMR,RG,3620,1,F,AG,PD,D
13:50:42,JSMR,RG,3620,2,D,YP,PD,D
13:50:42,JSMR,RG,3620,2,D,SQ,PD,D
13:50:32,JSMR,RG,3620,1,D,SQ,PD,D
13:50:32,JSMR,RG,3620,1,D,NI,PD,D
13:50:32,JSMR,RG,3620,6,D,CS,PD,D
13:50:23,JSMR,RG,3620,8,D,CS,PD,D
13:50:12,JSMR,RG,3620,8,D,CS,PD,D
13:50:01,JSMR,RG,3630,8,D,CS,PD,D
13:49:52,JSMR,RG,3620,8,D,CS,PD,D
13:49:51,JSMR,RG,3630,41,D,CS,NI,D
13:49:42,JSMR,RG,3620,8,D,CS,PD,D
13:49:37,JSMR,RG,3620,2,D,CS,CC,D
13:49:33,JSMR,RG,3620,8,D,CS,PD,D
13:49:23,JSMR,RG,3620,2,D,CS,PD,D
13:49:23,JSMR,RG,3620,5,D,CC,PD,D
13:49:23,JSMR,RG,3620,1,D,CS,PD,D
13:49:12,JSMR,RG,3620,8,D,CS,PD,D
13:49:02,JSMR,RG,3620,8,D,CS,PD,D
13:48:52,JSMR,RG,3620,8,D,CS,PD,D
13:48:42,JSMR,RG,3620,8,D,CS,PD,D
13:48:33,JSMR,RG,3620,10,D,CS,YP,D
13:48:32,JSMR,RG,3620,7,D,CS,PD,D
13:48:32,JSMR,RG,3620,1,D,XC,PD,D
13:48:22,JSMR,RG,3620,1,D,YP,PD,D
13:48:22,JSMR,RG,3620,7,D,CC,PD,D
13:48:13,JSMR,RG,3620,8,D,CC,PD,D
13:48:02,JSMR,RG,3620,8,D,CC,PD,D
13:47:47,JSMR,RG,3630,8,D,CS,PD,D
13:47:43,JSMR,RG,3630,7,D,CS,PD,D
13:47:42,JSMR,RG,3630,1,D,XC,PD,D
13:47:32,JSMR,RG,3620,8,D,CC,PD,D
13:47:17,JSMR,RG,3630,8,D,CS,PD,D
13:47:13,JSMR,RG,3630,4,D,CS,PD,D
13:47:12,JSMR,RG,3630,1,D,XC,PD,D
13:47:12,JSMR,RG,3630,3,D,PD,PD,D
13:47:02,JSMR,RG,3630,7,D,PD,PD,D
13:47:02,JSMR,RG,3630,1,D,RX,PD,D
13:46:52,JSMR,RG,3630,9,D,RX,PD,D
13:46:42,JSMR,RG,3630,8,D,RX,PD,D
13:46:32,JSMR,RG,3630,8,D,RX,PD,D
13:46:22,JSMR,RG,3630,8,D,RX,PD,D
13:46:12,JSMR,RG,3630,8,D,RX,PD,D
13:46:07,JSMR,RG,3630,1,D,RX,YP,D
13:46:02,JSMR,RG,3630,8,D,RX,PD,D
13:45:52,JSMR,RG,3630,8,D,RX,PD,D
13:45:51,JSMR,RG,3630,27,D,RX,XC,D
13:45:42,JSMR,RG,3630,8,D,RX,PD,D
13:45:32,JSMR,RG,3630,8,D,RX,PD,D
13:45:22,JSMR,RG,3630,8,D,RX,PD,D
13:45:12,JSMR,RG,3630,8,D,RX,PD,D
13:45:02,JSMR,RG,3630,8,D,RX,PD,D
13:44:52,JSMR,RG,3630,4,D,RX,PD,D
13:44:52,JSMR,RG,3630,4,D,CS,PD,D
13:44:42,JSMR,RG,3630,8,D,CS,PD,D
13:44:32,JSMR,RG,3630,7,D,CS,PD,D
13:44:32,JSMR,RG,3630,1,D,CS,PD,D
13:44:22,JSMR,RG,3630,8,D,CS,PD,D
13:44:12,JSMR,RG,3630,1,D,CS,PD,D
13:44:12,JSMR,RG,3630,2,D,NI,PD,D
13:44:12,JSMR,RG,3630,5,D,CS,PD,D
13:44:02,JSMR,RG,3630,8,D,CS,PD,D
13:43:52,JSMR,RG,3630,4,D,CS,PD,D
13:43:52,JSMR,RG,3630,4,D,XC,PD,D
13:43:42,JSMR,RG,3630,8,D,RO,PD,D
13:43:32,JSMR,RG,3630,2,D,RO,PD,D
13:43:32,JSMR,RG,3630,6,D,YP,PD,D
13:43:22,JSMR,RG,3630,8,D,YP,PD,D
13:43:12,JSMR,RG,3630,8,D,YP,PD,D
13:43:02,JSMR,RG,3630,6,D,YP,PD,D
13:43:02,JSMR,RG,3630,2,D,YP,PD,D
13:42:52,JSMR,RG,3630,1,D,YP,PD,D
13:42:52,JSMR,RG,3630,1,D,EP,PD,D
13:42:52,JSMR,RG,3630,6,D,CS,PD,D
13:42:42,JSMR,RG,3630,7,D,CS,PD,D
13:42:42,JSMR,RG,3630,1,D,CS,PD,D
13:42:32,JSMR,RG,3630,8,D,CS,PD,D
13:42:22,JSMR,RG,3630,2,D,CS,PD,D
13:42:22,JSMR,RG,3630,7,D,CS,PD,D
13:42:12,JSMR,RG,3630,8,D,CS,PD,D
13:42:02,JSMR,RG,3630,8,D,CS,PD,D
13:41:52,JSMR,RG,3630,8,D,CS,PD,D
13:41:42,JSMR,RG,3630,1,D,CS,PD,D
13:41:42,JSMR,RG,3630,7,D,LG,PD,D
13:41:32,JSMR,RG,3630,8,D,LG,PD,D
13:41:22,JSMR,RG,3630,8,D,LG,PD,D
13:41:12,JSMR,RG,3630,5,D,LG,PD,D
13:41:12,JSMR,RG,3630,1,D,XC,PD,D
13:41:12,JSMR,RG,3630,1,D,CS,PD,D
13:41:12,JSMR,RG,3630,1,D,XC,PD,D
13:41:02,JSMR,RG,3630,2,F,CC,PD,D
13:41:02,JSMR,RG,3630,6,D,SQ,PD,D
13:40:52,JSMR,RG,3630,3,D,SQ,PD,D
13:40:52,JSMR,RG,3630,5,D,IF,PD,D
13:40:42,JSMR,RG,3630,8,D,IF,PD,D
13:40:32,JSMR,RG,3630,8,D,IF,PD,D
13:40:22,JSMR,RG,3630,8,D,IF,PD,D
13:40:12,JSMR,RG,3630,8,D,IF,PD,D
13:40:02,JSMR,RG,3630,8,D,IF,PD,D
13:39:52,JSMR,RG,3630,8,D,IF,PD,D
13:39:42,JSMR,RG,3630,8,D,IF,PD,D
13:39:32,JSMR,RG,3630,8,D,IF,PD,D
13:39:22,JSMR,RG,3630,8,D,IF,PD,D
13:39:12,JSMR,RG,3630,8,D,IF,PD,D
13:39:02,JSMR,RG,3630,8,D,IF,PD,D
13:38:52,JSMR,RG,3630,8,D,IF,PD,D
13:38:45,JSMR,RG,3630,50,D,IF,KK,D
13:38:42,JSMR,RG,3630,8,D,IF,PD,D
13:38:32,JSMR,RG,3630,8,D,IF,PD,D
13:38:22,JSMR,RG,3630,8,D,IF,PD,D
13:38:19,JSMR,RG,3630,9,D,IF,LG,D
13:38:12,JSMR,RG,3630,8,D,IF,PD,D
13:38:02,JSMR,RG,3630,8,D,IF,PD,D
13:37:52,JSMR,RG,3630,9,D,IF,PD,D
13:37:42,JSMR,RG,3630,8,D,IF,PD,D
13:37:32,JSMR,RG,3630,8,D,IF,PD,D
13:37:22,JSMR,RG,3630,8,D,IF,PD,D
13:37:13,JSMR,RG,3630,1,D,IF,XC,D
13:37:12,JSMR,RG,3630,8,D,IF,PD,D
13:37:02,JSMR,RG,3630,8,D,IF,PD,D
13:36:52,JSMR,RG,3630,8,D,IF,PD,D
13:36:42,JSMR,RG,3630,8,D,IF,PD,D
13:36:32,JSMR,RG,3630,8,D,IF,PD,D
13:36:22,JSMR,RG,3630,2,D,IF,PD,D
13:36:22,JSMR,RG,3630,6,D,CS,PD,D
13:36:12,JSMR,RG,3630,8,D,CS,PD,D
13:36:02,JSMR,RG,3630,8,D,PD,PD,D
13:35:52,JSMR,RG,3630,8,D,PD,PD,D
13:35:42,JSMR,RG,3630,8,D,PD,PD,D
13:35:32,JSMR,RG,3630,8,D,PD,PD,D
13:35:22,JSMR,RG,3630,8,D,PD,PD,D
13:35:12,JSMR,RG,3630,8,D,PD,PD,D
13:35:02,JSMR,RG,3630,8,D,PD,PD,D
13:34:52,JSMR,RG,3630,8,D,PD,PD,D
13:34:42,JSMR,RG,3630,8,D,PD,PD,D
13:34:32,JSMR,RG,3630,8,D,PD,PD,D
13:34:22,JSMR,RG,3630,8,D,PD,PD,D
13:34:12,JSMR,RG,3630,8,D,PD,PD,D
13:34:02,JSMR,RG,3630,8,D,PD,PD,D
13:33:52,JSMR,RG,3630,6,D,PD,PD,D
13:33:52,JSMR,RG,3630,2,D,CS,PD,D
13:33:42,JSMR,RG,3630,8,D,CS,PD,D
13:33:32,JSMR,RG,3630,8,D,CS,PD,D
13:33:24,JSMR,RG,3630,4,D,CS,CC,D
13:33:24,JSMR,RG,3630,11,D,CS,CC,D
13:30:16,JSMR,RG,3640,10,D,NI,AI,D
13:30:14,JSMR,RG,3630,1,D,CS,YP,D
13:30:12,JSMR,RG,3630,1,D,CS,LG,D
13:30:11,JSMR,RG,3630,14,D,CS,YP,D
13:30:11,JSMR,RG,3630,1,D,NI,YP,D
13:30:11,JSMR,RG,3630,1,D,XC,YP,D
13:30:11,JSMR,RG,3630,3,D,PD,YP,D
13:30:11,JSMR,RG,3630,5,D,OD,YP,D
13:30:11,JSMR,RG,3630,3,D,CC,YP,D
13:30:11,JSMR,RG,3630,5,D,PD,YP,D
13:30:11,JSMR,RG,3630,14,D,CS,YP,D
13:30:11,JSMR,RG,3630,50,D,CS,YP,D
13:30:11,JSMR,RG,3630,1,D,XC,YP,D
13:30:11,JSMR,RG,3630,3,D,DR,YP,D
13:30:11,JSMR,RG,3630,5,D,DR,CC,D
13:30:11,JSMR,RG,3630,2,D,DR,CC,D
13:30:11,JSMR,RG,3630,5,D,CC,CC,D
13:30:11,JSMR,RG,3630,3,D,SQ,CC,D
13:30:07,JSMR,RG,3630,1,D,SQ,PD,D
13:30:06,JSMR,RG,3630,1,D,SQ,DH,D
13:30:06,JSMR,RG,3630,1,D,SQ,PD,D
13:30:04,JSMR,RG,3630,4,D,SQ,TF,D
13:30:04,JSMR,RG,3630,5,D,CS,TF,D
13:30:04,JSMR,RG,3640,89,D,RX,AI,D
13:30:03,JSMR,RG,3640,2,D,RX,DH,D
13:30:02,JSMR,RG,3640,6,D,RX,PD,D
13:30:02,JSMR,RG,3640,2,D,RX,GR,D
13:30:02,JSMR,RG,3640,1,D,RX,NI,D
11:29:45,JSMR,RG,3630,16,D,CS,KK,D
11:29:45,JSMR,RG,3630,1,D,CS,KK,D
11:29:45,JSMR,RG,3630,3,D,CS,KK,D
11:29:14,JSMR,RG,3630,27,D,CS,HP,D
11:29:08,JSMR,RG,3630,5,D,CS,KK,D
11:29:08,JSMR,RG,3630,3,D,OD,KK,D
11:29:08,JSMR,RG,3630,5,D,CS,KK,D
11:29:08,JSMR,RG,3630,27,D,CS,KK,D
11:29:08,JSMR,RG,3630,2,D,CS,KK,D
11:29:08,JSMR,RG,3630,8,D,CS,KK,D
11:26:38,JSMR,RG,3640,12,D,CS,CC,D
11:26:38,JSMR,RG,3640,33,D,CS,KK,D
11:26:07,JSMR,RG,3640,1,D,NI,KK,D
11:23:54,JSMR,RG,3640,1,D,XC,KK,D
11:21:53,JSMR,RG,3630,14,D,CS,PD,D
11:19:22,JSMR,RG,3630,1,D,CS,XC,D
11:16:29,JSMR,RG,3630,30,D,RX,CC,D
11:16:22,JSMR,RG,3630,5,D,RX,CC,D
11:16:11,JSMR,RG,3630,1,D,RX,DR,D
11:15:59,JSMR,RG,3630,3,D,RX,CC,D
11:13:48,JSMR,RG,3630,2,D,RX,CC,D
11:13:40,JSMR,RG,3630,2,D,RX,DH,D
11:12:44,JSMR,RG,3630,2,D,RX,CC,D
11:11:31,JSMR,RG,3630,5,D,RX,PD,D
11:10:33,JSMR,RG,3640,1,D,PD,KK,D
11:08:52,JSMR,RG,3640,5,D,YP,KK,D
11:08:29,JSMR,RG,3630,20,D,RX,KK,D
11:07:30,JSMR,RG,3640,1,D,NI,KK,D
11:07:30,JSMR,RG,3640,1,D,DR,KK,D
11:07:30,JSMR,RG,3640,5,D,CC,KK,D
11:07:30,JSMR,RG,3640,1,D,YP,KK,D
11:07:30,JSMR,RG,3640,1,D,RX,KK,D
11:05:38,JSMR,RG,3640,1,D,RX,DH,D
11:05:08,JSMR,RG,3640,12,D,RX,KK,D
11:04:43,JSMR,RG,3640,10,D,RX,CC,D
11:04:29,JSMR,RG,3640,10,D,RX,CC,D
11:03:24,JSMR,RG,3640,9,D,RX,YP,D
11:02:24,JSMR,RG,3650,1,D,YU,YP,D
11:02:24,JSMR,RG,3650,1,D,YU,LG,D
11:01:57,JSMR,RG,3640,1,D,RX,PD,D
11:00:21,JSMR,RG,3640,5,D,RX,CC,D
11:00:01,JSMR,RG,3640,10,D,RX,CC,D
10:59:17,JSMR,RG,3640,1,D,RX,PD,D
10:59:05,JSMR,RG,3640,20,D,RX,PD,D
10:57:33,JSMR,RG,3640,10,D,RX,CC,D
10:55:51,JSMR,RG,3640,10,D,RX,KK,D
10:47:23,JSMR,RG,3630,1,D,EP,PD,D
10:42:16,JSMR,RG,3630,22,D,EP,EP,D
10:42:16,JSMR,RG,3630,3,D,PD,EP,D
10:41:55,JSMR,RG,3640,2,D,CS,YP,D
10:41:55,JSMR,RG,3640,10,D,CS,SQ,D
10:41:55,JSMR,RG,3640,1,D,CS,PD,D
10:41:55,JSMR,RG,3640,1,D,CS,XC,D
10:41:55,JSMR,RG,3640,126,D,CS,SQ,D
10:41:20,JSMR,RG,3630,3,D,CS,DR,D
10:41:20,JSMR,RG,3630,6,D,EP,DR,D
10:41:20,JSMR,RG,3630,1,D,PD,DR,D
10:40:02,JSMR,RG,3640,1,D,XC,SQ,D
10:32:11,JSMR,RG,3640,73,D,CC,SQ,D
10:32:11,JSMR,RG,3640,27,D,CC,CC,D
10:31:45,JSMR,RG,3640,3,D,XC,CC,D
10:31:45,JSMR,RG,3640,1,D,XC,CC,D
10:30:56,JSMR,RG,3640,10,D,PD,CC,D
10:30:56,JSMR,RG,3640,9,D,RX,CC,D
10:29:40,JSMR,RG,3640,2,D,RX,YP,D
10:28:59,JSMR,RG,3640,64,D,RX,AK,F
10:28:18,JSMR,RG,3640,2,D,RX,CD,D
10:28:01,JSMR,RG,3640,10,D,RX,KK,D
10:28:01,JSMR,RG,3640,1,D,RX,PD,D
10:28:01,JSMR,RG,3640,1,D,RX,YP,D
10:26:44,JSMR,RG,3630,1,D,PD,YP,D
10:26:34,JSMR,RG,3630,1,D,CS,KK,D
10:26:34,JSMR,RG,3630,8,D,CS,KK,D
10:26:34,JSMR,RG,3630,10,D,CS,KK,D
10:26:34,JSMR,RG,3630,21,D,AZ,KK,D
10:25:54,JSMR,RG,3630,1,D,AZ,CC,D
10:24:50,JSMR,RG,3630,17,D,AZ,GR,D
10:24:50,JSMR,RG,3630,6,D,CS,GR,D
10:24:50,JSMR,RG,3630,24,D,CS,GR,D
10:24:50,JSMR,RG,3630,24,D,CS,GR,D
10:24:38,JSMR,RG,3630,2,D,CS,YP,D
10:24:20,JSMR,RG,3630,5,D,CS,PD,D
10:24:17,JSMR,RG,3630,1,D,CS,RG,D
10:19:09,JSMR,RG,3630,5,D,CS,CC,D
10:17:19,JSMR,RG,3630,12,D,CS,EP,D
10:16:10,JSMR,RG,3630,1,D,CS,PD,D
10:16:10,JSMR,RG,3630,1,D,PD,PD,D
10:14:41,JSMR,RG,3650,6,D,PD,LG,D
10:12:30,JSMR,RG,3650,5,D,CC,LG,D
10:11:42,JSMR,RG,3650,5,D,CC,LG,D
10:11:39,JSMR,RG,3620,15,D,CC,CC,D
10:10:15,JSMR,RG,3620,3,D,CC,EP,D
10:09:37,JSMR,RG,3620,5,D,CC,NI,D
10:06:52,JSMR,RG,3620,35,D,CC,OD,D
10:05:28,JSMR,RG,3620,1,D,CC,SQ,D
10:04:30,JSMR,RG,3620,4,D,CC,AT,D
10:03:14,JSMR,RG,3620,6,D,CC,PD,D
10:02:50,JSMR,RG,3610,40,D,YP,DH,D
10:02:39,JSMR,RG,3610,1,D,YP,DR,D
10:02:36,JSMR,RG,3620,1,D,CS,DR,D
10:02:34,JSMR,RG,3620,1,D,YP,DR,D
10:02:24,JSMR,RG,3610,9,D,YP,XC,D
10:01:33,JSMR,RG,3610,28,D,YP,MK,D
9:58:51,JSMR,RG,3610,148,D,YP,XA,D
9:58:51,JSMR,RG,3620,5,D,SQ,XA,D
9:58:51,JSMR,RG,3620,3,D,YP,XA,D
9:58:51,JSMR,RG,3620,100,D,YP,XA,D
9:58:51,JSMR,RG,3620,4,D,SQ,XA,D
9:58:51,JSMR,RG,3620,50,D,CS,XA,D
9:58:51,JSMR,RG,3620,1,D,CC,XA,D
9:58:51,JSMR,RG,3620,14,D,GR,XA,D
9:58:51,JSMR,RG,3620,1,D,PD,XA,D
9:58:51,JSMR,RG,3620,27,D,OD,XA,D
9:58:51,JSMR,RG,3620,15,D,CC,XA,D
9:58:51,JSMR,RG,3620,4,D,NI,XA,D
9:58:51,JSMR,RG,3620,1,D,XC,XA,D
9:58:51,JSMR,RG,3620,13,D,CC,XA,D
9:58:51,JSMR,RG,3630,1,D,PD,XA,D
9:58:51,JSMR,RG,3630,10,D,CC,XA,D
9:58:51,JSMR,RG,3630,3,D,DH,XA,D
9:58:51,JSMR,RG,3630,45,D,CS,XA,D
9:58:51,JSMR,RG,3640,13,D,CC,XA,D
9:58:51,JSMR,RG,3640,4,D,PD,XA,D
9:58:51,JSMR,RG,3640,9,D,PD,XA,D
9:58:51,JSMR,RG,3640,58,D,RX,XA,D
9:58:32,JSMR,RG,3640,2,D,RX,SQ,D
9:58:32,JSMR,RG,3640,8,D,CS,SQ,D
9:57:02,JSMR,RG,3640,1,D,CS,YP,D
9:53:29,JSMR,RG,3640,1,D,CS,XC,D
9:53:29,JSMR,RG,3640,2,D,CS,PD,D
9:53:29,JSMR,RG,3640,10,D,CS,SQ,D
9:53:29,JSMR,RG,3640,10,D,CS,YP,D
9:53:29,JSMR,RG,3640,8,D,CS,XC,D
9:53:29,JSMR,RG,3640,2,D,CS,YP,D
9:53:29,JSMR,RG,3640,4,D,CS,YP,D
9:53:29,JSMR,RG,3640,4,D,CS,XC,D
9:52:06,JSMR,RG,3630,5,D,CS,YU,D
9:51:13,JSMR,RG,3620,7,D,CC,CC,D
9:51:11,JSMR,RG,3630,2,D,YP,GR,D
9:50:05,JSMR,RG,3620,5,D,CC,DR,D
9:49:51,JSMR,RG,3620,18,D,CC,EP,D
9:48:55,JSMR,RG,3620,41,D,CC,DR,D
9:47:14,JSMR,RG,3630,2,D,ZP,PD,D
9:46:47,JSMR,RG,3630,8,D,CC,PD,D
9:46:47,JSMR,RG,3630,2,D,CC,YP,D
9:45:42,JSMR,RG,3630,5,D,PD,YP,D
9:45:37,JSMR,RG,3620,1,D,CC,PD,D
9:44:47,JSMR,RG,3620,15,D,CC,DR,D
9:44:47,JSMR,RG,3620,4,D,NI,DR,D
9:44:47,JSMR,RG,3620,4,D,CP,DR,D
9:44:47,JSMR,RG,3620,1,D,PD,DR,D
9:44:47,JSMR,RG,3620,1,D,YP,DR,D
9:44:47,JSMR,RG,3620,2,D,NI,DR,D
9:44:47,JSMR,RG,3620,3,D,YP,DR,D
9:44:47,JSMR,RG,3620,1,D,YP,DR,D
9:44:47,JSMR,RG,3620,1,D,YP,DR,D
9:44:47,JSMR,RG,3620,1,D,YP,DR,D
9:44:47,JSMR,RG,3620,1,D,YP,DR,D
9:44:47,JSMR,RG,3620,1,D,KK,DR,D
9:44:07,JSMR,RG,3630,5,D,YP,DR,D
9:44:07,JSMR,RG,3630,20,D,DX,DR,D
9:44:07,JSMR,RG,3630,10,D,CC,DR,D
9:44:07,JSMR,RG,3630,10,D,LG,DR,D
9:44:07,JSMR,RG,3630,10,D,CC,DR,D
9:44:07,JSMR,RG,3630,8,D,PD,DR,D
9:44:07,JSMR,RG,3630,1,D,PD,DR,D
9:44:07,JSMR,RG,3630,1,D,ZP,DR,D
9:44:07,JSMR,RG,3630,1,D,DH,DR,D
9:44:07,JSMR,RG,3630,1,D,CC,DR,D
9:44:07,JSMR,RG,3630,1,D,SQ,DR,D
9:44:07,JSMR,RG,3630,36,D,YP,DR,D
9:44:05,JSMR,RG,3630,14,D,YP,CC,D
9:44:05,JSMR,RG,3630,65,D,SQ,CC,D
9:43:10,JSMR,RG,3630,10,D,SQ,YP,D
9:42:42,JSMR,RG,3630,2,D,SQ,CC,D
9:41:58,JSMR,RG,3630,1,D,SQ,NI,D
9:40:39,JSMR,RG,3630,15,D,SQ,PD,D
9:40:19,JSMR,RG,3640,1,D,ZP,XC,D
9:40:10,JSMR,RG,3630,1,D,SQ,DH,D
9:39:23,JSMR,RG,3630,1,D,SQ,XC,D
9:38:39,JSMR,RG,3630,1,D,SQ,EP,D
9:34:41,JSMR,RG,3630,6,D,SQ,YP,D
9:32:44,JSMR,RG,3630,10,D,SQ,YP,D
9:31:56,JSMR,RG,3640,1,D,PD,YP,D
9:31:56,JSMR,RG,3640,5,D,CC,YP,D
9:30:20,JSMR,RG,3640,3,D,CC,PD,D
9:30:19,JSMR,RG,3640,5,D,CC,CC,D
9:29:17,JSMR,RG,3640,6,D,CC,NI,D
9:29:17,JSMR,RG,3640,31,D,CC,GR,D
9:29:03,JSMR,RG,3630,14,D,SQ,CC,D
9:27:58,JSMR,RG,3630,1,D,SQ,NI,D
9:27:55,JSMR,RG,3630,10,D,SQ,CC,D
9:27:48,JSMR,RG,3630,5,D,SQ,PD,D
9:27:21,JSMR,RG,3630,2,D,SQ,AI,D
9:26:25,JSMR,RG,3640,6,D,DH,GR,D
9:26:25,JSMR,RG,3640,21,D,XC,GR,D
9:26:25,JSMR,RG,3640,2,D,CC,GR,D
9:25:13,JSMR,RG,3640,2,D,CC,XC,D
9:24:39,JSMR,RG,3640,5,D,CC,YP,D
9:24:32,JSMR,RG,3640,1,D,CC,KK,D
9:24:10,JSMR,RG,3640,25,D,CC,LG,D
9:24:07,JSMR,RG,3650,1,D,GR,LG,D
9:24:05,JSMR,RG,3640,6,D,CC,CC,D
9:21:49,JSMR,RG,3640,6,D,CC,NI,D
9:21:17,JSMR,RG,3640,30,D,CC,PD,D
9:21:03,JSMR,RG,3640,10,D,CC,YP,D
9:19:51,JSMR,RG,3640,5,D,CC,AI,D
9:18:56,JSMR,RG,3640,18,D,CC,CC,D
9:18:56,JSMR,RG,3640,3,D,PD,CC,D
9:18:56,JSMR,RG,3640,5,D,XC,CC,D
9:18:56,JSMR,RG,3640,1,D,PD,CC,D
9:18:56,JSMR,RG,3640,3,D,RX,CC,D
9:17:35,JSMR,RG,3640,4,D,RX,PD,D
9:17:24,JSMR,RG,3640,10,D,RX,CC,D
9:16:49,JSMR,RG,3640,7,D,RX,YP,D
9:16:18,JSMR,RG,3640,1,D,RX,XC,D
9:14:22,JSMR,RG,3640,3,D,RX,GR,D
9:13:48,JSMR,RG,3630,5,D,SQ,YP,D
9:12:52,JSMR,RG,3630,51,D,SQ,SQ,D
9:12:52,JSMR,RG,3650,2,D,CC,LG,D
9:12:42,JSMR,RG,3650,5,D,CC,LG,D
9:12:00,JSMR,RG,3650,5,D,CC,AG,D
9:12:00,JSMR,RG,3650,10,D,PD,AG,D
9:12:00,JSMR,RG,3650,1,D,YP,AG,D
9:12:00,JSMR,RG,3650,10,D,CC,AG,D
9:12:00,JSMR,RG,3650,4,D,YP,AG,D
9:11:53,JSMR,RG,3650,30,D,YP,AG,D
9:11:41,JSMR,RG,3650,2,D,YP,SQ,D
9:11:15,JSMR,RG,3650,5,D,YP,NI,D
9:11:05,JSMR,RG,3650,15,D,YP,KK,D
9:11:01,JSMR,RG,3650,30,D,YP,NI,D
9:09:59,JSMR,RG,3650,2,D,YP,DH,D
9:08:58,JSMR,RG,3660,10,D,RX,KK,D
9:08:58,JSMR,RG,3660,8,D,SQ,KK,D
9:08:57,JSMR,RG,3670,2,D,YU,CC,D
9:08:27,JSMR,RG,3660,4,D,SQ,AT,D
9:08:13,JSMR,RG,3660,20,D,SQ,DR,D
9:08:13,JSMR,RG,3660,18,D,SQ,AG,D
9:08:09,JSMR,RG,3650,1,D,YP,YP,D
9:08:06,JSMR,RG,3650,121,D,YP,YP,D
9:07:24,JSMR,RG,3650,2,D,YP,CC,D
9:07:13,JSMR,RG,3650,2,D,YP,YP,D
9:07:09,JSMR,RG,3650,51,D,YP,AK,F
9:07:09,JSMR,RG,3650,4,D,YP,CC,D
9:07:09,JSMR,RG,3650,4,D,YP,CC,D
9:06:07,JSMR,RG,3650,15,D,YB,AK,F
9:06:07,JSMR,RG,3650,5,D,YB,XC,D
9:06:07,JSMR,RG,3650,10,D,YB,LG,D
9:06:00,JSMR,RG,3610,10,D,YP,LG,D
9:05:56,JSMR,RG,3620,50,F,AK,ZP,F
9:05:56,JSMR,RG,3620,14,F,AK,CC,D
9:05:55,JSMR,RG,3610,3,D,YP,CC,D
9:05:52,JSMR,RG,3610,50,D,YP,CC,D
9:05:47,JSMR,RG,3610,17,D,DU,CC,D
9:05:45,JSMR,RG,3610,20,D,DU,CC,D
9:05:45,JSMR,RG,3610,13,D,DU,KK,D
9:05:32,JSMR,RG,3610,10,D,KK,KK,D
9:05:18,JSMR,RG,3610,2,D,XC,KK,D
9:05:18,JSMR,RG,3610,3,D,PD,KK,D
9:05:18,JSMR,RG,3610,15,D,KK,KK,D
9:05:18,JSMR,RG,3610,21,D,YP,KK,D
9:05:10,JSMR,RG,3620,5,D,PD,CC,D
9:04:55,JSMR,RG,3610,1,D,YP,PD,D
9:04:51,JSMR,RG,3610,4,D,YP,XC,D
9:04:51,JSMR,RG,3610,95,D,YP,YP,D
9:04:32,JSMR,RG,3600,8,D,CC,YP,D
9:04:32,JSMR,RG,3600,1,D,DH,YP,D
9:04:32,JSMR,RG,3600,9,D,PD,YP,D
9:04:31,JSMR,RG,3600,11,D,PD,YP,D
9:04:31,JSMR,RG,3600,1,D,PD,YP,D
9:04:31,JSMR,RG,3600,5,D,DH,YP,D
9:04:30,JSMR,RG,3600,5,D,DH,KK,D
9:04:30,JSMR,RG,3600,1,D,AZ,KK,D
9:04:20,JSMR,RG,3610,15,D,KK,YP,D
9:04:17,JSMR,RG,3610,30,D,PD,YP,D
9:04:17,JSMR,RG,3610,2,D,YP,YP,D
9:04:17,JSMR,RG,3610,55,D,NI,YP,D
9:04:09,JSMR,RG,3610,2,D,NI,SQ,D
9:03:55,JSMR,RG,3610,43,D,NI,YP,D
9:03:55,JSMR,RG,3610,10,D,KK,YP,D
9:03:55,JSMR,RG,3610,5,D,YP,YP,D
9:03:55,JSMR,RG,3610,1,D,YP,YP,D
9:03:55,JSMR,RG,3610,3,D,IF,YP,D
9:03:55,JSMR,RG,3610,1,D,YP,YP,D
9:03:55,JSMR,RG,3610,17,D,EP,YP,D
9:03:55,JSMR,RG,3620,5,D,PD,YP,D
9:03:55,JSMR,RG,3620,2,D,YP,YP,D
9:03:55,JSMR,RG,3620,2,D,PD,YP,D
9:03:55,JSMR,RG,3620,1,D,NI,YP,D
9:03:55,JSMR,RG,3620,3,D,PD,YP,D
9:03:55,JSMR,RG,3620,1,D,YP,YP,D
9:03:55,JSMR,RG,3630,1,D,YP,YP,D
9:03:55,JSMR,RG,3630,5,D,YU,YP,D
9:03:45,JSMR,RG,3640,8,D,CC,SQ,D
9:03:43,JSMR,RG,3640,2,D,CC,PD,D
9:03:43,JSMR,RG,3640,3,D,RX,EP,D
9:03:39,JSMR,RG,3640,5,D,RX,YP,D
9:03:39,JSMR,RG,3640,10,D,YP,YP,D
9:03:39,JSMR,RG,3640,25,D,HP,YP,D
9:02:56,JSMR,RG,3640,5,D,HP,EP,D
9:02:55,JSMR,RG,3640,11,D,PD,EP,D
9:02:55,JSMR,RG,3640,3,D,SQ,EP,D
9:02:55,JSMR,RG,3640,1,D,YP,EP,D
9:02:40,JSMR,RG,3650,2,D,AN,AK,F
9:02:40,JSMR,RG,3650,30,D,NI,AK,F
9:02:40,JSMR,RG,3650,1,D,YP,AK,F
9:02:40,JSMR,RG,3650,85,D,YP,AK,F
9:02:12,JSMR,RG,3660,17,D,XC,AG,D
9:02:12,JSMR,RG,3660,15,D,NI,AG,D
9:02:09,JSMR,RG,3660,5,D,NI,PD,D
9:01:41,JSMR,RG,3660,4,D,NI,NI,D
9:01:25,JSMR,RG,3670,16,D,PD,AT,D
9:01:25,JSMR,RG,3670,5,D,PD,CC,D
9:01:16,JSMR,RG,3670,2,D,PD,PD,D
9:00:46,JSMR,RG,3670,35,D,PD,CC,D
9:00:32,JSMR,RG,3670,3,D,PD,PD,D
9:00:32,JSMR,RG,3670,19,D,PD,YP,D
9:00:30,JSMR,RG,3650,15,D,YP,AZ,D
9:00:30,JSMR,RG,3650,20,D,KK,AZ,D
9:00:30,JSMR,RG,3650,6,D,DH,AZ,D
9:00:30,JSMR,RG,3650,4,D,EP,AZ,D
9:00:30,JSMR,RG,3650,5,D,ZP,AZ,D
9:00:29,JSMR,RG,3670,9,D,CC,YP,D
9:00:29,JSMR,RG,3660,1,D,CC,XC,D
9:00:28,JSMR,RG,3660,3,D,XC,XC,D
9:00:13,JSMR,RG,3670,47,D,CC,YP,D
9:00:13,JSMR,RG,3670,1,D,CC,XC,D
9:00:13,JSMR,RG,3670,2,D,CC,XC,D
9:00:10,JSMR,RG,3650,5,D,ZP,CP,D
9:00:10,JSMR,RG,3660,5,D,RX,CP,D
9:00:04,JSMR,RG,3660,4,D,RX,YP,D
9:00:04,JSMR,RG,3660,1,D,YP,YP,D
9:00:04,JSMR,RG,3670,2,D,YP,XC,D
9:00:00,JSMR,RG,3670,1,D,YP,AN,D
9:00:00,JSMR,RG,3670,4,D,EP,AN,D
8:55:00,JSMR,RG,3680,1,D,YP,AG,D
8:55:00,JSMR,RG,3680,2,D,GR,AG,D
8:55:00,JSMR,RG,3680,25,D,CC,AG,D
8:55:00,JSMR,RG,3680,20,D,CC,AG,D
8:55:00,JSMR,RG,3680,1,D,CC,AG,D
8:55:00,JSMR,RG,3680,7,D,IF,AG,D
8:55:00,JSMR,RG,3680,2,D,PD,AG,D
8:55:00,JSMR,RG,3680,4,D,PD,AG,D
8:55:00,JSMR,RG,3680,9,D,PD,YP,D
8:55:00,JSMR,RG,3680,2,D,DH,YP,D
8:55:00,JSMR,RG,3680,20,D,YP,YP,D
8:55:00,JSMR,RG,3680,13,D,CC,YP,D
8:55:00,JSMR,RG,3680,17,D,CC,AG,D
8:55:00,JSMR,RG,3680,80,F,NI,AG,D
8:55:00,JSMR,RG,3680,3,D,RX,AG,D