Time,Stock,Brd,Price,Qty,BT,BC,SC,ST
15:12:18,JSMR,RG,3500,1,D,EP,NI,D
15:12:16,JSMR,RG,3500,3,D,CC,NI,D
15:10:36,JSMR,RG,3500,1,D,PD,NI,D
15:10:36,JSMR,RG,3500,1,D,PD,SQ,D
15:10:36,JSMR,RG,3500,15,D,PD,LG,D
15:10:36,JSMR,RG,3500,90,D,PD,OK,D
15:10:36,JSMR,RG,3500,10,D,PD,CC,D
15:10:36,JSMR,RG,3500,3,D,PD,SQ,D
15:10:36,JSMR,RG,3500,4,D,PD,EP,D
15:10:36,JSMR,RG,3500,10,D,PD,YP,D
15:10:36,JSMR,RG,3500,16,D,PD,PD,D
15:09:49,JSMR,RG,3500,4,D,NI,PD,D
15:09:49,JSMR,RG,3500,4,D,NI,DH,D
15:09:49,JSMR,RG,3500,27,D,NI,YP,D
15:07:34,JSMR,RG,3500,10,D,CC,YP,D
15:07:22,JSMR,RG,3500,7,D,CC,YP,D
15:06:27,JSMR,RG,3500,10,F,YU,YP,D
15:00:00,JSMR,RG,3500,70,D,CC,YP,D
15:00:00,JSMR,RG,3500,2,D,PD,YP,D
15:00:00,JSMR,RG,3500,35,D,YP,YP,D
15:00:00,JSMR,RG,3500,38,D,KK,YP,D
15:00:00,JSMR,RG,3500,1,D,KK,CC,D
15:00:00,JSMR,RG,3500,1,D,KK,YP,D
15:00:00,JSMR,RG,3500,4,D,KK,EP,D
15:00:00,JSMR,RG,3500,10,D,KK,CC,D
15:00:00,JSMR,RG,3500,10,D,KK,PD,D
15:00:00,JSMR,RG,3500,10,D,HP,PD,D
15:00:00,JSMR,RG,3500,20,D,HP,GR,D
15:00:00,JSMR,RG,3500,29,D,PD,GR,D
15:00:00,JSMR,RG,3500,5,D,XC,GR,D
15:00:00,JSMR,RG,3500,1,D,YP,GR,D
15:00:00,JSMR,RG,3500,2,D,KK,GR,D
15:00:00,JSMR,RG,3500,11,D,YP,GR,D
15:00:00,JSMR,RG,3500,31,F,BK,GR,D
15:00:00,JSMR,RG,3500,1,D,KZ,GR,D
15:00:00,JSMR,RG,3500,3,D,KZ,XC,D
15:00:00,JSMR,RG,3500,200,D,KZ,GR,D
15:00:00,JSMR,RG,3500,10,D,KZ,PD,D
15:00:00,JSMR,RG,3500,33,D,KZ,DX,F
14:49:59,JSMR,RG,3500,1,D,PD,YP,D
14:49:56,JSMR,RG,3500,7,D,NI,YP,D
14:49:49,JSMR,RG,3500,93,D,CC,YP,D
14:49:22,JSMR,RG,3510,43,D,BB,KZ,D
14:49:21,JSMR,RG,3510,67,D,BB,KZ,D
14:49:21,JSMR,RG,3510,4,F,BK,KZ,D
14:49:20,JSMR,RG,3500,5,D,BB,AK,F
14:49:19,JSMR,RG,3480,5,F,BK,DX,F
14:49:19,JSMR,RG,3480,15,D,SQ,DX,F
14:49:19,JSMR,RG,3480,1,D,XC,DX,F
14:49:19,JSMR,RG,3480,1,D,YP,DX,F
14:49:19,JSMR,RG,3480,10,D,LG,DX,F
14:49:19,JSMR,RG,3480,10,D,YP,DX,F
14:49:19,JSMR,RG,3500,1,D,PD,AK,F
14:49:19,JSMR,RG,3500,35,D,BB,AK,F
14:49:19,JSMR,RG,3510,41,D,BB,KZ,D
14:49:18,JSMR,RG,3490,1,D,NI,DX,F
14:49:18,JSMR,RG,3510,21,D,CC,KZ,D
14:49:18,JSMR,RG,3510,73,D,CC,KZ,D
14:49:18,JSMR,RG,3510,351,F,BK,KZ,D
14:49:18,JSMR,RG,3520,2,D,BB,YP,D
14:49:17,JSMR,RG,3520,3,D,BB,YP,D
14:49:17,JSMR,RG,3520,1,D,BB,YP,D
14:49:17,JSMR,RG,3520,1,D,BB,OD,D
14:49:17,JSMR,RG,3520,2,D,BB,OD,D
14:49:16,JSMR,RG,3520,7,D,BB,OD,D
14:49:16,JSMR,RG,3520,5,D,BB,CC,D
14:49:16,JSMR,RG,3520,7,D,BB,CC,D
14:49:15,JSMR,RG,3520,6,D,NI,CC,D
14:49:15,JSMR,RG,3520,12,D,BB,CC,D
14:49:14,JSMR,RG,3520,61,F,BK,CC,D
14:49:12,JSMR,RG,3520,9,D,BB,CC,D
14:49:12,JSMR,RG,3520,50,D,BB,YP,D
14:49:12,JSMR,RG,3520,20,D,BB,GR,D
14:49:12,JSMR,RG,3520,2,D,BB,XC,D
14:49:12,JSMR,RG,3520,1,D,BB,PD,D
14:49:12,JSMR,RG,3520,3,D,BB,YP,D
14:49:12,JSMR,RG,3520,1,D,BB,SQ,D
14:49:10,JSMR,RG,3510,2,D,BB,EP,D
14:49:10,JSMR,RG,3520,29,D,BB,SQ,D
14:49:10,JSMR,RG,3520,2,D,BB,XC,D
14:49:10,JSMR,RG,3520,2,D,BB,YP,D
14:49:10,JSMR,RG,3520,3,D,BB,CC,D
14:49:10,JSMR,RG,3520,38,D,BB,YP,D
14:49:07,JSMR,RG,3520,12,D,BB,YP,D
14:49:07,JSMR,RG,3520,2,D,BB,PD,D
14:49:07,JSMR,RG,3520,1,D,BB,EP,D
14:49:07,JSMR,RG,3520,2,D,BB,DH,D
14:49:07,JSMR,RG,3520,16,D,BB,DR,D
14:48:59,JSMR,RG,3520,8,D,BB,DR,D
14:48:50,JSMR,RG,3510,10,D,BB,TP,D
14:48:50,JSMR,RG,3520,22,D,BB,DR,D
14:48:50,JSMR,RG,3520,4,D,BB,DR,D
14:48:50,JSMR,RG,3520,4,D,BB,MG,D
14:48:39,JSMR,RG,3520,60,F,BK,MG,D
14:48:39,JSMR,RG,3510,20,D,BB,YP,D
14:48:37,JSMR,RG,3520,14,D,BB,MG,D
14:48:35,JSMR,RG,3520,54,D,BB,MG,D
14:48:32,JSMR,RG,3520,45,D,BB,MG,D
14:48:23,JSMR,RG,3520,21,F,BK,MG,D
14:48:23,JSMR,RG,3510,18,F,BK,CC,F
14:48:21,JSMR,RG,3520,2,D,BB,MG,D
14:48:21,JSMR,RG,3520,1,D,BB,PD,D
14:48:21,JSMR,RG,3520,10,D,BB,YP,D
14:48:21,JSMR,RG,3520,3,D,BB,RO,D
14:48:21,JSMR,RG,3520,10,D,BB,GR,D
14:48:21,JSMR,RG,3520,2,D,BB,YP,D
14:48:21,JSMR,RG,3520,1,D,BB,PD,D
14:48:21,JSMR,RG,3520,1,D,BB,CC,D
14:48:21,JSMR,RG,3520,1,D,BB,YP,D
14:48:21,JSMR,RG,3520,1,D,BB,SQ,D
14:48:21,JSMR,RG,3520,1,D,BB,SQ,D
14:48:21,JSMR,RG,3520,3,D,BB,XC,D
14:48:21,JSMR,RG,3520,1,D,BB,DR,D
14:48:21,JSMR,RG,3520,10,D,BB,YP,D
14:48:21,JSMR,RG,3520,1,D,BB,DX,D
14:48:21,JSMR,RG,3520,1,D,BB,SQ,D
14:48:20,JSMR,RG,3510,3,D,BB,YP,D
14:48:20,JSMR,RG,3510,35,D,BB,SQ,D
14:48:20,JSMR,RG,3510,1,D,BB,YP,D
14:48:20,JSMR,RG,3510,5,D,BB,MG,D
14:48:20,JSMR,RG,3510,10,D,BB,CC,D
14:48:20,JSMR,RG,3510,5,D,BB,YP,D
14:48:20,JSMR,RG,3510,1,D,BB,PD,D
14:48:20,JSMR,RG,3510,1,D,BB,GR,D
14:48:20,JSMR,RG,3510,50,D,BB,LG,D
14:48:20,JSMR,RG,3510,1,D,BB,GR,D
14:48:20,JSMR,RG,3510,10,D,BB,CP,D
14:48:20,JSMR,RG,3510,1,D,BB,NI,D
14:48:19,JSMR,RG,3510,25,F,BK,LG,D
14:48:19,JSMR,RG,3510,10,F,BK,YP,D
14:48:19,JSMR,RG,3510,3,F,BK,YP,D
14:48:19,JSMR,RG,3510,15,F,BK,DH,D
14:48:17,JSMR,RG,3510,85,D,BB,DH,D
14:48:17,JSMR,RG,3510,30,D,BB,YP,D
14:48:17,JSMR,RG,3510,20,D,BB,SQ,D
14:48:14,JSMR,RG,3510,30,F,BK,SQ,D
14:48:14,JSMR,RG,3510,1,F,BK,PD,D
14:48:14,JSMR,RG,3510,1,F,BK,YP,D
14:48:14,JSMR,RG,3510,2,F,BK,EP,D
14:48:14,JSMR,RG,3510,50,F,BK,YP,D
14:48:12,JSMR,RG,3500,3,F,AK,SQ,D
14:48:12,JSMR,RG,3500,3,F,AK,CP,D
14:48:12,JSMR,RG,3500,2,F,AK,CC,D
14:48:12,JSMR,RG,3500,8,F,AK,CP,D
14:48:12,JSMR,RG,3500,3,F,AK,YP,D
14:48:12,JSMR,RG,3500,10,F,AK,YP,D
14:48:12,JSMR,RG,3500,3,F,AK,PD,D
14:48:12,JSMR,RG,3500,11,F,AK,YP,D
14:48:12,JSMR,RG,3500,1,F,AK,YP,D
14:48:12,JSMR,RG,3500,55,F,AK,GR,D
14:48:12,JSMR,RG,3500,2,F,AK,SQ,D
14:48:12,JSMR,RG,3500,5,F,AK,MG,D
14:48:12,JSMR,RG,3500,10,F,AK,CP,D
14:48:12,JSMR,RG,3500,5,F,AK,DH,D
14:48:12,JSMR,RG,3500,65,F,AK,PD,D
14:48:12,JSMR,RG,3500,3,F,AK,NI,D
14:48:12,JSMR,RG,3500,5,F,AK,CC,D
14:48:12,JSMR,RG,3500,50,F,AK,CC,D
14:48:12,JSMR,RG,3500,5,F,AK,YP,D
14:48:12,JSMR,RG,3500,121,F,AK,CP,D
14:48:11,JSMR,RG,3500,79,D,BB,CP,D
14:48:11,JSMR,RG,3500,4,D,BB,SQ,D
14:48:11,JSMR,RG,3500,2,D,BB,KK,D
14:48:11,JSMR,RG,3500,2,D,BB,CC,D
14:48:11,JSMR,RG,3500,4,D,BB,CC,D
14:48:09,JSMR,RG,3500,26,F,BK,CC,D
14:48:09,JSMR,RG,3500,20,F,BK,CP,D
14:48:09,JSMR,RG,3500,4,F,BK,SQ,D
14:48:09,JSMR,RG,3500,7,F,BK,OD,D
14:48:06,JSMR,RG,3500,8,F,BK,OD,D
14:48:06,JSMR,RG,3500,3,F,BK,YU,D
14:48:06,JSMR,RG,3500,1,F,BK,YP,D
14:48:06,JSMR,RG,3500,37,F,BK,YP,D
14:48:05,JSMR,RG,3500,47,D,BB,YP,D
14:48:05,JSMR,RG,3500,10,D,BB,CP,D
14:48:05,JSMR,RG,3500,2,D,BB,CC,D
14:48:05,JSMR,RG,3500,2,D,BB,YP,D
14:48:05,JSMR,RG,3500,9,D,BB,DR,D
14:48:04,JSMR,RG,3500,41,D,KZ,DR,D
14:48:04,JSMR,RG,3500,1,D,KZ,PD,D
14:48:04,JSMR,RG,3500,1,D,KZ,PD,D
14:48:04,JSMR,RG,3500,2,D,KZ,PD,D
14:48:04,JSMR,RG,3500,5,D,KZ,PD,D
14:48:04,JSMR,RG,3500,2,D,KZ,XC,D
14:48:04,JSMR,RG,3500,1,D,KZ,KK,D
14:48:04,JSMR,RG,3500,50,D,KZ,KI,D
14:48:04,JSMR,RG,3500,50,D,KZ,OD,D
14:48:04,JSMR,RG,3500,70,D,KZ,LG,D
14:48:04,JSMR,RG,3500,10,D,KZ,AZ,D
14:48:04,JSMR,RG,3500,2,D,KZ,PD,D
14:48:04,JSMR,RG,3500,5,D,KZ,AT,D
14:48:04,JSMR,RG,3500,10,D,KZ,YP,D
14:48:04,JSMR,RG,3500,3,D,KZ,SQ,D
14:48:04,JSMR,RG,3500,20,D,KZ,CC,D
14:48:04,JSMR,RG,3500,1,D,KZ,PD,D
14:48:04,JSMR,RG,3500,5,D,KZ,NI,D
14:48:04,JSMR,RG,3500,1,D,KZ,PD,D
14:48:04,JSMR,RG,3500,9,D,KZ,SQ,D
14:48:04,JSMR,RG,3500,1,D,KZ,YP,D
14:48:04,JSMR,RG,3500,5,D,KZ,YP,D
14:48:04,JSMR,RG,3500,1,D,KZ,YP,D
14:48:04,JSMR,RG,3500,5,D,KZ,PD,D
14:48:04,JSMR,RG,3500,36,D,KZ,EP,D
14:48:00,JSMR,RG,3490,114,D,BB,ZP,F
14:48:00,JSMR,RG,3490,5,D,KZ,ZP,F
14:48:00,JSMR,RG,3490,19,D,KZ,ZP,F
14:48:00,JSMR,RG,3500,162,D,KZ,EP,D
14:47:59,JSMR,RG,3490,10,D,KZ,XC,D
14:47:59,JSMR,RG,3490,1,D,KZ,XC,D
14:47:59,JSMR,RG,3490,5,D,KZ,LG,D
14:47:59,JSMR,RG,3490,1,D,KZ,DX,D
14:47:59,JSMR,RG,3490,20,D,KZ,SQ,D
14:47:59,JSMR,RG,3490,2,D,KZ,SQ,D
14:47:59,JSMR,RG,3490,30,D,KZ,ZP,D
14:47:59,JSMR,RG,3490,92,D,KZ,SQ,D
14:47:58,JSMR,RG,3490,8,D,BB,SQ,D
14:47:58,JSMR,RG,3490,5,D,BB,OD,D
14:47:52,JSMR,RG,3490,22,D,BB,KZ,D
14:47:48,JSMR,RG,3490,21,D,BB,KZ,D
14:47:48,JSMR,RG,3490,1,D,CS,KZ,D
14:47:47,JSMR,RG,3490,1,D,CS,KZ,D
14:47:40,JSMR,RG,3490,19,D,BB,KZ,D
14:47:38,JSMR,RG,3490,10,D,CS,KZ,D
14:47:38,JSMR,RG,3490,8,D,CS,KZ,D
14:47:38,JSMR,RG,3490,2,D,CS,KZ,D
14:47:37,JSMR,RG,3490,11,D,BB,KZ,D
14:47:37,JSMR,RG,3490,22,D,BB,KZ,D
14:47:37,JSMR,RG,3490,6,D,CS,KZ,D
14:47:28,JSMR,RG,3490,3,D,CS,KZ,D
14:47:27,JSMR,RG,3490,22,D,BB,KZ,D
14:47:26,JSMR,RG,3490,7,D,CS,KZ,D
14:47:26,JSMR,RG,3490,3,D,CS,KZ,D
14:47:20,JSMR,RG,3490,34,D,BB,KZ,D
14:47:18,JSMR,RG,3490,11,D,BB,KZ,D
14:47:17,JSMR,RG,3490,16,D,CS,KZ,D
14:47:17,JSMR,RG,3490,4,D,CS,KZ,D
14:47:10,JSMR,RG,3490,5,D,CC,KZ,D
14:47:08,JSMR,RG,3480,10,D,BB,YP,D
14:47:06,JSMR,RG,3490,11,D,BB,KZ,D
14:47:06,JSMR,RG,3490,14,D,CS,KZ,D
14:47:05,JSMR,RG,3490,2,D,CS,KZ,D
14:47:02,JSMR,RG,3490,11,D,BB,KZ,D
14:47:02,JSMR,RG,3490,31,D,BB,KZ,D
14:46:57,JSMR,RG,3490,19,D,BB,KZ,D
14:46:47,JSMR,RG,3490,8,D,CS,KZ,D
14:46:47,JSMR,RG,3490,11,D,CS,KZ,D
14:46:47,JSMR,RG,3490,11,D,CS,KZ,D
14:46:46,JSMR,RG,3490,11,D,BB,KZ,D
14:46:46,JSMR,RG,3490,51,D,BB,KZ,D
14:46:32,JSMR,RG,3490,14,D,BB,KZ,D
14:46:25,JSMR,RG,3490,36,D,BB,KZ,D
14:46:25,JSMR,RG,3490,15,D,BB,KZ,D
14:46:24,JSMR,RG,3480,24,D,BB,YP,D
14:46:24,JSMR,RG,3490,17,D,CS,KZ,D
14:46:09,JSMR,RG,3490,19,D,BB,KZ,D
14:46:08,JSMR,RG,3490,100,D,OD,KZ,D
14:46:06,JSMR,RG,3490,11,D,CS,KZ,D
14:46:06,JSMR,RG,3490,22,D,CS,KZ,D
14:46:05,JSMR,RG,3490,13,D,BB,KZ,D
14:46:01,JSMR,RG,3490,4,D,BB,KZ,D
14:45:54,JSMR,RG,3490,12,D,BB,KZ,D
14:45:40,JSMR,RG,3490,18,D,BB,KZ,D
14:45:32,JSMR,RG,3480,1,D,BB,SQ,D
14:45:25,JSMR,RG,3480,84,D,BB,CC,D
14:45:25,JSMR,RG,3480,6,D,KZ,CC,D
14:45:25,JSMR,RG,3480,10,D,NI,CC,D
14:45:25,JSMR,RG,3480,155,D,BB,CC,D
14:45:25,JSMR,RG,3480,10,D,TP,CC,D
14:45:25,JSMR,RG,3480,8,D,YP,CC,D
14:45:25,JSMR,RG,3480,10,D,PD,CC,D
14:45:25,JSMR,RG,3480,68,D,KZ,CC,D
14:45:25,JSMR,RG,3480,137,F,BK,CC,D
14:45:04,JSMR,RG,3490,23,D,BB,KZ,D
14:45:04,JSMR,RG,3490,10,D,BB,KZ,D
14:44:50,JSMR,RG,3490,11,D,BB,KZ,D
14:44:50,JSMR,RG,3490,23,D,BB,KZ,D
14:44:50,JSMR,RG,3490,1,D,YU,KZ,D
14:44:50,JSMR,RG,3490,1,D,YU,KZ,D
14:44:41,JSMR,RG,3490,30,D,BB,KZ,D
14:44:41,JSMR,RG,3490,25,D,BB,KZ,D
14:44:41,JSMR,RG,3490,1,D,YP,KZ,D
14:44:23,JSMR,RG,3490,25,D,BB,KZ,D
14:44:23,JSMR,RG,3490,13,D,BB,KZ,D
14:44:23,JSMR,RG,3490,1,D,BB,SQ,D
14:44:23,JSMR,RG,3490,2,D,BB,PD,D
14:44:23,JSMR,RG,3490,2,D,BB,YP,D
14:44:08,JSMR,RG,3490,20,D,BB,YP,D
14:44:08,JSMR,RG,3490,22,D,BB,YP,D
14:43:53,JSMR,RG,3490,6,D,BB,YP,D
14:43:53,JSMR,RG,3490,13,D,BB,KZ,D
14:43:53,JSMR,RG,3490,33,D,BB,KZ,D
14:43:50,JSMR,RG,3480,167,F,BK,PD,D
14:43:50,JSMR,RG,3480,33,D,BB,PD,D
14:43:45,JSMR,RG,3490,40,D,BB,KZ,D
14:43:45,JSMR,RG,3480,7,D,BB,PD,D
14:43:45,JSMR,RG,3480,110,D,BB,PD,D
14:43:45,JSMR,RG,3480,83,D,KZ,PD,D
14:43:38,JSMR,RG,3490,26,D,BB,KZ,D
14:43:38,JSMR,RG,3490,14,D,BB,KZ,D
14:43:38,JSMR,RG,3480,300,D,KZ,SQ,D
14:43:32,JSMR,RG,3490,29,D,BB,KZ,D
14:43:32,JSMR,RG,3490,10,D,BB,XC,D
14:43:32,JSMR,RG,3490,99,D,BB,KZ,D
14:43:32,JSMR,RG,3490,9,D,BB,KZ,D
14:43:22,JSMR,RG,3490,84,D,BB,KZ,D
14:43:21,JSMR,RG,3480,3,D,KZ,PD,D
14:43:20,JSMR,RG,3490,10,D,BB,KZ,D
14:43:20,JSMR,RG,3490,235,D,BB,KZ,D
14:43:20,JSMR,RG,3490,2,D,BB,KZ,D
14:43:20,JSMR,RG,3490,304,D,BB,KZ,D
14:43:20,JSMR,RG,3490,27,D,BB,LS,D
14:43:12,JSMR,RG,3490,27,D,BB,LS,D
14:42:57,JSMR,RG,3490,10,D,HP,LS,D
14:42:55,JSMR,RG,3490,16,D,BB,LS,D
14:42:41,JSMR,RG,3490,22,D,BB,LS,D
14:42:38,JSMR,RG,3490,16,D,BB,LS,D
14:42:38,JSMR,RG,3490,5,D,CC,LS,D
14:42:19,JSMR,RG,3490,15,D,BB,LS,D
14:42:11,JSMR,RG,3490,38,D,BB,LS,D
14:41:59,JSMR,RG,3490,24,D,OD,LS,D
14:41:59,JSMR,RG,3490,50,D,OD,YP,D
14:41:59,JSMR,RG,3490,22,D,OD,KZ,D
14:41:59,JSMR,RG,3490,4,D,OD,KZ,D
14:41:54,JSMR,RG,3490,5,D,BB,KZ,D
14:41:48,JSMR,RG,3480,50,D,KZ,SQ,D
14:41:46,JSMR,RG,3480,25,D,KZ,SQ,D
14:41:29,JSMR,RG,3490,13,D,BB,KZ,D
14:41:29,JSMR,RG,3490,10,D,BB,KZ,D
14:41:29,JSMR,RG,3490,16,D,BB,KZ,D
14:41:29,JSMR,RG,3490,27,D,BB,KZ,D
14:41:29,JSMR,RG,3490,13,D,BB,KZ,D
14:41:29,JSMR,RG,3490,110,D,BB,KZ,D
14:41:28,JSMR,RG,3480,1,D,KZ,XC,D
14:41:22,JSMR,RG,3480,200,D,KZ,PD,D
14:41:17,JSMR,RG,3480,43,D,KZ,YP,D
14:40:54,JSMR,RG,3480,60,D,KZ,HP,D
14:40:27,JSMR,RG,3490,1,D,YP,KZ,D
14:40:14,JSMR,RG,3490,66,D,KZ,KZ,D
14:40:01,JSMR,RG,3490,9,D,CS,KZ,D
14:40:01,JSMR,RG,3490,8,D,CS,KZ,D
14:40:01,JSMR,RG,3490,309,D,BB,KZ,D
14:40:00,JSMR,RG,3490,21,D,CS,KZ,D
14:40:00,JSMR,RG,3490,24,D,CS,KZ,D
14:40:00,JSMR,RG,3490,25,D,CS,KZ,D
14:40:00,JSMR,RG,3490,6,D,CS,KZ,D
14:40:00,JSMR,RG,3490,20,D,CS,KZ,D
14:40:00,JSMR,RG,3490,10,D,NI,KZ,D
14:40:00,JSMR,RG,3490,6,D,CS,KZ,D
14:40:00,JSMR,RG,3490,10,D,HP,KZ,D
14:40:00,JSMR,RG,3490,5,D,CS,KZ,D
14:40:00,JSMR,RG,3490,2,D,CS,KZ,D
14:40:00,JSMR,RG,3490,4,D,CS,KZ,D
14:40:00,JSMR,RG,3490,5,D,CS,KZ,D
14:40:00,JSMR,RG,3490,5,D,CS,KZ,D
14:40:00,JSMR,RG,3490,8,D,CS,KZ,D
14:40:00,JSMR,RG,3490,26,D,CS,KZ,D
14:40:00,JSMR,RG,3490,76,F,BK,KZ,D
14:40:00,JSMR,RG,3490,6,D,CS,KZ,D
14:40:00,JSMR,RG,3490,16,D,CS,KZ,D
14:40:00,JSMR,RG,3490,1,D,KK,KZ,D
14:40:00,JSMR,RG,3490,8,D,CS,KZ,D
14:40:00,JSMR,RG,3490,11,D,CS,KZ,D
14:40:00,JSMR,RG,3490,78,F,BK,KZ,D
14:40:00,JSMR,RG,3490,96,F,BK,KZ,D
14:40:00,JSMR,RG,3490,17,D,CS,KZ,D
14:40:00,JSMR,RG,3490,4,D,CS,KZ,D
14:40:00,JSMR,RG,3490,5,D,YP,KZ,D
14:40:00,JSMR,RG,3490,10,D,CS,KZ,D
14:40:00,JSMR,RG,3490,12,D,CS,KZ,D
14:40:00,JSMR,RG,3490,127,D,BB,KZ,D
14:40:00,JSMR,RG,3490,153,D,BB,KZ,D
14:40:00,JSMR,RG,3490,1,D,KK,KZ,D
14:40:00,JSMR,RG,3490,227,D,KZ,KZ,D
14:40:00,JSMR,RG,3490,10,D,TF,KZ,D
14:40:00,JSMR,RG,3490,4,D,CS,KZ,D
14:40:00,JSMR,RG,3490,2,D,CS,KZ,D
14:40:00,JSMR,RG,3490,333,D,OD,KZ,D
14:40:00,JSMR,RG,3490,12,D,CS,KZ,D
14:40:00,JSMR,RG,3490,4,D,CS,KZ,D
14:40:00,JSMR,RG,3490,3,D,CS,KZ,D
14:40:00,JSMR,RG,3490,32,D,BB,KZ,D
14:40:00,JSMR,RG,3490,2,D,BB,KZ,D
14:40:00,JSMR,RG,3490,56,F,BK,KZ,D
14:40:00,JSMR,RG,3500,2,D,BB,EP,D
14:40:00,JSMR,RG,3500,58,D,BB,KZ,D
14:39:59,JSMR,RG,3500,8,D,BB,KZ,D
14:39:59,JSMR,RG,3500,15,D,BB,KZ,D
14:39:59,JSMR,RG,3500,55,D,KZ,KZ,D
14:39:59,JSMR,RG,3500,7,D,KZ,CC,D
14:39:59,JSMR,RG,3500,51,D,KZ,KZ,D
14:39:59,JSMR,RG,3500,23,D,KZ,KZ,D
14:39:59,JSMR,RG,3500,14,D,KZ,KZ,D
14:39:59,JSMR,RG,3500,2,D,KZ,SQ,D
14:39:59,JSMR,RG,3500,1,D,KZ,CC,D
14:39:59,JSMR,RG,3500,4,D,KZ,KZ,D
14:39:59,JSMR,RG,3500,46,D,KZ,KZ,D
14:39:59,JSMR,RG,3500,81,D,KZ,KZ,D
14:39:32,JSMR,RG,3500,18,D,BB,KZ,D
14:39:23,JSMR,RG,3500,3,D,XC,KZ,D
14:39:23,JSMR,RG,3500,3,D,BB,KZ,D
14:39:22,JSMR,RG,3500,18,D,BB,KZ,D
14:39:22,JSMR,RG,3500,1,D,BB,EP,D
14:39:22,JSMR,RG,3500,10,D,BB,DH,D
14:39:22,JSMR,RG,3500,10,D,BB,OD,D
14:39:01,JSMR,RG,3500,5,D,NI,PD,D
14:39:01,JSMR,RG,3500,1,D,NI,OD,D
14:39:01,JSMR,RG,3500,1,D,NI,GR,D
14:38:58,JSMR,RG,3500,15,D,BB,GR,D
14:38:45,JSMR,RG,3500,11,D,BB,GR,D
14:38:43,JSMR,RG,3500,3,D,BB,GR,D
14:38:43,JSMR,RG,3500,2,D,BB,AO,D
14:38:43,JSMR,RG,3500,1,D,BB,XC,D
14:38:43,JSMR,RG,3500,3,D,BB,XA,D
14:38:31,JSMR,RG,3500,8,D,BB,XA,D
14:37:45,JSMR,RG,3490,10,F,BK,YP,D
14:37:34,JSMR,RG,3490,3,F,BK,PD,D
14:37:28,JSMR,RG,3490,10,F,BK,PD,D
14:37:07,JSMR,RG,3500,2,D,EP,XA,D
14:36:37,JSMR,RG,3490,3,F,BK,SQ,D
14:36:33,JSMR,RG,3490,5,F,BK,MG,D
14:36:30,JSMR,RG,3490,7,F,BK,XC,D
14:35:59,JSMR,RG,3490,50,F,BK,EP,D
14:35:50,JSMR,RG,3490,1,F,BK,BK,F
14:35:48,JSMR,RG,3490,4,F,BK,SQ,D
14:35:28,JSMR,RG,3490,76,F,BK,YU,D
14:35:15,JSMR,RG,3490,2,F,BK,SQ,D
14:35:14,JSMR,RG,3490,30,F,BK,KK,D
14:34:35,JSMR,RG,3490,1,F,BK,YP,D
14:34:25,JSMR,RG,3490,12,F,BK,YP,D
14:33:42,JSMR,RG,3490,3,F,BK,YP,D
14:33:30,JSMR,RG,3490,15,F,BK,PD,D
14:33:27,JSMR,RG,3500,7,D,BB,XA,D
14:33:21,JSMR,RG,3490,8,F,BK,TP,D
14:33:21,JSMR,RG,3490,15,D,CS,TP,D
14:33:21,JSMR,RG,3490,2,D,NI,TP,D
14:33:21,JSMR,RG,3490,11,D,CS,TP,D
14:33:21,JSMR,RG,3490,14,F,BK,TP,D
14:33:06,JSMR,RG,3500,14,D,BB,XA,D
14:32:59,JSMR,RG,3490,69,F,BK,OD,D
14:32:59,JSMR,RG,3490,4,D,CS,OD,D
14:32:59,JSMR,RG,3490,2,D,CS,OD,D
14:32:59,JSMR,RG,3490,226,F,BK,OD,D
14:32:59,JSMR,RG,3490,9,D,CS,OD,D
14:32:59,JSMR,RG,3490,6,D,CS,OD,D
14:32:59,JSMR,RG,3490,10,D,CS,OD,D
14:32:59,JSMR,RG,3490,2,D,CS,OD,D
14:32:59,JSMR,RG,3490,8,D,CS,OD,D
14:32:59,JSMR,RG,3490,13,D,CS,OD,D
14:32:59,JSMR,RG,3490,5,D,CS,OD,D
14:32:59,JSMR,RG,3490,133,D,BB,OD,D
14:32:59,JSMR,RG,3490,9,D,CS,OD,D
14:32:59,JSMR,RG,3490,3,D,CS,OD,D
14:32:59,JSMR,RG,3490,9,D,CS,OD,D
14:32:59,JSMR,RG,3490,80,D,BB,OD,D
14:32:59,JSMR,RG,3490,162,D,KZ,OD,D
14:32:52,JSMR,RG,3500,1,D,BB,XA,D
14:32:46,JSMR,RG,3500,14,D,BB,XA,D
14:32:46,JSMR,RG,3490,3,D,KZ,BK,F
14:32:43,JSMR,RG,3490,72,D,KZ,PD,D
14:32:43,JSMR,RG,3490,28,F,BK,PD,D
14:32:40,JSMR,RG,3500,7,D,BB,XA,D
14:32:31,JSMR,RG,3500,30,D,BB,XA,D
14:32:31,JSMR,RG,3490,50,F,BK,CC,D
14:32:27,JSMR,RG,3490,3,F,BK,BK,F
14:32:22,JSMR,RG,3490,200,F,BK,SQ,D
14:32:17,JSMR,RG,3490,10,F,BK,YP,D
14:31:58,JSMR,RG,3500,1,D,BB,XA,D
14:31:19,JSMR,RG,3500,1,D,BB,XA,D
14:30:55,JSMR,RG,3500,1,D,BB,XA,D
14:30:43,JSMR,RG,3500,2,D,NI,XA,D
14:30:34,JSMR,RG,3500,2,D,NI,XA,D
14:30:33,JSMR,RG,3490,1,F,BK,SQ,D
14:30:26,JSMR,RG,3500,5,D,BB,XA,D
14:30:17,JSMR,RG,3490,3,F,BK,BK,F
14:30:15,JSMR,RG,3500,2,D,BB,XA,D
14:30:15,JSMR,RG,3500,54,D,BB,KZ,D
14:30:15,JSMR,RG,3500,10,D,BB,XA,D
14:30:15,JSMR,RG,3500,7,D,BB,NI,D
14:30:15,JSMR,RG,3500,5,D,BB,AZ,D
14:30:15,JSMR,RG,3500,1,D,BB,YP,D
14:30:15,JSMR,RG,3500,6,D,BB,YP,D
14:30:15,JSMR,RG,3500,1,D,BB,PD,D
14:30:14,JSMR,RG,3490,9,F,BK,HP,D
14:30:14,JSMR,RG,3490,3,D,CS,HP,D
14:30:14,JSMR,RG,3490,11,D,CS,HP,D
14:30:14,JSMR,RG,3490,6,D,CS,HP,D
14:29:59,JSMR,RG,3490,2,F,AK,CC,F
14:29:59,JSMR,RG,3490,6,F,AK,YP,D
14:29:59,JSMR,RG,3490,3,F,AK,YP,D
14:29:59,JSMR,RG,3490,20,F,AK,PD,D
14:29:59,JSMR,RG,3490,1,F,AK,PD,D
14:29:59,JSMR,RG,3490,3,F,AK,SQ,D
14:29:59,JSMR,RG,3490,50,F,AK,TP,D
14:29:59,JSMR,RG,3490,35,F,AK,NI,D
14:29:59,JSMR,RG,3490,5,F,AK,NI,D
14:29:59,JSMR,RG,3490,111,F,AK,OD,D
14:29:59,JSMR,RG,3490,10,F,AK,CC,D
14:29:59,JSMR,RG,3490,1,F,AK,XC,D
14:29:59,JSMR,RG,3490,1,F,AK,XC,D
14:29:59,JSMR,RG,3490,20,F,AK,PD,D
14:29:59,JSMR,RG,3490,111,F,AK,OD,D
14:29:59,JSMR,RG,3490,25,F,AK,SQ,D
14:29:59,JSMR,RG,3490,59,F,AK,PD,D
14:29:59,JSMR,RG,3490,141,D,KZ,PD,D
14:29:59,JSMR,RG,3490,3,D,KZ,NI,D
14:29:59,JSMR,RG,3490,3,D,KZ,CC,D
14:29:58,JSMR,RG,3490,5,D,BB,CC,D
14:29:58,JSMR,RG,3490,1,D,BB,DR,D
14:29:58,JSMR,RG,3490,16,D,BB,XC,D
14:29:58,JSMR,RG,3490,2,D,BB,PD,D
14:29:58,JSMR,RG,3490,2,D,BB,NI,D
14:29:58,JSMR,RG,3490,159,D,BB,PD,D
14:29:55,JSMR,RG,3480,3,D,KZ,BK,F
14:29:55,JSMR,RG,3480,10,D,KZ,XA,D
14:29:55,JSMR,RG,3480,31,D,KZ,DX,F
14:29:55,JSMR,RG,3480,3,D,KZ,PD,D
14:29:55,JSMR,RG,3480,1,D,KZ,YP,D
14:29:55,JSMR,RG,3480,5,D,KZ,PD,D
14:29:55,JSMR,RG,3480,192,D,KZ,YP,D
14:29:54,JSMR,RG,3480,874,D,KZ,YP,D
14:29:54,JSMR,RG,3480,100,D,OD,YP,D
14:29:48,JSMR,RG,3480,23,D,CC,YP,D
14:29:48,JSMR,RG,3480,56,D,CC,DX,F
14:29:48,JSMR,RG,3480,13,D,OD,DX,F
14:29:48,JSMR,RG,3480,51,D,OD,CC,F
14:29:48,JSMR,RG,3480,12,D,OD,YP,D
14:29:48,JSMR,RG,3480,24,D,OD,BK,F
14:29:28,JSMR,RG,3480,2,D,CC,BK,F
14:29:28,JSMR,RG,3480,3,D,CC,YP,D
14:28:49,JSMR,RG,3470,50,F,BK,SQ,D
14:28:30,JSMR,RG,3480,2,D,EP,YP,D
14:27:47,JSMR,RG,3470,10,F,BK,NI,D
14:27:45,JSMR,RG,3480,3,D,PD,YP,D
14:27:10,JSMR,RG,3480,5,D,XC,YP,D
14:26:55,JSMR,RG,3480,10,D,XC,YP,D
14:26:47,JSMR,RG,3480,3,D,SQ,YP,D
14:26:42,JSMR,RG,3470,2,D,BB,XC,D
14:26:40,JSMR,RG,3470,10,D,BB,YP,D
14:26:03,JSMR,RG,3470,5,D,BB,AI,D
14:25:13,JSMR,RG,3470,1,D,BB,NI,D
14:25:11,JSMR,RG,3480,5,D,XC,YP,D
14:24:58,JSMR,RG,3470,12,D,BB,BK,F
14:24:54,JSMR,RG,3480,161,D,BB,YP,D
14:24:44,JSMR,RG,3470,10,D,BB,BK,F
14:24:39,JSMR,RG,3470,13,D,BB,BK,F
14:24:36,JSMR,RG,3480,5,D,CS,YP,D
14:24:36,JSMR,RG,3480,1,D,YB,YP,D
14:24:36,JSMR,RG,3480,33,D,BB,YP,D
14:24:36,JSMR,RG,3480,100,D,OD,YP,D
14:24:36,JSMR,RG,3480,25,D,CS,YP,D
14:24:36,JSMR,RG,3480,4,D,BB,YP,D
14:24:36,JSMR,RG,3480,10,F,BK,YP,D
14:24:35,JSMR,RG,3480,200,F,BK,PD,D
14:24:32,JSMR,RG,3480,1,F,BK,DX,D
14:24:29,JSMR,RG,3480,11,F,BK,BK,F
14:24:28,JSMR,RG,3490,1,D,YB,PD,D
14:24:25,JSMR,RG,3480,4,F,BK,BK,F
14:24:25,JSMR,RG,3480,1,D,CS,BK,F
14:24:25,JSMR,RG,3480,6,D,CS,BK,F
14:24:25,JSMR,RG,3480,3,D,BB,BK,F
14:24:22,JSMR,RG,3480,24,D,CS,YP,D
14:24:22,JSMR,RG,3480,39,D,BB,YP,D
14:24:22,JSMR,RG,3480,232,F,BK,YP,D
14:24:22,JSMR,RG,3480,31,D,BB,YP,D
14:24:15,JSMR,RG,3490,2,D,BB,PD,D
14:24:14,JSMR,RG,3480,6,D,BB,YP,D
14:24:10,JSMR,RG,3480,4,D,BB,CC,D
14:24:06,JSMR,RG,3490,4,D,BB,PD,D
14:24:03,JSMR,RG,3480,10,D,BB,BK,F
14:23:58,JSMR,RG,3490,34,D,BB,PD,D
14:23:58,JSMR,RG,3490,2,D,BB,DR,D
14:23:58,JSMR,RG,3490,11,D,BB,SQ,D
14:23:57,JSMR,RG,3480,20,D,BB,BK,F
14:23:57,JSMR,RG,3480,1,D,PD,BK,F
14:23:56,JSMR,RG,3490,14,D,BB,SQ,D
14:23:56,JSMR,RG,3490,10,D,BB,BK,F
14:23:54,JSMR,RG,3480,1,D,PD,YP,D
14:23:54,JSMR,RG,3480,18,D,CS,YP,D
14:23:54,JSMR,RG,3480,5,D,PD,YP,D
14:23:54,JSMR,RG,3480,5,D,CC,YP,D
14:23:54,JSMR,RG,3480,169,D,KZ,YP,D
14:23:54,JSMR,RG,3480,213,F,BK,YP,D
14:23:54,JSMR,RG,3480,17,D,CS,YP,D
14:23:54,JSMR,RG,3480,16,D,CS,YP,D
14:23:54,JSMR,RG,3480,7,D,CS,YP,D
14:23:54,JSMR,RG,3480,1,D,CS,YP,D
14:23:54,JSMR,RG,3480,6,D,CS,YP,D
14:23:54,JSMR,RG,3480,1,D,CS,YP,D
14:23:54,JSMR,RG,3480,9,D,CS,YP,D
14:23:54,JSMR,RG,3480,9,D,CS,YP,D
14:23:54,JSMR,RG,3480,5,D,CS,YP,D
14:23:54,JSMR,RG,3480,1,D,CS,YP,D
14:23:54,JSMR,RG,3480,17,D,CS,YP,D
14:23:54,JSMR,RG,3480,14,D,CS,YP,D
14:23:54,JSMR,RG,3480,15,D,CS,YP,D
14:23:54,JSMR,RG,3480,160,D,BB,YP,D
14:23:54,JSMR,RG,3480,86,D,BB,YP,D
14:23:54,JSMR,RG,3480,11,D,CS,YP,D
14:23:54,JSMR,RG,3480,2,D,CS,YP,D
14:23:54,JSMR,RG,3480,4,D,CS,YP,D
14:23:54,JSMR,RG,3480,7,D,CS,YP,D
14:23:54,JSMR,RG,3480,105,D,OD,YP,D
14:23:54,JSMR,RG,3480,4,D,CS,YP,D
14:23:54,JSMR,RG,3480,6,D,CS,YP,D
14:23:54,JSMR,RG,3480,3,D,CS,YP,D
14:23:54,JSMR,RG,3480,1,D,CS,YP,D
14:23:54,JSMR,RG,3480,3,D,CS,YP,D
14:23:54,JSMR,RG,3480,2,D,CS,YP,D
14:23:54,JSMR,RG,3480,3,D,CS,YP,D
14:23:54,JSMR,RG,3480,9,D,CS,YP,D
14:23:54,JSMR,RG,3480,5,D,CS,YP,D
14:23:54,JSMR,RG,3480,161,D,KZ,YP,D
14:23:54,JSMR,RG,3480,6,D,CS,YP,D
14:23:54,JSMR,RG,3480,2,D,CS,YP,D
14:23:54,JSMR,RG,3480,3,D,CS,YP,D
14:23:54,JSMR,RG,3480,13,D,BB,YP,D
14:23:54,JSMR,RG,3480,6,F,BK,YP,D
14:23:29,JSMR,RG,3490,1,D,BB,BK,F
14:23:23,JSMR,RG,3490,2,D,BB,SQ,D
14:23:22,JSMR,RG,3490,1,D,BB,SQ,D
14:23:08,JSMR,RG,3490,1,D,BB,SQ,D
14:23:08,JSMR,RG,3490,3,D,BB,SQ,D
14:22:48,JSMR,RG,3490,1,D,BB,SQ,D
14:22:48,JSMR,RG,3490,1,D,BB,SQ,D
14:22:48,JSMR,RG,3480,1,F,BK,CC,D
14:22:44,JSMR,RG,3490,1,D,BB,SQ,D
14:22:44,JSMR,RG,3490,2,D,BB,SQ,D
14:22:29,JSMR,RG,3490,3,D,BB,SQ,D
14:22:28,JSMR,RG,3490,1,D,BB,SQ,D
14:22:28,JSMR,RG,3490,1,D,KK,SQ,D
14:22:28,JSMR,RG,3480,1,F,BK,YP,D
14:22:27,JSMR,RG,3480,1,F,BK,YP,D
14:22:25,JSMR,RG,3490,1,D,BB,SQ,D
14:22:25,JSMR,RG,3490,1,D,BB,SQ,D
14:22:12,JSMR,RG,3490,1,D,BB,SQ,D
14:22:08,JSMR,RG,3490,2,D,BB,SQ,D
14:22:08,JSMR,RG,3490,1,D,BB,SQ,D
14:21:53,JSMR,RG,3490,2,D,BB,SQ,D
14:21:53,JSMR,RG,3490,1,D,BB,SQ,D
14:21:41,JSMR,RG,3490,2,D,BB,SQ,D
14:21:40,JSMR,RG,3490,2,D,BB,SQ,D
14:21:31,JSMR,RG,3490,3,D,BB,SQ,D
14:21:30,JSMR,RG,3490,6,D,BB,SQ,D
14:21:23,JSMR,RG,3490,5,D,BB,SQ,D
14:21:23,JSMR,RG,3480,11,F,BK,BK,F
14:21:18,JSMR,RG,3490,23,D,BB,SQ,D
14:21:18,JSMR,RG,3490,14,D,BB,SQ,D
14:21:11,JSMR,RG,3480,12,F,BK,BK,F
14:21:08,JSMR,RG,3490,41,D,BB,SQ,D
14:21:08,JSMR,RG,3490,27,D,BB,SQ,D
14:21:08,JSMR,RG,3490,68,D,CS,SQ,D
14:20:58,JSMR,RG,3490,6,D,BB,SQ,D
14:20:58,JSMR,RG,3490,3,D,BB,SQ,D
14:20:58,JSMR,RG,3480,200,F,BK,PD,D
14:20:47,JSMR,RG,3490,3,D,BB,SQ,D
14:20:47,JSMR,RG,3490,29,D,BB,SQ,D
14:20:11,JSMR,RG,3490,34,D,BB,SQ,D
14:19:59,JSMR,RG,3490,5,D,BB,SQ,D
14:19:59,JSMR,RG,3490,156,D,KZ,SQ,D
14:19:58,JSMR,RG,3490,5,D,BB,SQ,D
14:19:57,JSMR,RG,3490,2,D,BB,SQ,D
14:19:57,JSMR,RG,3490,5,D,BB,SQ,D
14:19:56,JSMR,RG,3480,25,F,BK,SQ,D
14:19:27,JSMR,RG,3490,3,D,BB,SQ,D
14:19:26,JSMR,RG,3490,2,D,BB,SQ,D
14:19:25,JSMR,RG,3490,1,D,GR,SQ,D
14:19:19,JSMR,RG,3490,5,D,BB,SQ,D
14:19:19,JSMR,RG,3490,11,D,BB,SQ,D
14:18:27,JSMR,RG,3490,3,D,BB,SQ,D
14:18:27,JSMR,RG,3490,5,D,BB,SQ,D
14:18:05,JSMR,RG,3490,2,D,BB,SQ,D
14:18:05,JSMR,RG,3490,4,D,BB,SQ,D
14:17:57,JSMR,RG,3490,6,D,BB,SQ,D
14:17:57,JSMR,RG,3490,4,D,BB,SQ,D
14:17:29,JSMR,RG,3490,1,D,BB,SQ,D
14:17:29,JSMR,RG,3490,2,D,BB,SQ,D
14:17:28,JSMR,RG,3480,10,F,BK,LG,D
14:17:25,JSMR,RG,3490,1,D,BB,SQ,D
14:17:25,JSMR,RG,3490,2,D,BB,SQ,D
14:17:14,JSMR,RG,3490,1,D,BB,SQ,D
14:17:13,JSMR,RG,3490,4,D,BB,SQ,D
14:17:12,JSMR,RG,3490,1,D,BB,SQ,D
14:17:00,JSMR,RG,3490,3,D,BB,SQ,D
14:16:59,JSMR,RG,3490,4,D,BB,SQ,D
14:16:58,JSMR,RG,3490,5,D,YP,SQ,D
14:16:51,JSMR,RG,3490,4,D,BB,SQ,D
14:16:51,JSMR,RG,3490,4,D,BB,SQ,D
14:16:38,JSMR,RG,3490,5,D,BB,SQ,D
14:16:38,JSMR,RG,3490,2,D,BB,SQ,D
14:16:37,JSMR,RG,3490,10,D,SQ,SQ,D
14:16:28,JSMR,RG,3490,15,D,BB,SQ,D
14:16:28,JSMR,RG,3490,7,D,BB,SQ,D
14:16:08,JSMR,RG,3490,18,D,BB,SQ,D
14:16:08,JSMR,RG,3490,5,D,BB,NI,D
14:16:08,JSMR,RG,3490,26,D,BB,YP,D
14:16:07,JSMR,RG,3490,11,D,YP,YP,D
14:16:07,JSMR,RG,3490,4,D,YP,YP,D
14:16:00,JSMR,RG,3490,46,D,BB,YP,D
14:16:00,JSMR,RG,3490,30,D,BB,DX,F
14:15:55,JSMR,RG,3490,9,F,BK,DX,F
14:15:55,JSMR,RG,3490,39,F,BK,BK,F
14:15:55,JSMR,RG,3490,10,F,BK,TP,D
14:15:55,JSMR,RG,3490,2,F,BK,PD,D
14:15:55,JSMR,RG,3490,5,F,BK,AI,D
14:15:55,JSMR,RG,3490,10,F,BK,YP,D
14:15:55,JSMR,RG,3490,15,F,BK,CC,D
14:15:54,JSMR,RG,3490,35,D,KZ,CC,D
14:15:54,JSMR,RG,3490,20,D,KZ,CC,D
14:15:54,JSMR,RG,3490,3,D,KZ,SQ,D
14:15:54,JSMR,RG,3490,25,D,KZ,PD,D
14:15:54,JSMR,RG,3490,2,D,KZ,SQ,D
14:15:54,JSMR,RG,3490,8,D,KZ,PD,D
14:15:54,JSMR,RG,3490,1,D,KZ,NI,D
14:15:54,JSMR,RG,3490,57,D,KZ,BK,F
14:15:52,JSMR,RG,3490,6,D,BB,BK,F
14:15:51,JSMR,RG,3490,88,D,OD,BK,F
14:15:51,JSMR,RG,3490,12,D,OD,YP,D
14:15:49,JSMR,RG,3490,4,D,BB,YP,D
14:15:48,JSMR,RG,3480,12,F,BK,BK,F
14:15:47,JSMR,RG,3490,2,D,BB,YP,D
14:15:47,JSMR,RG,3490,11,D,BB,YP,D
14:15:46,JSMR,RG,3490,1,D,OD,YP,D
14:15:46,JSMR,RG,3490,19,D,OD,PD,D
14:15:24,JSMR,RG,3490,6,D,BB,PD,D
14:15:16,JSMR,RG,3490,12,D,BB,PD,D
14:15:14,JSMR,RG,3490,17,D,BB,PD,D
14:15:14,JSMR,RG,3480,15,F,BK,BK,F
14:15:08,JSMR,RG,3490,77,D,CS,PD,D
14:15:07,JSMR,RG,3490,4,D,BB,PD,D
14:15:07,JSMR,RG,3490,2,D,BB,PD,D
14:15:00,JSMR,RG,3490,4,D,BB,PD,D
14:14:49,JSMR,RG,3490,4,D,BB,PD,D
14:14:43,JSMR,RG,3490,5,D,BB,PD,D
14:14:35,JSMR,RG,3490,4,D,BB,PD,D
14:14:35,JSMR,RG,3490,7,D,BB,PD,D
14:14:10,JSMR,RG,3490,5,D,BB,PD,D
14:14:10,JSMR,RG,3490,3,D,BB,PD,D
14:14:01,JSMR,RG,3490,4,D,BB,PD,D
14:14:01,JSMR,RG,3480,9,F,BK,BK,F
14:14:01,JSMR,RG,3480,2,D,CS,BK,F
14:13:56,JSMR,RG,3490,4,D,BB,PD,D
14:13:56,JSMR,RG,3490,5,D,BB,PD,D
14:13:47,JSMR,RG,3490,7,D,BB,PD,D
14:13:47,JSMR,RG,3490,2,D,BB,PD,D
14:13:46,JSMR,RG,3490,6,D,NI,PD,D
14:13:34,JSMR,RG,3490,2,D,BB,PD,D
14:13:33,JSMR,RG,3480,2,D,CS,YP,D
14:13:24,JSMR,RG,3490,1,D,BB,PD,D
14:13:24,JSMR,RG,3490,1,D,BB,SQ,D
14:13:23,JSMR,RG,3490,1,D,BB,SQ,D
14:13:23,JSMR,RG,3490,6,D,BB,NI,D
14:13:16,JSMR,RG,3490,1,D,BB,NI,D
14:13:06,JSMR,RG,3480,2,D,CS,SQ,D
14:13:06,JSMR,RG,3480,18,D,CS,SQ,D
14:13:06,JSMR,RG,3480,5,D,BB,SQ,D
14:13:06,JSMR,RG,3490,7,D,BB,NI,D
14:13:05,JSMR,RG,3480,1,D,BB,OD,D
14:12:57,JSMR,RG,3480,12,D,BB,BK,F
14:12:52,JSMR,RG,3490,4,D,XC,NI,D
14:12:52,JSMR,RG,3490,4,D,BB,NI,D
14:12:52,JSMR,RG,3490,2,D,BB,NI,D
14:12:37,JSMR,RG,3490,4,D,BB,NI,D
14:12:34,JSMR,RG,3490,7,D,BB,NI,D
14:12:13,JSMR,RG,3480,10,D,BB,YP,D
14:12:09,JSMR,RG,3490,6,D,BB,NI,D
14:12:09,JSMR,RG,3490,1,D,BB,SQ,D
14:12:08,JSMR,RG,3480,5,D,BB,YP,D
14:12:02,JSMR,RG,3490,4,D,BB,SQ,D
14:12:02,JSMR,RG,3490,2,D,BB,CD,D
14:12:02,JSMR,RG,3490,1,D,PD,CD,D
14:11:57,JSMR,RG,3490,10,D,YP,CD,D
14:11:53,JSMR,RG,3490,3,D,BB,CD,D
14:11:52,JSMR,RG,3490,4,D,BB,CD,D
14:11:47,JSMR,RG,3490,5,D,BB,CD,D
14:11:47,JSMR,RG,3490,3,D,BB,CD,D
14:11:35,JSMR,RG,3490,8,D,BB,CD,D
14:11:34,JSMR,RG,3490,3,D,BB,CD,D
14:11:22,JSMR,RG,3490,4,D,BB,CD,D
14:11:22,JSMR,RG,3490,7,D,BB,CD,D
14:11:22,JSMR,RG,3490,1,D,BB,SQ,D
14:11:09,JSMR,RG,3490,1,D,BB,SQ,D
14:11:09,JSMR,RG,3490,6,D,BB,HD,D
14:11:09,JSMR,RG,3490,4,D,BB,HD,D
14:11:09,JSMR,RG,3490,2,D,BB,YP,D
14:11:02,JSMR,RG,3490,4,D,BB,YP,D
14:11:00,JSMR,RG,3490,26,D,BB,YP,D
14:11:00,JSMR,RG,3490,18,D,BB,YP,D
14:10:43,JSMR,RG,3490,50,F,BK,YP,D
14:10:43,JSMR,RG,3490,3,F,BK,PD,D
14:10:43,JSMR,RG,3490,1,F,BK,YP,D
14:10:43,JSMR,RG,3490,15,F,BK,YU,D
14:10:43,JSMR,RG,3490,5,F,BK,NI,D
14:10:43,JSMR,RG,3490,2,F,BK,XA,D
14:10:43,JSMR,RG,3490,28,F,BK,YP,D
14:10:41,JSMR,RG,3490,7,D,BB,YP,D
14:10:41,JSMR,RG,3490,6,D,BB,YP,D
14:10:34,JSMR,RG,3490,10,D,BB,YP,D
14:10:28,JSMR,RG,3490,1,D,YP,YP,D
14:10:26,JSMR,RG,3490,1,D,BB,YP,D
14:10:25,JSMR,RG,3490,6,D,BB,YP,D
14:10:25,JSMR,RG,3490,7,D,BB,YP,D
14:10:07,JSMR,RG,3490,13,D,BB,YP,D
14:10:05,JSMR,RG,3490,21,D,BB,YP,D
14:10:05,JSMR,RG,3490,2,D,BB,YP,D
14:10:05,JSMR,RG,3490,7,D,BB,CC,D
14:10:05,JSMR,RG,3490,1,D,GR,CC,D
14:10:05,JSMR,RG,3490,10,D,CC,CC,D
14:09:53,JSMR,RG,3490,82,D,BB,CC,D
14:09:53,JSMR,RG,3490,63,D,BB,CC,D
14:09:52,JSMR,RG,3490,7,D,BB,CC,D
14:09:29,JSMR,RG,3490,3,D,BB,CC,D
14:09:16,JSMR,RG,3490,8,D,BB,CC,D
14:09:13,JSMR,RG,3490,21,D,CC,CC,D
14:09:05,JSMR,RG,3490,2,D,BB,CC,D
14:08:59,JSMR,RG,3490,2,D,BB,CC,D
14:08:59,JSMR,RG,3480,1,D,BB,PD,D
14:08:50,JSMR,RG,3490,2,D,BB,CC,D
14:08:43,JSMR,RG,3490,99,D,BB,CC,D
14:08:04,JSMR,RG,3490,43,F,BK,CC,D
14:08:04,JSMR,RG,3490,2,F,BK,YP,D
14:08:04,JSMR,RG,3490,2,F,BK,AO,D
14:08:04,JSMR,RG,3490,2,F,BK,PD,D
14:08:04,JSMR,RG,3490,25,F,BK,CC,D
14:08:04,JSMR,RG,3490,2,F,BK,NI,D
14:08:04,JSMR,RG,3490,21,F,BK,YP,D
14:08:04,JSMR,RG,3490,13,F,BK,YP,D
14:08:00,JSMR,RG,3480,14,D,CS,NI,D
14:08:00,JSMR,RG,3480,2,D,CS,CC,D
14:08:00,JSMR,RG,3480,1,D,CS,YP,D
14:08:00,JSMR,RG,3480,7,D,CS,BK,F
14:08:00,JSMR,RG,3480,30,D,BB,BK,F
14:08:00,JSMR,RG,3480,30,D,BB,XC,D
14:08:00,JSMR,RG,3480,3,D,BB,SQ,D
14:08:00,JSMR,RG,3480,92,D,BB,PD,D
14:07:54,JSMR,RG,3480,8,D,KZ,PD,D
14:07:54,JSMR,RG,3480,1,D,KZ,NI,D
14:07:54,JSMR,RG,3480,50,D,KZ,DR,D
14:07:54,JSMR,RG,3480,5,D,KZ,YP,D
14:07:54,JSMR,RG,3480,50,D,KZ,LG,D
14:07:54,JSMR,RG,3480,4,D,KZ,SQ,D
14:07:54,JSMR,RG,3480,7,D,KZ,BK,F
14:07:29,JSMR,RG,3470,1,D,PD,KK,D
14:07:01,JSMR,RG,3480,60,D,BB,BK,F
14:07:01,JSMR,RG,3480,36,D,BB,DX,F
14:07:01,JSMR,RG,3480,3,D,BB,OD,D
14:07:01,JSMR,RG,3480,47,D,BB,PD,D
14:06:21,JSMR,RG,3480,11,D,PD,PD,D
14:06:06,JSMR,RG,3480,142,D,BB,PD,D
14:06:06,JSMR,RG,3480,1,D,BB,EP,D
14:06:06,JSMR,RG,3480,17,D,BB,GR,D
14:05:52,JSMR,RG,3480,3,D,YP,GR,D
14:05:52,JSMR,RG,3480,7,D,YP,DX,F
14:05:06,JSMR,RG,3480,26,D,BB,DX,F
14:05:06,JSMR,RG,3480,2,D,BB,CC,D
14:05:06,JSMR,RG,3480,2,D,BB,AO,D
14:05:06,JSMR,RG,3480,2,D,BB,SQ,D
14:05:06,JSMR,RG,3480,10,D,BB,XA,D
14:05:06,JSMR,RG,3480,25,D,BB,YP,D
14:05:06,JSMR,RG,3480,1,D,BB,PD,D
14:05:06,JSMR,RG,3480,3,D,BB,HD,D
14:04:22,JSMR,RG,3480,80,F,BK,HD,D
14:04:18,JSMR,RG,3480,109,F,BK,HD,D
14:04:13,JSMR,RG,3460,51,D,BB,BK,F
14:04:13,JSMR,RG,3470,32,F,BK,DX,F
14:04:07,JSMR,RG,3480,955,D,KZ,HD,D
14:04:07,JSMR,RG,3480,1,D,KZ,NI,D
14:04:07,JSMR,RG,3480,1,D,KZ,PD,D
14:04:07,JSMR,RG,3480,3,D,KZ,SQ,D
14:04:07,JSMR,RG,3480,15,D,KZ,YP,D
14:04:07,JSMR,RG,3480,3,D,KZ,PD,D
14:04:07,JSMR,RG,3480,2,D,KZ,DH,D
14:04:07,JSMR,RG,3480,1,D,KZ,EP,D
14:04:07,JSMR,RG,3480,10,D,KZ,CC,D
14:04:07,JSMR,RG,3480,2,D,KZ,XC,D
14:04:07,JSMR,RG,3480,2,D,KZ,YP,D
14:04:07,JSMR,RG,3480,5,D,KZ,FS,D
14:04:07,JSMR,RG,3480,5,D,KZ,XA,D
14:04:07,JSMR,RG,3480,30,D,KZ,YP,D
14:04:07,JSMR,RG,3480,25,D,KZ,YP,D
14:04:07,JSMR,RG,3480,30,D,KZ,DH,D
14:04:07,JSMR,RG,3480,300,D,KZ,NI,D
14:04:07,JSMR,RG,3480,1,D,KZ,XC,D
14:04:07,JSMR,RG,3480,5,D,KZ,PD,D
14:04:07,JSMR,RG,3480,5,D,KZ,MG,D
14:04:07,JSMR,RG,3470,212,D,KZ,BK,F
14:04:07,JSMR,RG,3470,386,D,KZ,YU,D
14:03:41,JSMR,RG,3460,15,D,CS,BK,F
14:03:41,JSMR,RG,3460,5,D,CS,BK,F
14:03:38,JSMR,RG,3460,2,D,CS,BK,F
14:03:38,JSMR,RG,3460,3,D,CC,BK,F
14:03:38,JSMR,RG,3460,9,D,CS,BK,F
14:03:38,JSMR,RG,3460,4,D,CS,BK,F
14:03:38,JSMR,RG,3460,3,F,BK,BK,F
14:03:33,JSMR,RG,3470,150,D,NI,YU,D
14:03:16,JSMR,RG,3460,1,F,BK,NI,D
14:02:47,JSMR,RG,3460,11,F,BK,BK,F
14:02:42,JSMR,RG,3460,43,F,BK,BK,F
14:02:40,JSMR,RG,3470,1,D,CS,YU,D
14:02:40,JSMR,RG,3470,7,D,CS,YU,D
14:02:40,JSMR,RG,3470,22,D,CS,YU,D
14:02:40,JSMR,RG,3470,10,D,CS,YU,D
14:02:40,JSMR,RG,3470,2,D,CS,YU,D
14:02:40,JSMR,RG,3470,10,D,CS,YU,D
14:02:40,JSMR,RG,3470,6,D,CS,YU,D
14:02:40,JSMR,RG,3470,52,D,BB,YU,D
14:02:40,JSMR,RG,3470,209,D,BB,YU,D
14:02:40,JSMR,RG,3470,128,D,BB,YU,D
14:02:40,JSMR,RG,3470,109,D,KZ,YU,D
14:02:40,JSMR,RG,3470,2,D,CS,YU,D
14:02:40,JSMR,RG,3470,14,D,CS,YU,D
14:02:40,JSMR,RG,3470,3,D,CS,YU,D
14:02:40,JSMR,RG,3470,125,D,KZ,YU,D
14:02:40,JSMR,RG,3470,264,F,BK,YU,D
14:02:23,JSMR,RG,3470,1,F,BK,EP,D
14:02:15,JSMR,RG,3470,5,F,BK,CC,D
14:02:11,JSMR,RG,3470,12,F,BK,PD,D
14:02:03,JSMR,RG,3470,30,F,BK,FZ,D
14:02:03,JSMR,RG,3470,10,D,CS,FZ,D
14:01:55,JSMR,RG,3470,1,D,CS,XC,D
14:01:50,JSMR,RG,3470,1,D,CS,CC,D
14:01:50,JSMR,RG,3470,7,D,CS,CC,D
14:01:50,JSMR,RG,3470,2,D,CS,CC,D
14:01:36,JSMR,RG,3470,3,D,CS,CC,D
14:01:36,JSMR,RG,3470,2,D,CS,CC,D
14:01:24,JSMR,RG,3470,12,F,BK,PD,D
14:01:24,JSMR,RG,3470,27,F,BK,DR,D
14:01:24,JSMR,RG,3470,20,F,BK,PD,D
14:01:24,JSMR,RG,3470,32,F,BK,DX,F
14:01:24,JSMR,RG,3470,1,F,BK,CC,D
14:01:24,JSMR,RG,3470,5,F,BK,PD,D
14:01:24,JSMR,RG,3470,200,F,BK,PD,D
14:01:24,JSMR,RG,3470,1,F,BK,PD,D
14:01:24,JSMR,RG,3470,75,F,BK,BK,F
14:01:24,JSMR,RG,3470,5,F,BK,PD,D
14:01:24,JSMR,RG,3470,7,F,BK,SQ,D
14:01:24,JSMR,RG,3470,18,D,CS,SQ,D
14:01:24,JSMR,RG,3470,6,D,CS,LG,D
14:01:24,JSMR,RG,3470,9,D,YP,LG,D
14:01:24,JSMR,RG,3470,2,D,YP,XC,D
14:01:24,JSMR,RG,3470,5,D,YP,CC,D
14:01:24,JSMR,RG,3470,43,D,YP,CC,F
14:01:24,JSMR,RG,3470,20,D,YP,CC,D
14:01:24,JSMR,RG,3470,2,D,YP,SQ,D
14:01:24,JSMR,RG,3470,37,D,YP,DX,F
14:01:24,JSMR,RG,3470,10,D,YP,XA,D
14:01:24,JSMR,RG,3470,3,D,YP,PD,D
14:01:24,JSMR,RG,3470,1,D,YP,DH,D
14:01:24,JSMR,RG,3470,93,D,YP,BK,F
14:01:24,JSMR,RG,3470,150,D,YP,YP,D
14:01:24,JSMR,RG,3470,100,D,YP,YP,D
14:01:24,JSMR,RG,3470,100,D,YP,YP,D
14:01:24,JSMR,RG,3470,6,D,YP,YP,D
14:00:48,JSMR,RG,3470,2,F,NI,YP,D
14:00:37,JSMR,RG,3470,30,D,ZP,YP,D
14:00:22,JSMR,RG,3470,3,D,PD,YP,D
14:00:04,JSMR,RG,3460,4,F,BK,KK,D
13:59:41,JSMR,RG,3460,11,F,BK,BK,F
13:59:39,JSMR,RG,3460,71,F,BK,CC,F
13:59:38,JSMR,RG,3460,1,F,BK,CC,D
13:59:27,JSMR,RG,3460,2,F,BK,CC,F
13:59:27,JSMR,RG,3460,3,D,CS,CC,F
13:58:46,JSMR,RG,3460,13,D,CS,CC,F
13:58:46,JSMR,RG,3460,16,D,CS,CC,F
13:58:13,JSMR,RG,3460,1,D,CS,XC,D
13:57:48,JSMR,RG,3460,1,D,CS,CC,D
13:57:35,JSMR,RG,3460,3,D,CS,CC,F
13:57:35,JSMR,RG,3460,3,D,CS,CC,F
13:57:35,JSMR,RG,3460,1,D,YP,CC,F
13:57:31,JSMR,RG,3460,1,D,YP,YP,D
13:56:45,JSMR,RG,3460,1,D,YP,BK,F
13:56:45,JSMR,RG,3460,1,D,CS,BK,F
13:56:45,JSMR,RG,3460,6,D,CS,BK,F
13:56:45,JSMR,RG,3460,3,D,CS,BK,F
13:56:39,JSMR,RG,3460,17,D,CS,YP,D
13:56:39,JSMR,RG,3460,2,D,CS,YP,D
13:56:39,JSMR,RG,3460,11,D,HP,YP,D
13:56:20,JSMR,RG,3460,3,D,HP,SQ,D
13:56:20,JSMR,RG,3460,47,D,BB,SQ,D
13:56:16,JSMR,RG,3460,15,D,BB,BK,F
13:56:13,JSMR,RG,3470,59,D,CS,YP,D
13:56:13,JSMR,RG,3470,23,D,CS,YP,D
13:56:05,JSMR,RG,3470,1,D,PD,YP,D
13:55:56,JSMR,RG,3460,25,D,BB,DR,D
13:55:52,JSMR,RG,3460,14,D,BB,BK,F
13:55:52,JSMR,RG,3460,1,D,BB,BK,F
13:55:51,JSMR,RG,3460,45,D,BB,NI,D
13:55:41,JSMR,RG,3460,5,D,BB,XA,D
13:55:22,JSMR,RG,3460,19,D,BB,YP,D
13:54:46,JSMR,RG,3460,1,D,BB,YP,D
13:54:32,JSMR,RG,3460,13,D,BB,BK,F
13:54:30,JSMR,RG,3460,48,D,BB,PD,D
13:54:30,JSMR,RG,3460,152,D,KZ,PD,D
13:54:24,JSMR,RG,3470,76,D,KZ,YP,D
13:54:24,JSMR,RG,3470,52,D,KZ,YP,D
13:53:13,JSMR,RG,3460,4,D,KZ,YP,D
13:53:13,JSMR,RG,3460,2,D,BB,YP,D
13:52:49,JSMR,RG,3460,5,D,BB,SQ,D
13:52:38,JSMR,RG,3460,4,D,BB,CC,F
13:52:38,JSMR,RG,3460,40,D,KZ,CC,F
13:52:29,JSMR,RG,3460,31,D,KZ,CC,F
13:52:05,JSMR,RG,3460,5,D,KZ,DH,D
13:51:43,JSMR,RG,3460,1,D,KZ,CC,D
13:51:19,JSMR,RG,3460,17,D,KZ,NI,D
13:51:19,JSMR,RG,3460,1,D,KZ,XC,D
13:51:17,JSMR,RG,3460,1,D,KZ,XC,D
13:50:34,JSMR,RG,3460,19,D,KZ,FZ,D
13:50:34,JSMR,RG,3460,4,D,CS,FZ,D
13:50:34,JSMR,RG,3460,242,F,BK,FZ,D
13:50:34,JSMR,RG,3460,2,D,CS,FZ,D
13:50:34,JSMR,RG,3460,35,D,BB,FZ,D
13:50:34,JSMR,RG,3460,7,D,CS,FZ,D
13:50:34,JSMR,RG,3460,6,D,CS,FZ,D
13:50:34,JSMR,RG,3460,185,D,BB,FZ,D
13:50:29,JSMR,RG,3470,48,D,KZ,YP,D
13:50:29,JSMR,RG,3470,8,D,KZ,XC,D
13:50:29,JSMR,RG,3470,3,D,KZ,OD,D
13:50:29,JSMR,RG,3470,45,D,KZ,BK,F
13:49:02,JSMR,RG,3460,25,D,BB,YP,D
13:48:42,JSMR,RG,3460,25,D,BB,SQ,D
13:47:34,JSMR,RG,3470,2,D,CC,BK,F
13:47:14,JSMR,RG,3460,13,D,BB,BK,F
13:47:13,JSMR,RG,3460,53,D,BB,BK,F
13:47:13,JSMR,RG,3460,100,D,BB,PD,D
13:47:13,JSMR,RG,3460,16,D,BB,PD,D
13:47:13,JSMR,RG,3460,184,D,BB,PD,D
13:47:13,JSMR,RG,3460,5,D,BB,CC,D
13:47:13,JSMR,RG,3460,2,D,BB,SQ,D
13:47:13,JSMR,RG,3460,1,D,BB,XC,D
13:47:13,JSMR,RG,3460,31,D,BB,DX,F
13:47:13,JSMR,RG,3460,75,D,BB,PD,D
13:47:13,JSMR,RG,3460,3,D,BB,HP,D
13:47:13,JSMR,RG,3460,30,D,BB,YP,D
13:47:13,JSMR,RG,3460,62,D,BB,CC,F
13:47:13,JSMR,RG,3460,147,D,BB,DX,F
13:47:13,JSMR,RG,3460,43,D,BB,BK,F
13:47:09,JSMR,RG,3460,43,D,CS,BK,F
13:45:11,JSMR,RG,3460,1,D,YP,BK,F
13:45:09,JSMR,RG,3450,30,F,BK,CC,F
13:45:09,JSMR,RG,3450,20,D,KZ,CC,F
13:44:40,JSMR,RG,3450,5,D,KZ,XA,D
13:43:31,JSMR,RG,3450,2,D,KZ,YP,D
13:43:02,JSMR,RG,3450,3,D,KZ,PD,D
13:41:08,JSMR,RG,3450,8,D,KZ,BK,F
13:41:08,JSMR,RG,3450,5,D,KZ,BK,F
13:41:08,JSMR,RG,3450,2,D,KZ,BK,F
13:41:06,JSMR,RG,3460,1,D,YB,BK,F
13:41:06,JSMR,RG,3460,19,D,YB,PD,D
13:40:51,JSMR,RG,3460,1,D,YB,PD,D
13:40:25,JSMR,RG,3450,7,D,KZ,PD,D
13:40:25,JSMR,RG,3450,3,D,KZ,PD,D
13:38:53,JSMR,RG,3450,2,D,KZ,BK,F
13:38:53,JSMR,RG,3450,6,D,KZ,BK,F
13:38:53,JSMR,RG,3450,1,D,KZ,BK,F
13:38:53,JSMR,RG,3450,5,D,KZ,BK,F
13:38:53,JSMR,RG,3450,4,D,KZ,BK,F
13:38:49,JSMR,RG,3460,7,D,CS,CC,F
13:38:49,JSMR,RG,3460,18,D,CS,CC,F
13:38:49,JSMR,RG,3460,5,D,NI,CC,F
13:38:49,JSMR,RG,3460,13,D,CS,CC,F
13:38:49,JSMR,RG,3460,69,F,BK,CC,F
13:38:49,JSMR,RG,3460,8,D,CS,CC,F
13:38:49,JSMR,RG,3460,26,D,CS,CC,F
13:38:49,JSMR,RG,3460,2,D,CS,CC,F
13:38:49,JSMR,RG,3460,1,D,CS,CC,F
13:38:49,JSMR,RG,3460,1,D,KZ,CC,F
13:38:42,JSMR,RG,3460,11,D,KZ,BK,F
13:38:41,JSMR,RG,3460,146,D,KZ,CC,F
13:38:38,JSMR,RG,3460,10,D,KZ,YU,D
13:38:33,JSMR,RG,3460,1,D,KZ,CC,F
13:38:33,JSMR,RG,3460,3,D,PD,CC,F
13:38:33,JSMR,RG,3460,12,D,CS,CC,F
13:38:33,JSMR,RG,3460,7,D,CS,CC,F
13:38:33,JSMR,RG,3460,23,D,CS,CC,F
13:38:33,JSMR,RG,3460,25,F,BK,CC,F
13:38:29,JSMR,RG,3470,11,D,KZ,BK,F
13:38:29,JSMR,RG,3470,7,D,KZ,PD,D
13:38:29,JSMR,RG,3470,20,D,KZ,PD,D
13:38:29,JSMR,RG,3470,10,D,KZ,NI,D
13:38:29,JSMR,RG,3470,17,D,KZ,PD,D
13:38:29,JSMR,RG,3470,2,D,KZ,PD,D
13:38:29,JSMR,RG,3470,96,D,KZ,CC,D
13:38:26,JSMR,RG,3460,49,F,BK,CC,F
13:38:15,JSMR,RG,3460,2,F,BK,CC,F
13:38:12,JSMR,RG,3470,4,D,CC,CC,D
13:38:12,JSMR,RG,3470,1,D,CC,AZ,D
13:38:12,JSMR,RG,3470,15,D,CC,KK,D
13:38:06,JSMR,RG,3460,7,F,BK,CC,F
13:37:22,JSMR,RG,3460,10,F,BK,DX,D
13:35:29,JSMR,RG,3460,1,F,BK,PD,D
13:34:56,JSMR,RG,3460,23,F,BK,PD,D
13:34:56,JSMR,RG,3460,2,D,CC,PD,D
13:34:56,JSMR,RG,3460,10,D,PD,PD,D
13:34:56,JSMR,RG,3460,14,D,CS,PD,D
13:34:56,JSMR,RG,3460,15,D,CS,PD,D
13:34:56,JSMR,RG,3460,202,D,KZ,PD,D
13:34:56,JSMR,RG,3460,10,D,PD,PD,D
13:34:56,JSMR,RG,3460,1,D,PD,PD,D
13:34:56,JSMR,RG,3460,23,D,KK,PD,D
13:34:53,JSMR,RG,3470,5,D,CC,KK,D
13:34:48,JSMR,RG,3470,15,D,EP,KK,D
13:34:13,JSMR,RG,3470,20,D,CC,KK,D
13:33:42,JSMR,RG,3470,3,D,CC,KK,D
13:31:08,JSMR,RG,3470,2,D,CC,KK,D
13:30:12,JSMR,RG,3460,49,D,KK,YP,D
13:30:11,JSMR,RG,3470,13,D,OD,KK,D
13:30:11,JSMR,RG,3460,5,D,KK,CC,D
13:30:10,JSMR,RG,3460,2,D,KK,CC,D
13:30:10,JSMR,RG,3460,1,D,KK,YP,D
13:30:10,JSMR,RG,3460,1,D,EP,YP,D
13:30:10,JSMR,RG,3460,1,D,KK,YP,D
13:30:08,JSMR,RG,3460,2,D,KK,PD,D
13:30:08,JSMR,RG,3460,2,D,XC,PD,D
13:30:08,JSMR,RG,3460,18,D,CS,PD,D
13:30:08,JSMR,RG,3460,16,D,CS,PD,D
13:30:08,JSMR,RG,3460,22,F,BK,PD,D
13:30:08,JSMR,RG,3460,10,F,BK,PD,D
13:30:05,JSMR,RG,3460,1,F,BK,CC,D
13:30:05,JSMR,RG,3460,1,F,BK,CC,D
13:30:04,JSMR,RG,3460,3,F,BK,PD,D
13:30:02,JSMR,RG,3460,3,D,CS,PD,D
13:30:02,JSMR,RG,3460,3,D,CS,OD,D
13:30:02,JSMR,RG,3460,3,D,CS,DR,D
13:30:02,JSMR,RG,3460,1,D,CS,OD,D
11:29:39,JSMR,RG,3460,1,D,CS,AI,D
11:29:39,JSMR,RG,3460,1,D,CS,AI,D
11:29:35,JSMR,RG,3470,2,D,NI,KK,D
11:29:35,JSMR,RG,3470,1,D,NI,BK,F
11:29:22,JSMR,RG,3460,9,D,CS,PS,D
11:29:22,JSMR,RG,3460,1,D,CS,PS,D
11:29:18,JSMR,RG,3470,43,D,KZ,BK,F
11:29:18,JSMR,RG,3470,8,D,KZ,NI,D
11:29:12,JSMR,RG,3460,21,D,CS,NI,D
11:29:12,JSMR,RG,3460,3,D,KZ,NI,D
11:29:12,JSMR,RG,3460,1,D,KZ,NI,D
11:28:56,JSMR,RG,3460,13,D,KZ,DR,D
11:28:56,JSMR,RG,3460,2,D,KZ,DR,D
11:28:45,JSMR,RG,3460,4,D,KZ,YP,D
11:28:45,JSMR,RG,3460,6,F,BK,YP,D
11:27:36,JSMR,RG,3460,10,F,BK,BQ,D
11:27:26,JSMR,RG,3460,21,F,BK,PD,D
11:27:10,JSMR,RG,3460,24,F,BK,CC,D
11:27:10,JSMR,RG,3460,3,D,CS,CC,D
11:27:10,JSMR,RG,3460,23,D,CS,CC,D
11:27:10,JSMR,RG,3460,10,D,KZ,CC,D
11:26:10,JSMR,RG,3460,100,D,KZ,CC,D
11:24:35,JSMR,RG,3460,26,D,KZ,LG,D
11:24:35,JSMR,RG,3460,7,D,CS,LG,D
11:24:35,JSMR,RG,3460,4,D,CS,LG,D
11:24:35,JSMR,RG,3460,3,D,CS,LG,D
11:24:35,JSMR,RG,3460,6,D,CS,LG,D
11:24:35,JSMR,RG,3460,4,D,CS,LG,D
11:24:33,JSMR,RG,3460,1,D,CS,SQ,D
11:24:33,JSMR,RG,3460,1,D,CS,SQ,D
11:24:33,JSMR,RG,3460,9,D,SQ,SQ,D
11:24:33,JSMR,RG,3460,1,D,CC,SQ,D
11:24:33,JSMR,RG,3460,1,D,CS,SQ,D
11:24:33,JSMR,RG,3460,12,F,BK,SQ,D
11:24:28,JSMR,RG,3470,2,D,CC,NI,D
11:24:26,JSMR,RG,3460,1,F,BK,CC,D
11:22:06,JSMR,RG,3470,3,D,CS,AK,F
11:22:06,JSMR,RG,3470,13,D,CS,AK,F
11:22:05,JSMR,RG,3470,6,D,CS,AK,F
11:22:05,JSMR,RG,3470,16,D,CS,AK,F
11:22:05,JSMR,RG,3470,15,D,CS,AK,F
11:22:05,JSMR,RG,3470,6,D,KZ,AK,F
11:22:05,JSMR,RG,3470,98,D,KZ,YP,D
11:22:05,JSMR,RG,3470,4,D,KZ,YP,D
11:22:05,JSMR,RG,3470,98,F,BK,YP,D
11:22:00,JSMR,RG,3470,1,F,BK,PD,D
11:21:55,JSMR,RG,3470,2,F,BK,PD,D
11:21:06,JSMR,RG,3470,5,F,BK,YP,D
11:21:03,JSMR,RG,3470,5,F,BK,NI,D
11:21:03,JSMR,RG,3470,1,D,CS,NI,D
11:21:03,JSMR,RG,3470,5,D,CS,NI,D
11:21:03,JSMR,RG,3470,9,D,CS,NI,D
11:20:42,JSMR,RG,3470,1,D,CS,YP,D
11:20:33,JSMR,RG,3470,4,D,KZ,DR,D
11:20:33,JSMR,RG,3470,10,D,KZ,YP,D
11:20:33,JSMR,RG,3470,30,D,KZ,BK,F
11:20:33,JSMR,RG,3470,3,D,KZ,PD,D
11:20:33,JSMR,RG,3470,1,D,KZ,NI,D
11:20:33,JSMR,RG,3470,5,D,KZ,NI,D
11:20:33,JSMR,RG,3470,30,D,KZ,BK,F
11:20:29,JSMR,RG,3460,5,D,KZ,XA,D
11:18:38,JSMR,RG,3460,1,D,KZ,SQ,D
11:18:31,JSMR,RG,3460,15,D,KZ,CC,D
11:18:08,JSMR,RG,3470,168,D,KZ,CC,F
11:17:53,JSMR,RG,3460,5,D,KZ,YP,D
11:17:35,JSMR,RG,3460,1,D,KZ,IP,D
11:17:07,JSMR,RG,3460,1,D,KZ,DH,D
11:15:37,JSMR,RG,3460,10,D,KZ,PD,D
11:15:31,JSMR,RG,3460,1,D,KZ,EP,D
11:15:13,JSMR,RG,3460,2,D,KZ,CC,F
11:15:13,JSMR,RG,3460,24,D,CS,CC,F
11:15:13,JSMR,RG,3460,16,D,CS,CC,F
11:15:09,JSMR,RG,3460,2,D,CS,OD,D
11:15:04,JSMR,RG,3460,5,D,CS,CC,F
11:15:04,JSMR,RG,3460,5,D,CS,CC,F
11:14:54,JSMR,RG,3460,12,D,CS,CC,F
11:14:42,JSMR,RG,3460,7,D,CS,CC,F
11:14:42,JSMR,RG,3460,4,D,CS,CC,F
11:14:42,JSMR,RG,3460,4,D,CS,CC,F
11:14:42,JSMR,RG,3460,9,F,BK,CC,F
11:14:32,JSMR,RG,3460,47,F,BK,CC,F
11:14:32,JSMR,RG,3460,36,D,KZ,CC,F
11:14:21,JSMR,RG,3460,2,D,KZ,YP,D
11:14:20,JSMR,RG,3460,30,D,KZ,CC,F
11:14:07,JSMR,RG,3460,6,D,KZ,CC,F
11:14:01,JSMR,RG,3460,4,D,KZ,PD,D
11:13:56,JSMR,RG,3460,5,D,KZ,YP,D
11:13:54,JSMR,RG,3460,1,D,KZ,EP,D
11:13:02,JSMR,RG,3460,2,D,KZ,PD,D
11:09:42,JSMR,RG,3460,1,D,CS,YP,D
11:09:42,JSMR,RG,3460,3,D,CS,YP,D
11:09:42,JSMR,RG,3460,1,D,CS,YP,D
11:09:42,JSMR,RG,3460,20,D,CS,YP,D
11:09:42,JSMR,RG,3460,3,D,PD,YP,D
11:09:42,JSMR,RG,3460,2,D,DR,YP,D
11:09:42,JSMR,RG,3460,15,D,KZ,YP,D
11:09:42,JSMR,RG,3460,5,D,KZ,YP,D
11:09:42,JSMR,RG,3460,2,D,CS,YP,D
11:09:42,JSMR,RG,3460,6,D,CS,YP,D
11:09:42,JSMR,RG,3460,4,D,CS,YP,D
11:09:42,JSMR,RG,3460,1,D,XC,YP,D
11:09:42,JSMR,RG,3460,8,D,CS,YP,D
11:09:42,JSMR,RG,3460,3,D,YP,YP,D
11:09:42,JSMR,RG,3460,5,D,CS,YP,D
11:09:42,JSMR,RG,3460,21,F,BK,YP,D
11:09:28,JSMR,RG,3460,4,F,BK,CC,D
11:07:09,JSMR,RG,3470,1,D,YP,CC,F
11:07:09,JSMR,RG,3470,1,D,YP,YP,D
11:06:06,JSMR,RG,3470,5,D,CS,AK,F
11:06:05,JSMR,RG,3470,4,D,CS,AK,F
11:06:05,JSMR,RG,3470,9,F,BK,AK,F
11:06:04,JSMR,RG,3470,145,F,BK,AK,F
11:06:04,JSMR,RG,3470,1,D,CS,AK,F
11:06:02,JSMR,RG,3460,11,F,BK,CC,D
11:06:02,JSMR,RG,3460,11,D,CS,CC,D
11:06:02,JSMR,RG,3460,5,D,CS,CC,D
11:06:02,JSMR,RG,3460,5,D,CS,CC,D
11:06:02,JSMR,RG,3460,2,D,CS,CC,D
11:06:02,JSMR,RG,3460,6,D,CS,CC,D
11:06:02,JSMR,RG,3470,74,D,KZ,CC,D
11:06:02,JSMR,RG,3470,5,D,CS,CC,D
11:06:02,JSMR,RG,3470,9,D,CS,CC,D
11:06:02,JSMR,RG,3470,1,D,CS,CC,D
11:06:02,JSMR,RG,3470,2,D,CS,CC,D
11:06:02,JSMR,RG,3470,19,D,CS,CC,D
11:06:02,JSMR,RG,3470,4,D,CS,CC,D
11:06:02,JSMR,RG,3470,4,D,CS,CC,D
11:06:02,JSMR,RG,3470,145,F,BK,CC,D
11:05:57,JSMR,RG,3470,10,F,BK,AK,F
11:05:57,JSMR,RG,3470,32,D,KZ,AK,F
11:05:53,JSMR,RG,3470,5,D,KZ,HP,D
11:05:53,JSMR,RG,3470,26,D,KZ,BK,F
11:05:53,JSMR,RG,3470,54,D,KZ,CC,F
11:05:50,JSMR,RG,3470,29,D,CS,CC,F
11:05:48,JSMR,RG,3470,34,D,KZ,CC,F
11:05:48,JSMR,RG,3470,31,D,KZ,DX,F
11:05:48,JSMR,RG,3470,10,D,KZ,DR,D
11:05:48,JSMR,RG,3470,10,D,KZ,DR,D
11:05:48,JSMR,RG,3470,1,D,KZ,DR,D
11:05:48,JSMR,RG,3470,17,D,KZ,CC,D
11:05:48,JSMR,RG,3470,10,D,KZ,XA,D
11:05:48,JSMR,RG,3470,4,D,KZ,YU,D
11:05:45,JSMR,RG,3470,1,D,YP,YU,D
11:05:20,JSMR,RG,3460,20,D,KZ,EP,D
11:05:17,JSMR,RG,3460,5,D,KZ,PD,D
11:04:36,JSMR,RG,3460,2,D,KZ,YP,D
11:03:51,JSMR,RG,3460,1,D,KZ,NI,D
11:02:56,JSMR,RG,3460,10,D,KZ,XC,D
11:02:31,JSMR,RG,3460,30,F,AK,XA,D
11:02:31,JSMR,RG,3460,3,F,AK,NI,D
11:02:31,JSMR,RG,3460,9,F,AK,PD,D
11:02:31,JSMR,RG,3460,132,F,AK,PD,D
11:02:30,JSMR,RG,3460,1,D,PD,PD,D
11:02:29,JSMR,RG,3460,58,F,AK,PD,D
11:02:29,JSMR,RG,3460,1,F,AK,KK,D
11:02:29,JSMR,RG,3460,2,F,AK,YP,D
11:02:29,JSMR,RG,3460,1,F,AK,CC,D
11:02:29,JSMR,RG,3460,1,F,AK,PD,D
11:02:29,JSMR,RG,3460,50,F,AK,YP,D
11:02:29,JSMR,RG,3460,1,F,AK,DH,D
11:02:29,JSMR,RG,3460,18,F,AK,SQ,D
11:02:28,JSMR,RG,3460,7,D,KZ,SQ,D
11:02:28,JSMR,RG,3460,3,D,KZ,XC,D
11:02:28,JSMR,RG,3460,6,D,KZ,BK,F
11:02:28,JSMR,RG,3460,50,D,KZ,KK,D
11:02:28,JSMR,RG,3460,10,D,KZ,XA,D
11:02:28,JSMR,RG,3460,41,D,KZ,BK,F
11:02:18,JSMR,RG,3450,4,D,KZ,BK,F
11:02:18,JSMR,RG,3450,6,D,KZ,BK,F
11:02:18,JSMR,RG,3450,7,D,KZ,BK,F
11:02:17,JSMR,RG,3450,3,D,CS,BK,F
11:02:16,JSMR,RG,3450,20,F,AK,BK,F
11:02:16,JSMR,RG,3450,18,F,AK,BK,F
11:02:16,JSMR,RG,3450,40,F,AK,DX,F
11:02:16,JSMR,RG,3450,10,F,AK,PD,D
11:02:16,JSMR,RG,3450,3,F,AK,NI,D
11:02:16,JSMR,RG,3450,20,F,AK,XA,D
11:02:16,JSMR,RG,3450,15,F,AK,PD,D
11:02:16,JSMR,RG,3450,10,F,AK,PD,D
11:02:16,JSMR,RG,3450,30,F,AK,PD,D
11:02:16,JSMR,RG,3450,2,F,AK,PD,D
11:02:16,JSMR,RG,3450,5,F,AK,YP,D
11:02:16,JSMR,RG,3450,2,F,AK,CC,F
11:02:16,JSMR,RG,3450,18,F,AK,BK,F
11:02:16,JSMR,RG,3450,66,F,AK,DX,F
11:02:16,JSMR,RG,3450,50,F,AK,SQ,D
11:02:16,JSMR,RG,3450,24,F,AK,BK,F
11:02:16,JSMR,RG,3450,27,D,XC,BK,F
11:02:03,JSMR,RG,3450,7,D,NI,BK,F
11:01:53,JSMR,RG,3450,41,D,CS,BK,F
11:01:39,JSMR,RG,3450,7,D,KZ,BK,F
11:01:15,JSMR,RG,3440,22,F,BK,XA,D
11:01:15,JSMR,RG,3440,6,D,KZ,XA,D
11:01:15,JSMR,RG,3440,1,D,PD,XA,D
11:01:15,JSMR,RG,3440,10,D,AZ,XA,D
11:01:15,JSMR,RG,3440,1,D,YP,XA,D
11:01:15,JSMR,RG,3440,10,D,XC,XA,D
11:01:01,JSMR,RG,3440,10,D,XC,XA,D
11:00:49,JSMR,RG,3440,10,D,XC,XA,D
11:00:36,JSMR,RG,3440,2,D,XC,SQ,D
11:00:36,JSMR,RG,3440,17,D,KZ,SQ,D
11:00:36,JSMR,RG,3440,2,D,AN,SQ,D
11:00:36,JSMR,RG,3440,1,D,KK,SQ,D
11:00:36,JSMR,RG,3440,3,F,BK,SQ,D
11:00:15,JSMR,RG,3450,20,D,PD,BK,F
11:00:11,JSMR,RG,3440,20,F,BK,PD,D
11:00:07,JSMR,RG,3450,1,D,DR,BK,F
11:00:07,JSMR,RG,3450,2,D,DR,PD,D
10:59:59,JSMR,RG,3450,1,D,KZ,PD,D
10:59:07,JSMR,RG,3450,4,D,DR,PD,D
10:58:53,JSMR,RG,3440,15,F,BK,XA,D
10:58:47,JSMR,RG,3440,18,F,BK,BK,F
10:58:43,JSMR,RG,3440,3,F,BK,XA,D
10:58:43,JSMR,RG,3440,1,D,KZ,XA,D
10:58:43,JSMR,RG,3440,1,D,KZ,XA,D
10:58:43,JSMR,RG,3440,1,D,KZ,XA,D
10:58:43,JSMR,RG,3440,1,D,KZ,XA,D
10:58:43,JSMR,RG,3440,5,D,AZ,XA,D
10:58:43,JSMR,RG,3440,1,D,XC,XA,D
10:58:43,JSMR,RG,3440,3,D,CP,XA,D
10:58:43,JSMR,RG,3440,4,D,KZ,XA,D
10:57:36,JSMR,RG,3440,5,D,KZ,SQ,D
10:56:54,JSMR,RG,3440,1,D,YP,YP,D
10:56:54,JSMR,RG,3440,1,D,KZ,YP,D
10:56:51,JSMR,RG,3440,10,D,KZ,SQ,D
10:56:34,JSMR,RG,3450,6,D,KZ,PD,D
10:56:34,JSMR,RG,3450,5,D,KZ,PD,D
10:54:55,JSMR,RG,3450,2,D,CC,PD,D
10:54:53,JSMR,RG,3440,11,D,KZ,BK,F
10:54:53,JSMR,RG,3440,4,D,KZ,BK,F
10:54:50,JSMR,RG,3440,15,D,KZ,PD,D
10:54:50,JSMR,RG,3440,100,D,PD,PD,D
10:54:50,JSMR,RG,3440,13,D,KZ,PD,D
10:54:50,JSMR,RG,3440,1,D,KZ,PD,D
10:54:50,JSMR,RG,3440,4,D,KZ,PD,D
10:54:50,JSMR,RG,3440,2,D,KZ,PD,D
10:54:50,JSMR,RG,3440,1,D,KZ,PD,D
10:54:50,JSMR,RG,3440,1,D,KZ,PD,D
10:54:50,JSMR,RG,3440,3,D,KZ,PD,D
10:54:50,JSMR,RG,3440,3,D,KZ,PD,D
10:54:50,JSMR,RG,3440,1,D,KZ,PD,D
10:54:50,JSMR,RG,3440,1,D,KZ,PD,D
10:54:50,JSMR,RG,3440,1,D,KZ,PD,D
10:54:50,JSMR,RG,3440,2,D,KZ,PD,D
10:54:50,JSMR,RG,3440,2,D,KZ,PD,D
10:53:45,JSMR,RG,3440,1,D,KZ,LG,D
10:53:45,JSMR,RG,3440,3,D,KZ,LG,D
10:53:45,JSMR,RG,3440,2,D,KZ,LG,D
10:53:45,JSMR,RG,3440,1,D,YP,LG,D
10:53:45,JSMR,RG,3440,3,D,PD,LG,D
10:51:34,JSMR,RG,3440,17,D,PD,BK,F
10:51:34,JSMR,RG,3440,2,D,NI,BK,F
10:51:30,JSMR,RG,3450,9,D,CS,BK,F
10:51:30,JSMR,RG,3450,1,D,KZ,BK,F
10:51:30,JSMR,RG,3450,3,D,KZ,BK,F
10:51:30,JSMR,RG,3450,2,D,KZ,BK,F
10:51:29,JSMR,RG,3450,6,D,CS,OD,D
10:51:29,JSMR,RG,3450,1,D,KZ,OD,D
10:51:29,JSMR,RG,3450,1,D,KZ,OD,D
10:51:29,JSMR,RG,3450,6,D,KZ,OD,D
10:51:29,JSMR,RG,3450,6,D,KZ,OD,D
10:51:29,JSMR,RG,3450,34,D,KZ,OD,D
10:51:29,JSMR,RG,3450,29,D,KZ,OD,D
10:51:29,JSMR,RG,3450,28,F,BK,OD,D
10:51:26,JSMR,RG,3450,11,F,BK,BK,F
10:51:24,JSMR,RG,3450,10,F,BK,XC,D
10:51:24,JSMR,RG,3450,15,D,KZ,XC,D
10:51:23,JSMR,RG,3450,111,D,KZ,OD,D
10:51:15,JSMR,RG,3450,1,D,KZ,DR,D
10:51:01,JSMR,RG,3450,4,D,KZ,BK,F
10:51:01,JSMR,RG,3450,1,D,KZ,BK,F
10:51:01,JSMR,RG,3450,1,D,KZ,BK,F
10:51:01,JSMR,RG,3450,5,D,KZ,BK,F
10:51:01,JSMR,RG,3450,1,D,PD,BK,F
10:51:01,JSMR,RG,3450,2,D,CS,BK,F
10:50:56,JSMR,RG,3450,7,D,CS,YP,D
10:50:56,JSMR,RG,3450,8,D,CS,YP,D
10:50:56,JSMR,RG,3450,2,D,KZ,YP,D
10:50:56,JSMR,RG,3450,6,D,KZ,YP,D
10:50:56,JSMR,RG,3450,6,D,CS,YP,D
10:50:56,JSMR,RG,3450,1,D,CS,YP,D
10:50:35,JSMR,RG,3450,5,D,CS,YP,D
10:50:35,JSMR,RG,3450,4,D,CS,YP,D
10:50:35,JSMR,RG,3450,7,D,KZ,YP,D
10:50:35,JSMR,RG,3450,6,D,KZ,YP,D
10:50:35,JSMR,RG,3450,28,F,BK,YP,D
10:50:32,JSMR,RG,3450,5,F,BK,TP,D
10:49:19,JSMR,RG,3450,9,F,BK,PD,D
10:49:19,JSMR,RG,3450,7,D,CS,PD,D
10:49:19,JSMR,RG,3450,4,D,KZ,PD,D
10:49:10,JSMR,RG,3450,3,D,KZ,PD,D
10:49:10,JSMR,RG,3450,7,D,CS,PD,D
10:49:04,JSMR,RG,3450,4,D,CS,BK,F
10:49:04,JSMR,RG,3450,10,D,KZ,BK,F
10:49:04,JSMR,RG,3450,1,D,KZ,BK,F
10:49:00,JSMR,RG,3450,9,D,KZ,BK,F
10:49:00,JSMR,RG,3450,3,D,CS,BK,F
10:48:58,JSMR,RG,3450,7,D,CS,YP,D
10:48:58,JSMR,RG,3450,20,D,CS,YP,D
10:48:58,JSMR,RG,3450,13,D,CS,YP,D
10:48:58,JSMR,RG,3450,1,D,KZ,YP,D
10:48:58,JSMR,RG,3450,19,D,CS,YP,D
10:48:58,JSMR,RG,3450,4,D,KZ,YP,D
10:48:58,JSMR,RG,3450,3,D,KZ,YP,D
10:48:58,JSMR,RG,3450,4,D,YP,YP,D
10:48:58,JSMR,RG,3450,1,D,KZ,YP,D
10:48:58,JSMR,RG,3450,1,D,KZ,YP,D
10:48:58,JSMR,RG,3450,3,D,KZ,YP,D
10:48:58,JSMR,RG,3450,3,D,KZ,YP,D
10:48:58,JSMR,RG,3450,19,D,CS,YP,D
10:48:58,JSMR,RG,3450,1,D,CS,YP,D
10:48:58,JSMR,RG,3450,1,D,KZ,YP,D
10:48:56,JSMR,RG,3450,1,D,KZ,SQ,D
10:48:56,JSMR,RG,3450,1,D,KZ,SQ,D
10:48:56,JSMR,RG,3450,4,D,KZ,SQ,D
10:48:56,JSMR,RG,3450,8,D,KZ,SQ,D
10:48:56,JSMR,RG,3450,21,F,BK,SQ,D
10:48:36,JSMR,RG,3450,10,F,BK,YP,D
10:48:34,JSMR,RG,3450,5,F,BK,XC,D
10:48:24,JSMR,RG,3450,12,F,BK,BK,F
10:48:19,JSMR,RG,3450,10,F,BK,PD,D
10:48:19,JSMR,RG,3450,3,D,KZ,PD,D
10:48:19,JSMR,RG,3450,25,D,KZ,PD,D
10:48:19,JSMR,RG,3450,20,D,KZ,PD,D
10:48:19,JSMR,RG,3450,11,D,CS,PD,D
10:48:19,JSMR,RG,3450,7,D,CS,PD,D
10:48:19,JSMR,RG,3450,5,D,CS,PD,D
10:48:19,JSMR,RG,3450,6,D,CS,PD,D
10:48:19,JSMR,RG,3450,1,D,CS,PD,D
10:48:19,JSMR,RG,3450,1,D,KZ,PD,D
10:48:19,JSMR,RG,3450,11,D,CS,PD,D
10:48:10,JSMR,RG,3450,6,D,CS,YP,D
10:48:10,JSMR,RG,3450,2,D,KZ,YP,D
10:48:10,JSMR,RG,3450,12,F,BK,YP,D
10:47:43,JSMR,RG,3450,40,F,BK,YP,D
10:47:43,JSMR,RG,3450,9,D,CS,YP,D
10:47:43,JSMR,RG,3450,1,D,KZ,YP,D
10:47:39,JSMR,RG,3450,4,D,KZ,PD,D
10:47:39,JSMR,RG,3450,4,D,KZ,PD,D
10:47:39,JSMR,RG,3450,23,D,KZ,PD,D
10:47:39,JSMR,RG,3450,19,D,KZ,PD,D
10:47:39,JSMR,RG,3450,89,D,KZ,PD,D
10:47:31,JSMR,RG,3450,11,D,KZ,XA,D
10:46:46,JSMR,RG,3450,20,D,KZ,HP,D
10:46:46,JSMR,RG,3450,1,D,KZ,HP,D
10:46:46,JSMR,RG,3450,3,D,KZ,HP,D
10:46:46,JSMR,RG,3450,2,D,KZ,HP,D
10:46:46,JSMR,RG,3450,13,D,CS,HP,D
10:46:46,JSMR,RG,3450,1,D,KZ,HP,D
10:46:46,JSMR,RG,3450,1,D,KZ,HP,D
10:46:46,JSMR,RG,3450,5,D,KZ,HP,D
10:46:46,JSMR,RG,3450,4,D,KZ,HP,D
10:46:46,JSMR,RG,3450,28,F,BK,HP,D
10:46:46,JSMR,RG,3450,8,D,CS,HP,D
10:46:46,JSMR,RG,3450,1,D,KZ,HP,D
10:46:46,JSMR,RG,3450,2,D,KZ,HP,D
10:46:46,JSMR,RG,3450,38,D,KZ,HP,D
10:46:46,JSMR,RG,3450,32,D,KZ,HP,D
10:46:46,JSMR,RG,3450,37,F,BK,HP,D
10:46:46,JSMR,RG,3450,4,D,KZ,HP,D
10:46:43,JSMR,RG,3460,106,D,KZ,CC,F
10:46:43,JSMR,RG,3460,33,D,KZ,BK,F
10:45:44,JSMR,RG,3450,4,D,KZ,YP,D
10:45:20,JSMR,RG,3450,1,D,KZ,EP,D
10:45:11,JSMR,RG,3450,1,D,KZ,PD,D
10:44:27,JSMR,RG,3450,2,D,KZ,NI,D
10:44:13,JSMR,RG,3450,10,D,KZ,YP,D
10:43:42,JSMR,RG,3450,103,D,KZ,CD,D
10:43:42,JSMR,RG,3450,7,D,CS,CD,D
10:43:42,JSMR,RG,3450,10,D,YP,CD,D
10:43:42,JSMR,RG,3450,31,F,BK,CD,D
10:43:42,JSMR,RG,3450,9,D,KZ,CD,D
10:43:42,JSMR,RG,3450,8,D,KZ,CD,D
10:43:42,JSMR,RG,3450,18,D,KZ,CD,D
10:43:42,JSMR,RG,3450,1,D,XC,CD,D
10:43:42,JSMR,RG,3450,7,D,YP,CD,D
10:43:42,JSMR,RG,3450,2,D,AN,CD,D
10:43:42,JSMR,RG,3450,1,D,YP,CD,D
10:43:42,JSMR,RG,3450,2,D,YB,CD,D
10:43:42,JSMR,RG,3450,10,D,YP,CD,D
10:43:42,JSMR,RG,3450,3,D,CC,CD,D
10:43:42,JSMR,RG,3450,1,D,KZ,CD,D
10:43:42,JSMR,RG,3450,1,D,CC,CD,D
10:43:42,JSMR,RG,3450,1,D,KZ,CD,D
10:43:42,JSMR,RG,3450,2,D,AZ,CD,D
10:43:42,JSMR,RG,3450,3,D,KZ,CD,D
10:42:14,JSMR,RG,3450,3,D,KZ,XA,D
10:42:14,JSMR,RG,3450,1,D,KZ,XA,D
10:41:23,JSMR,RG,3450,1,D,KZ,XC,D
10:40:31,JSMR,RG,3450,3,D,KZ,SQ,D
10:40:31,JSMR,RG,3450,10,D,TP,SQ,D
10:40:31,JSMR,RG,3450,1,D,KZ,SQ,D
10:40:31,JSMR,RG,3450,1,D,KZ,SQ,D
10:40:31,JSMR,RG,3450,1,D,KZ,SQ,D
10:40:31,JSMR,RG,3450,1,D,KZ,SQ,D
10:40:31,JSMR,RG,3450,9,D,KZ,SQ,D
10:40:31,JSMR,RG,3450,7,D,KZ,SQ,D
10:40:31,JSMR,RG,3450,1,D,PD,SQ,D
10:40:31,JSMR,RG,3450,21,F,BK,SQ,D
10:40:31,JSMR,RG,3450,2,D,KZ,SQ,D
10:40:31,JSMR,RG,3450,2,D,KZ,SQ,D
10:40:31,JSMR,RG,3450,1,D,KZ,SQ,D
10:38:34,JSMR,RG,3460,33,F,AK,CC,D
10:38:14,JSMR,RG,3460,30,F,BK,CC,F
10:38:14,JSMR,RG,3460,1,D,YP,CC,F
10:38:14,JSMR,RG,3460,3,D,CC,CC,F
10:38:14,JSMR,RG,3460,45,F,BK,CC,F
10:38:14,JSMR,RG,3460,23,D,SQ,CC,F
10:37:55,JSMR,RG,3460,7,D,SQ,CC,F
10:37:35,JSMR,RG,3470,5,D,DR,YU,D
10:36:08,JSMR,RG,3470,1,D,PD,ZP,F
10:35:56,JSMR,RG,3460,20,D,SQ,YP,D
10:35:56,JSMR,RG,3460,1,D,CC,YP,D
10:35:56,JSMR,RG,3460,9,F,BK,YP,D
10:34:57,JSMR,RG,3460,10,F,BK,YU,D
10:34:48,JSMR,RG,3470,35,F,BK,CC,F
10:34:48,JSMR,RG,3470,56,D,KZ,CC,F
10:34:48,JSMR,RG,3470,12,D,KZ,BK,F
10:34:48,JSMR,RG,3470,4,D,KZ,DH,D
10:34:48,JSMR,RG,3470,14,D,KZ,PD,D
10:34:48,JSMR,RG,3470,2,D,KZ,DR,D
10:34:48,JSMR,RG,3470,5,D,KZ,YP,D
10:34:48,JSMR,RG,3470,25,D,KZ,SQ,D
10:34:48,JSMR,RG,3470,8,D,KZ,KK,D
10:34:48,JSMR,RG,3470,3,D,KZ,NI,D
10:34:43,JSMR,RG,3470,50,D,KZ,YP,D
10:34:43,JSMR,RG,3470,35,D,KZ,DX,F
10:34:43,JSMR,RG,3470,2,D,KZ,XC,D
10:34:43,JSMR,RG,3470,5,D,KZ,XA,D
10:34:43,JSMR,RG,3470,1,D,KZ,KK,D
10:34:43,JSMR,RG,3470,20,D,KZ,YP,D
10:34:43,JSMR,RG,3470,19,D,KZ,BK,F
10:34:43,JSMR,RG,3470,5,D,KZ,PD,D
10:34:43,JSMR,RG,3470,6,D,KZ,DH,D
10:34:43,JSMR,RG,3470,1,D,KZ,YJ,D
10:34:27,JSMR,RG,3460,2,D,KZ,XC,D
10:33:28,JSMR,RG,3460,14,D,KZ,PD,D
10:32:43,JSMR,RG,3470,1,D,XC,YJ,D
10:31:41,JSMR,RG,3470,1,D,XC,YJ,D
10:31:25,JSMR,RG,3470,1,D,YP,YJ,D
10:31:07,JSMR,RG,3470,16,D,PD,YJ,D
10:31:07,JSMR,RG,3470,14,D,PD,BK,F
10:29:11,JSMR,RG,3470,1,D,DH,BK,F
10:28:55,JSMR,RG,3460,10,D,KZ,YP,D
10:28:44,JSMR,RG,3460,1,D,KZ,PD,D
10:28:16,JSMR,RG,3460,10,D,KZ,PD,D
10:27:53,JSMR,RG,3460,11,D,KZ,CC,F
10:27:53,JSMR,RG,3460,17,D,KZ,BK,F
10:27:53,JSMR,RG,3460,34,D,KZ,DX,F
10:27:53,JSMR,RG,3460,9,D,KZ,SQ,D
10:27:51,JSMR,RG,3460,2,D,EP,SQ,D
10:24:22,JSMR,RG,3460,11,F,BK,SQ,D
10:24:22,JSMR,RG,3460,3,D,CC,SQ,D
10:24:14,JSMR,RG,3460,7,D,CC,YP,D
10:23:31,JSMR,RG,3460,33,F,BK,CC,F
10:23:31,JSMR,RG,3460,14,D,KZ,CC,F
10:23:24,JSMR,RG,3460,47,D,KZ,CC,F
10:23:23,JSMR,RG,3460,20,D,KZ,PD,D
10:23:17,JSMR,RG,3460,15,D,KZ,CC,F
10:23:17,JSMR,RG,3460,35,D,YP,CC,F
10:23:17,JSMR,RG,3460,81,F,BK,CC,F
10:23:17,JSMR,RG,3460,1,D,PD,CC,F
10:23:17,JSMR,RG,3460,1,D,XC,CC,F
10:23:17,JSMR,RG,3460,9,D,CC,CC,F
10:22:07,JSMR,RG,3460,1,D,CC,CC,F
10:22:07,JSMR,RG,3460,2,D,AN,CC,F
10:22:07,JSMR,RG,3460,41,F,BK,CC,F
10:22:07,JSMR,RG,3460,8,D,SQ,CC,F
10:22:07,JSMR,RG,3460,99,D,KZ,CC,F
10:22:07,JSMR,RG,3460,1,D,PD,CC,F
10:22:07,JSMR,RG,3460,5,D,YB,CC,F
10:22:07,JSMR,RG,3460,31,F,BK,CC,F
10:22:04,JSMR,RG,3460,5,F,BK,BQ,D
10:22:04,JSMR,RG,3460,5,D,YP,BQ,D
10:22:00,JSMR,RG,3460,2,D,YP,BQ,D
10:22:00,JSMR,RG,3460,4,D,SQ,BQ,D
10:22:00,JSMR,RG,3460,1,D,YP,BQ,D
10:22:00,JSMR,RG,3460,3,D,YP,BQ,D
10:21:57,JSMR,RG,3460,10,D,YP,BQ,D
10:21:53,JSMR,RG,3460,12,D,YP,BQ,D
10:21:53,JSMR,RG,3460,7,D,KZ,BQ,D
10:21:53,JSMR,RG,3460,1,D,OD,BQ,D
10:21:52,JSMR,RG,3460,18,D,OD,CC,F
10:21:37,JSMR,RG,3470,5,D,GR,BK,F
10:20:38,JSMR,RG,3470,6,D,KZ,BK,F
10:20:38,JSMR,RG,3470,91,D,KZ,CC,D
10:20:06,JSMR,RG,3460,1,D,OD,KK,D
10:18:30,JSMR,RG,3470,2,D,CC,CC,D
10:17:54,JSMR,RG,3470,2,D,YP,CC,D
10:17:03,JSMR,RG,3470,5,D,KZ,CC,D
10:17:03,JSMR,RG,3470,6,D,KZ,DH,D
10:17:03,JSMR,RG,3470,22,D,KZ,BK,F
10:17:03,JSMR,RG,3470,30,D,KZ,BK,F
10:17:03,JSMR,RG,3470,17,D,KZ,CC,F
10:16:23,JSMR,RG,3460,2,D,OD,YP,D
10:14:57,JSMR,RG,3460,3,D,OD,KK,D
10:14:57,JSMR,RG,3460,10,D,PD,KK,D
10:14:57,JSMR,RG,3460,1,F,BK,KK,D
10:14:33,JSMR,RG,3470,65,D,KZ,CC,F
10:14:28,JSMR,RG,3470,150,D,LG,CC,F
10:13:58,JSMR,RG,3470,4,D,NI,CC,F
10:13:58,JSMR,RG,3470,4,D,NI,PD,D
10:13:43,JSMR,RG,3460,2,F,BK,RO,D
10:13:38,JSMR,RG,3460,5,F,BK,PD,D
10:13:24,JSMR,RG,3460,1,F,BK,PD,D
10:12:56,JSMR,RG,3460,2,F,BK,PD,D
10:12:56,JSMR,RG,3460,3,D,CC,PD,D
10:12:22,JSMR,RG,3460,7,D,CC,DH,D
10:11:12,JSMR,RG,3470,1,D,YP,PD,D
10:11:11,JSMR,RG,3460,6,D,CC,DH,D
10:10:43,JSMR,RG,3460,2,D,CC,DH,D
10:10:13,JSMR,RG,3460,1,D,CC,NI,D
10:07:47,JSMR,RG,3460,6,D,CC,DH,D
10:07:47,JSMR,RG,3460,15,F,BK,DH,D
10:07:47,JSMR,RG,3460,8,D,SQ,DH,D
10:07:20,JSMR,RG,3470,1,F,ZP,DH,D
10:07:19,JSMR,RG,3470,1,D,PD,DH,D
10:06:44,JSMR,RG,3470,25,D,YP,CC,D
10:06:44,JSMR,RG,3470,87,F,BK,CC,D
10:06:44,JSMR,RG,3470,39,F,AK,CC,D
10:06:44,JSMR,RG,3470,25,D,OD,CC,D
10:06:44,JSMR,RG,3470,105,D,KZ,CC,D
10:06:44,JSMR,RG,3470,10,F,BK,CC,D
10:06:44,JSMR,RG,3470,9,D,CC,CC,D
10:05:06,JSMR,RG,3470,4,D,CC,PD,D
10:05:00,JSMR,RG,3480,15,D,KZ,BK,F
10:05:00,JSMR,RG,3480,30,D,KZ,PD,D
10:05:00,JSMR,RG,3480,31,D,KZ,DX,F
10:05:00,JSMR,RG,3480,1,D,KZ,NI,D
10:05:00,JSMR,RG,3480,20,D,KZ,YP,D
10:05:00,JSMR,RG,3480,2,D,KZ,YP,D
10:05:00,JSMR,RG,3480,5,D,KZ,BK,F
10:05:00,JSMR,RG,3480,10,D,KZ,BK,F
10:05:00,JSMR,RG,3480,28,D,KZ,XA,D
10:05:00,JSMR,RG,3480,25,D,KZ,NI,D
10:05:00,JSMR,RG,3480,1,D,KZ,XC,D
10:05:00,JSMR,RG,3480,50,D,KZ,YP,D
10:05:00,JSMR,RG,3480,4,D,KZ,EP,D
10:05:00,JSMR,RG,3480,3,D,KZ,XC,D
10:05:00,JSMR,RG,3480,1,D,KZ,XC,D
10:05:00,JSMR,RG,3480,32,D,KZ,YP,D
10:04:37,JSMR,RG,3470,12,D,CC,YP,D
10:04:37,JSMR,RG,3470,1,D,YP,YP,D
10:04:37,JSMR,RG,3470,36,F,BK,YP,D
10:04:37,JSMR,RG,3470,1,D,KZ,YP,D
10:04:12,JSMR,RG,3470,1,D,KZ,XC,D
10:03:11,JSMR,RG,3470,1,D,KZ,SQ,D
10:02:54,JSMR,RG,3470,1,D,KZ,PD,D
10:02:54,JSMR,RG,3470,2,D,KZ,YP,D
10:02:54,JSMR,RG,3470,10,D,KZ,SQ,D
10:02:54,JSMR,RG,3470,15,D,KZ,CC,D
10:02:54,JSMR,RG,3470,2,D,KZ,YP,D
10:02:54,JSMR,RG,3470,10,D,KZ,YB,D
10:02:54,JSMR,RG,3470,3,D,KZ,DH,D
10:02:54,JSMR,RG,3470,2,D,KZ,CC,F
10:02:54,JSMR,RG,3470,1,D,KZ,PD,D
10:02:54,JSMR,RG,3470,32,D,KZ,BK,F
10:02:46,JSMR,RG,3470,7,D,DH,BK,F
10:02:46,JSMR,RG,3470,8,D,DH,CC,D
10:01:09,JSMR,RG,3470,10,D,CC,CC,D
10:00:37,JSMR,RG,3470,10,D,XC,CC,D
10:00:10,JSMR,RG,3470,20,D,CC,CC,D
9:58:45,JSMR,RG,3470,2,D,SQ,CC,D
9:58:39,JSMR,RG,3470,5,D,SQ,YP,D
9:58:39,JSMR,RG,3470,1,D,PD,YP,D
9:58:39,JSMR,RG,3470,44,F,BK,YP,D
9:58:36,JSMR,RG,3470,4,F,BK,PD,D
9:58:36,JSMR,RG,3470,4,D,KZ,PD,D
9:58:18,JSMR,RG,3470,100,D,KZ,ZP,D
9:57:59,JSMR,RG,3470,2,D,KZ,ZP,D
9:57:50,JSMR,RG,3480,1,D,YP,YP,D
9:56:58,JSMR,RG,3470,1,D,YP,KK,D
9:55:22,JSMR,RG,3460,2,D,NI,PD,D
9:54:37,JSMR,RG,3470,4,F,BK,XC,D
9:54:37,JSMR,RG,3470,1,D,XC,XC,D
9:54:37,JSMR,RG,3470,2,D,CC,XC,D
9:54:04,JSMR,RG,3470,68,D,CC,CC,D
9:54:04,JSMR,RG,3470,5,D,AZ,CC,D
9:54:04,JSMR,RG,3470,83,F,BK,CC,D
9:54:04,JSMR,RG,3470,84,D,KZ,CC,D
9:54:04,JSMR,RG,3470,100,D,PD,CC,D
9:54:01,JSMR,RG,3480,5,D,AZ,YP,D
9:53:23,JSMR,RG,3480,12,D,PD,YP,D
9:53:23,JSMR,RG,3480,2,D,PD,GR,D
9:53:23,JSMR,RG,3480,5,D,PD,PD,D
9:53:23,JSMR,RG,3480,1,D,PD,YP,D
9:52:49,JSMR,RG,3470,1,F,AK,NI,D
9:52:49,JSMR,RG,3470,25,F,AK,BK,F
9:52:49,JSMR,RG,3470,2,F,AK,YP,D
9:52:49,JSMR,RG,3470,2,F,AK,AO,D
9:52:49,JSMR,RG,3470,11,F,AK,BK,F
9:52:49,JSMR,RG,3470,2,F,AK,PD,D
9:52:49,JSMR,RG,3470,34,F,AK,DX,F
9:52:49,JSMR,RG,3470,10,F,AK,PD,D
9:52:49,JSMR,RG,3470,7,F,AK,YP,D
9:52:49,JSMR,RG,3470,4,F,AK,XC,D
9:52:03,JSMR,RG,3460,1,D,NI,CC,D
9:52:03,JSMR,RG,3460,30,D,YP,CC,D
9:52:03,JSMR,RG,3460,4,D,PD,CC,D
9:52:03,JSMR,RG,3460,5,D,CC,CC,D
9:52:03,JSMR,RG,3460,4,D,YP,CC,D
9:52:03,JSMR,RG,3460,81,F,BK,CC,D
9:52:03,JSMR,RG,3460,35,D,KZ,CC,D
9:50:42,JSMR,RG,3460,1,D,KZ,PD,D
9:49:35,JSMR,RG,3470,6,D,PD,XC,D
9:49:15,JSMR,RG,3460,1,D,KZ,NI,D
9:49:04,JSMR,RG,3460,1,D,KZ,LG,D
9:49:04,JSMR,RG,3460,13,D,KZ,BK,F
9:48:52,JSMR,RG,3460,3,D,GR,BK,F
9:48:52,JSMR,RG,3460,4,D,GR,EP,D
9:48:52,JSMR,RG,3460,6,D,GR,YP,D
9:48:52,JSMR,RG,3460,23,D,GR,DX,F
9:48:46,JSMR,RG,3460,12,D,KK,DX,F
9:48:46,JSMR,RG,3460,11,D,KK,BK,F
9:48:46,JSMR,RG,3460,2,D,KK,CC,F
9:48:42,JSMR,RG,3460,5,D,NI,CC,F
9:48:18,JSMR,RG,3460,3,D,AZ,CC,F
9:48:01,JSMR,RG,3450,2,D,KZ,YP,D
9:47:57,JSMR,RG,3450,1,D,KZ,TP,D
9:47:57,JSMR,RG,3450,4,D,XA,TP,D
9:47:56,JSMR,RG,3450,1,D,XA,PD,D
9:47:33,JSMR,RG,3450,5,D,XA,GR,D
9:47:33,JSMR,RG,3450,1,D,KZ,GR,D
9:47:33,JSMR,RG,3450,1,D,KZ,GR,D
9:47:33,JSMR,RG,3450,3,D,KZ,GR,D
9:47:33,JSMR,RG,3450,2,D,KZ,GR,D
9:47:33,JSMR,RG,3450,14,D,KZ,GR,D
9:47:33,JSMR,RG,3450,1,D,KZ,GR,D
9:47:33,JSMR,RG,3450,2,D,KZ,GR,D
9:47:33,JSMR,RG,3450,7,D,PD,GR,D
9:47:33,JSMR,RG,3450,1,D,KZ,GR,D
9:47:33,JSMR,RG,3450,1,D,XC,GR,D
9:47:33,JSMR,RG,3450,1,D,YP,GR,D
9:47:33,JSMR,RG,3450,2,D,KK,GR,D
9:47:33,JSMR,RG,3450,1,D,KZ,GR,D
9:47:33,JSMR,RG,3450,1,D,KZ,GR,D
9:47:33,JSMR,RG,3450,5,D,KZ,GR,D
9:47:33,JSMR,RG,3450,4,D,KZ,GR,D
9:47:33,JSMR,RG,3450,30,F,BK,GR,D
9:47:33,JSMR,RG,3450,4,D,KZ,GR,D
9:47:33,JSMR,RG,3450,4,D,KZ,GR,D
9:47:33,JSMR,RG,3450,15,D,KZ,GR,D
9:47:33,JSMR,RG,3450,13,D,KZ,GR,D
9:47:33,JSMR,RG,3450,5,D,PD,GR,D
9:47:33,JSMR,RG,3450,20,D,CC,GR,D
9:47:33,JSMR,RG,3450,56,F,BK,GR,D
9:47:31,JSMR,RG,3460,5,D,HP,CC,F
9:47:22,JSMR,RG,3460,1,D,YP,CC,F
9:46:21,JSMR,RG,3460,5,D,YB,CC,F
9:45:53,JSMR,RG,3460,32,F,AK,BK,F
9:45:53,JSMR,RG,3460,5,F,AK,CC,D
9:45:49,JSMR,RG,3460,5,D,CC,CC,D
9:45:49,JSMR,RG,3460,46,D,KZ,CC,D
9:45:49,JSMR,RG,3460,3,D,SQ,CC,D
9:45:49,JSMR,RG,3460,41,D,KZ,CC,D
9:45:49,JSMR,RG,3460,19,D,XC,CC,D
9:45:49,JSMR,RG,3460,6,D,TF,CC,D
9:45:49,JSMR,RG,3460,1,D,YP,CC,D
9:45:49,JSMR,RG,3460,58,F,BK,CC,D
9:45:49,JSMR,RG,3460,163,D,PD,CC,D
9:45:49,JSMR,RG,3460,3,F,BK,CC,D
9:45:48,JSMR,RG,3470,4,D,HP,BK,F
9:45:48,JSMR,RG,3470,11,D,HP,DX,F
9:45:34,JSMR,RG,3470,1,D,XC,DX,F
9:44:56,JSMR,RG,3460,5,F,BK,PD,D
9:44:52,JSMR,RG,3470,2,D,PD,DX,F
9:44:47,JSMR,RG,3460,1,F,BK,YJ,D
9:43:42,JSMR,RG,3460,2,F,BK,PD,D
9:43:15,JSMR,RG,3460,3,F,BK,NI,D
9:42:03,JSMR,RG,3460,4,F,BK,PD,D
9:42:03,JSMR,RG,3460,6,D,LG,PD,D
9:40:48,JSMR,RG,3470,18,F,AK,DX,F
9:40:48,JSMR,RG,3470,3,F,AK,DH,D
9:40:45,JSMR,RG,3460,1,D,LG,DX,D
9:40:43,JSMR,RG,3470,1,D,DH,DH,D
9:40:30,JSMR,RG,3470,1,D,YP,DH,D
9:40:30,JSMR,RG,3470,1,D,CC,DH,D
9:39:31,JSMR,RG,3460,8,D,LG,AI,D
9:39:31,JSMR,RG,3460,1,D,KZ,AI,D
9:39:31,JSMR,RG,3460,2,D,YP,AI,D
9:39:07,JSMR,RG,3470,3,F,BK,AG,D
9:39:07,JSMR,RG,3470,47,D,YP,AG,D
9:38:54,JSMR,RG,3470,1,D,YP,LG,D
9:38:47,JSMR,RG,3470,2,D,YP,DH,D
9:38:47,JSMR,RG,3470,2,D,YP,DH,D
9:38:47,JSMR,RG,3470,1,D,SQ,DH,D
9:38:07,JSMR,RG,3480,5,D,DR,BK,F
9:38:01,JSMR,RG,3470,2,D,SQ,YP,D
9:38:01,JSMR,RG,3470,6,D,XC,YP,D
9:38:01,JSMR,RG,3470,2,F,BK,YP,D
9:37:59,JSMR,RG,3470,13,F,BK,YP,D
9:37:43,JSMR,RG,3470,1,F,BK,EP,D
9:37:43,JSMR,RG,3470,1,D,YP,EP,D
9:37:40,JSMR,RG,3470,5,D,YP,YP,D
9:37:39,JSMR,RG,3470,15,D,YP,NI,D
9:37:29,JSMR,RG,3470,9,D,YP,YU,D
9:37:29,JSMR,RG,3470,1,D,KZ,YU,D
9:37:19,JSMR,RG,3470,9,D,KZ,CC,D
9:37:19,JSMR,RG,3470,10,D,CC,CC,D
9:37:19,JSMR,RG,3470,10,D,CC,CC,D
9:37:06,JSMR,RG,3480,14,F,BK,CC,D
9:37:06,JSMR,RG,3480,1,D,XC,CC,D
9:37:06,JSMR,RG,3480,54,D,KZ,CC,D
9:37:06,JSMR,RG,3480,2,D,YP,CC,D
9:37:01,JSMR,RG,3490,3,D,DH,YP,D
9:37:01,JSMR,RG,3490,2,D,DH,YP,D
9:36:50,JSMR,RG,3490,1,D,XC,YP,D
9:36:39,JSMR,RG,3490,5,D,DH,YP,D
9:36:39,JSMR,RG,3490,1,D,XC,YP,D
9:36:39,JSMR,RG,3490,1,D,XC,YP,D
9:36:39,JSMR,RG,3490,1,F,BK,YP,D
9:36:39,JSMR,RG,3490,14,F,BK,YP,D
9:36:36,JSMR,RG,3490,3,F,BK,NI,D
9:36:28,JSMR,RG,3490,40,F,BK,PD,D
9:36:28,JSMR,RG,3490,2,F,BK,PD,D
9:36:28,JSMR,RG,3490,1,F,BK,PD,D
9:36:26,JSMR,RG,3490,13,F,BK,CC,D
9:36:25,JSMR,RG,3490,10,F,BK,YP,D
9:36:02,JSMR,RG,3490,1,F,BK,CC,D
9:36:02,JSMR,RG,3490,40,F,BK,YP,D
9:35:54,JSMR,RG,3490,4,F,BK,CC,D
9:35:54,JSMR,RG,3500,13,D,KK,XC,D
9:35:54,JSMR,RG,3500,2,D,KK,YP,D
9:35:48,JSMR,RG,3490,22,F,BK,YP,D
9:35:40,JSMR,RG,3490,1,F,BK,CC,D
9:35:27,JSMR,RG,3490,11,F,BK,CC,D
9:35:26,JSMR,RG,3490,2,F,BK,BK,F
9:35:26,JSMR,RG,3490,3,D,KZ,AK,F
9:35:26,JSMR,RG,3490,2,D,KZ,AK,F
9:35:26,JSMR,RG,3490,6,D,KZ,AK,F
9:35:26,JSMR,RG,3490,8,D,KZ,AK,F
9:35:26,JSMR,RG,3490,15,D,KZ,AK,F
9:35:26,JSMR,RG,3490,1,D,KZ,AK,F
9:35:26,JSMR,RG,3490,1,D,KZ,AK,F
9:35:26,JSMR,RG,3490,20,D,KZ,AK,F
9:35:26,JSMR,RG,3490,21,D,KZ,AK,F
9:35:25,JSMR,RG,3500,23,D,AG,YP,D
9:35:25,JSMR,RG,3500,100,D,AG,NI,D
9:35:25,JSMR,RG,3500,1,D,AG,PD,D
9:35:25,JSMR,RG,3500,12,D,AG,BK,F
9:35:25,JSMR,RG,3500,10,D,AG,PD,D
9:35:25,JSMR,RG,3500,54,D,AG,OD,D
9:35:25,JSMR,RG,3490,14,D,KZ,YP,D
9:35:25,JSMR,RG,3490,1,D,KZ,YP,D
9:35:25,JSMR,RG,3490,1,D,KZ,YP,D
9:35:25,JSMR,RG,3490,1,D,KZ,YP,D
9:35:25,JSMR,RG,3490,1,D,KZ,YP,D
9:35:25,JSMR,RG,3490,2,D,YP,YP,D
9:35:13,JSMR,RG,3500,1,D,KK,OD,D
9:35:06,JSMR,RG,3500,5,D,YP,OD,D
9:34:54,JSMR,RG,3500,5,D,DH,OD,D
9:34:47,JSMR,RG,3480,3,D,CC,PD,D
9:34:44,JSMR,RG,3480,14,D,CC,BK,F
9:34:44,JSMR,RG,3480,42,D,BQ,BK,F
9:34:44,JSMR,RG,3480,8,D,BQ,DR,D
9:34:42,JSMR,RG,3470,18,D,KZ,CC,D
9:34:42,JSMR,RG,3470,2,D,YP,CC,D
9:34:38,JSMR,RG,3480,2,D,YP,CC,D
9:34:36,JSMR,RG,3480,2,D,YP,CC,D
9:34:34,JSMR,RG,3470,77,F,AK,BK,F
9:34:33,JSMR,RG,3460,5,D,KZ,SQ,D
9:34:32,JSMR,RG,3470,2,D,YP,BK,F
9:34:30,JSMR,RG,3460,16,D,KZ,PD,D
9:34:30,JSMR,RG,3460,4,D,KZ,PD,D
9:34:28,JSMR,RG,3460,12,D,KZ,BK,F
9:34:28,JSMR,RG,3460,3,D,NI,BK,F
9:34:25,JSMR,RG,3450,14,F,BK,BK,F
9:34:25,JSMR,RG,3450,1,D,KZ,BK,F
9:34:25,JSMR,RG,3450,10,D,KZ,BK,F
9:34:22,JSMR,RG,3450,1,D,KZ,YP,D
9:34:22,JSMR,RG,3450,38,D,KZ,KK,D
9:34:22,JSMR,RG,3450,16,D,KZ,KK,D
9:34:20,JSMR,RG,3450,31,D,KZ,BK,F
9:34:20,JSMR,RG,3450,17,F,BK,BK,F
9:34:20,JSMR,RG,3450,1,D,XC,BK,F
9:34:20,JSMR,RG,3450,3,D,KK,BK,F
9:34:20,JSMR,RG,3450,11,D,YP,BK,F
9:34:20,JSMR,RG,3450,4,D,DR,BK,F
9:34:20,JSMR,RG,3450,45,D,HP,BK,F
9:34:20,JSMR,RG,3450,7,D,SQ,BK,F
9:34:20,JSMR,RG,3450,1,D,XC,BK,F
9:34:20,JSMR,RG,3450,25,D,SQ,BK,F
9:34:16,JSMR,RG,3460,2,D,YP,BK,F
9:34:12,JSMR,RG,3480,1,D,KZ,CC,D
9:34:12,JSMR,RG,3480,1,D,KZ,CC,D
9:34:12,JSMR,RG,3480,3,D,KZ,CC,D
9:34:11,JSMR,RG,3490,1,D,KZ,BK,F
9:34:11,JSMR,RG,3490,1,D,KZ,BK,F
9:34:11,JSMR,RG,3490,1,D,KZ,BK,F
9:34:11,JSMR,RG,3490,1,D,KZ,BK,F
9:34:11,JSMR,RG,3490,1,D,KZ,BK,F
9:34:09,JSMR,RG,3490,2,D,KZ,AK,F
9:34:09,JSMR,RG,3490,1,D,KZ,AK,F
9:34:09,JSMR,RG,3490,6,D,KZ,AK,F
9:34:09,JSMR,RG,3490,5,D,KZ,AK,F
9:34:09,JSMR,RG,3490,12,D,KZ,AK,F
9:34:09,JSMR,RG,3490,15,D,KZ,AK,F
9:34:09,JSMR,RG,3490,63,F,BK,AK,F
9:34:09,JSMR,RG,3490,6,D,KZ,AK,F
9:34:09,JSMR,RG,3490,77,D,KZ,AK,F
9:34:09,JSMR,RG,3490,86,D,KZ,AK,F
9:34:09,JSMR,RG,3490,7,D,KZ,AK,F
9:34:08,JSMR,RG,3500,86,F,BK,AK,F
9:34:08,JSMR,RG,3500,6,D,YP,AK,F
9:34:08,JSMR,RG,3500,8,D,YP,AK,F
9:34:08,JSMR,RG,3500,110,D,KZ,AK,F
9:34:08,JSMR,RG,3500,116,D,KZ,AK,F
9:34:08,JSMR,RG,3500,5,D,KZ,AK,F
9:34:08,JSMR,RG,3500,1,D,XC,AK,F
9:34:08,JSMR,RG,3500,62,D,KZ,AK,F
9:34:08,JSMR,RG,3500,59,D,KZ,AK,F
9:34:08,JSMR,RG,3500,4,D,KZ,AK,F
9:34:08,JSMR,RG,3500,9,D,KZ,AK,F
9:34:08,JSMR,RG,3500,5,D,KZ,AK,F
9:34:08,JSMR,RG,3500,232,D,KZ,AK,F
9:34:08,JSMR,RG,3500,78,D,KZ,AK,F
9:34:08,JSMR,RG,3500,100,D,KZ,GR,D
9:34:07,JSMR,RG,3500,1,D,KZ,PD,D
9:34:06,JSMR,RG,3500,57,D,KZ,YP,D
9:34:06,JSMR,RG,3500,2,D,KZ,YP,D
9:34:06,JSMR,RG,3500,4,D,KZ,YP,D
9:34:06,JSMR,RG,3500,9,D,KZ,YP,D
9:34:06,JSMR,RG,3500,1,D,KZ,YP,D
9:34:06,JSMR,RG,3500,6,D,KZ,YP,D
9:34:06,JSMR,RG,3500,1,D,KZ,YP,D
9:34:06,JSMR,RG,3500,3,D,KZ,YP,D
9:34:06,JSMR,RG,3500,17,F,BK,YP,D
9:34:05,JSMR,RG,3500,20,F,BK,BK,F
9:34:04,JSMR,RG,3500,75,F,BK,PD,D
9:34:00,JSMR,RG,3500,100,F,BK,YU,D
9:34:00,JSMR,RG,3500,15,F,BK,YP,D
9:33:55,JSMR,RG,3510,1,D,YP,BK,F
9:33:44,JSMR,RG,3510,2,D,YP,BK,F
9:33:44,JSMR,RG,3500,23,F,BK,YP,D
9:33:44,JSMR,RG,3500,2,D,KZ,YP,D
9:33:43,JSMR,RG,3500,165,D,KZ,AK,F
9:33:43,JSMR,RG,3510,3,D,PD,BK,F
9:33:36,JSMR,RG,3500,49,D,KZ,AK,F
9:33:36,JSMR,RG,3500,5,D,TP,AK,F
9:33:36,JSMR,RG,3500,221,D,KZ,AK,F
9:33:35,JSMR,RG,3520,9,D,YP,AK,F
9:33:35,JSMR,RG,3520,1,D,YP,YP,D
9:33:35,JSMR,RG,3520,50,D,YP,YP,D
9:33:34,JSMR,RG,3510,11,D,YP,AK,F
9:33:34,JSMR,RG,3510,50,D,YP,AK,F
9:33:34,JSMR,RG,3510,9,D,KZ,AK,F
9:33:34,JSMR,RG,3510,20,F,BK,AK,F
9:33:34,JSMR,RG,3510,10,D,CC,AK,F
9:33:21,JSMR,RG,3520,2,D,YP,AK,F
9:33:21,JSMR,RG,3520,1,D,NI,AK,F
9:33:21,JSMR,RG,3520,212,F,BK,AK,F
9:33:20,JSMR,RG,3520,1,F,BK,PD,D
9:33:18,JSMR,RG,3530,5,F,BK,YP,D
9:33:18,JSMR,RG,3530,12,F,BK,YP,D
9:33:14,JSMR,RG,3530,4,D,KZ,PD,D
9:33:14,JSMR,RG,3530,1,D,KZ,CC,D
9:33:14,JSMR,RG,3530,4,D,KZ,SQ,D
9:33:14,JSMR,RG,3530,15,D,KZ,BK,F
9:33:11,JSMR,RG,3530,12,D,YU,BK,F
9:33:11,JSMR,RG,3530,2,D,YU,XC,D
9:33:11,JSMR,RG,3530,6,D,YU,HP,D
9:33:08,JSMR,RG,3530,10,D,CC,HP,D
9:33:07,JSMR,RG,3530,4,F,BK,HP,D
9:33:07,JSMR,RG,3530,23,F,BK,BK,F
9:33:05,JSMR,RG,3530,15,D,CC,YP,D
9:33:05,JSMR,RG,3530,1,D,CC,CC,D
9:33:05,JSMR,RG,3530,84,D,CC,YP,D
9:33:05,JSMR,RG,3520,5,D,KZ,SQ,D
9:32:59,JSMR,RG,3520,1,D,KZ,XC,D
9:32:59,JSMR,RG,3520,3,D,KZ,SQ,D
9:32:59,JSMR,RG,3520,30,D,KZ,AI,D
9:32:56,JSMR,RG,3530,10,D,TP,YP,D
9:32:56,JSMR,RG,3530,6,F,BK,YP,D
9:32:56,JSMR,RG,3530,10,F,BK,YP,D
9:32:56,JSMR,RG,3530,1,F,BK,YP,D
9:32:50,JSMR,RG,3530,2,F,BK,YP,D
9:32:50,JSMR,RG,3530,19,F,BK,PD,D
9:32:44,JSMR,RG,3530,11,F,BK,PD,D
9:32:44,JSMR,RG,3530,1,F,BK,YP,D
9:32:44,JSMR,RG,3520,80,F,BK,BK,F
9:32:44,JSMR,RG,3520,15,F,BK,KK,D
9:32:44,JSMR,RG,3520,3,F,BK,KK,D
9:32:42,JSMR,RG,3520,1,F,BK,XA,D
9:32:42,JSMR,RG,3520,19,F,BK,XA,D
9:32:42,JSMR,RG,3520,8,F,BK,CC,D
9:32:42,JSMR,RG,3520,50,F,BK,SQ,D
9:32:42,JSMR,RG,3520,20,F,BK,CC,D
9:32:42,JSMR,RG,3520,5,F,BK,LG,D
9:32:42,JSMR,RG,3520,1,F,BK,YP,D
9:32:42,JSMR,RG,3520,1,F,BK,YP,D
9:32:42,JSMR,RG,3520,10,F,BK,AN,D
9:32:42,JSMR,RG,3510,1,F,BK,PD,D
9:32:37,JSMR,RG,3500,7,D,KZ,SQ,D
9:32:35,JSMR,RG,3510,1,F,AK,XC,D
9:32:35,JSMR,RG,3510,5,F,AK,CC,D
9:32:35,JSMR,RG,3510,15,F,AK,CC,D
9:32:35,JSMR,RG,3510,30,F,AK,IP,D
9:32:35,JSMR,RG,3510,10,F,AK,YP,D
9:32:35,JSMR,RG,3510,2,F,AK,CC,D
9:32:35,JSMR,RG,3510,10,F,AK,YP,D
9:32:35,JSMR,RG,3510,1,F,AK,YP,D
9:32:34,JSMR,RG,3500,1,F,AK,CC,D
9:32:34,JSMR,RG,3500,5,F,AK,NI,D
9:32:34,JSMR,RG,3500,125,F,AK,BK,F
9:32:34,JSMR,RG,3500,1,F,AK,OD,D
9:32:34,JSMR,RG,3500,1,F,AK,DH,D
9:32:34,JSMR,RG,3500,1,F,AK,YP,D
9:32:34,JSMR,RG,3500,130,F,AK,YP,D
9:32:33,JSMR,RG,3500,90,F,AK,YP,D
9:32:33,JSMR,RG,3500,29,D,KZ,YP,D
9:32:32,JSMR,RG,3500,143,D,KZ,YP,D
9:32:32,JSMR,RG,3500,1,D,KZ,PD,D
9:32:32,JSMR,RG,3500,6,D,KZ,NI,D
9:32:32,JSMR,RG,3500,1,D,KZ,XC,D
9:32:32,JSMR,RG,3500,66,D,KZ,DR,D
9:32:32,JSMR,RG,3500,1,D,KZ,DR,D
9:32:32,JSMR,RG,3500,8,D,KZ,DR,D
9:32:32,JSMR,RG,3500,10,D,KZ,DR,D
9:32:32,JSMR,RG,3500,22,D,KZ,DR,D
9:32:32,JSMR,RG,3500,14,D,KZ,DR,D
9:32:32,JSMR,RG,3500,3,D,KZ,NI,D
9:32:32,JSMR,RG,3500,1,D,KZ,CC,D
9:32:32,JSMR,RG,3500,1,D,KZ,PD,D
9:32:32,JSMR,RG,3500,18,D,KZ,XC,D
9:32:32,JSMR,RG,3500,15,D,KZ,PD,D
9:32:32,JSMR,RG,3500,12,D,KZ,XA,D
9:32:32,JSMR,RG,3500,2,D,KZ,CC,D
9:32:32,JSMR,RG,3500,5,D,KZ,CC,D
9:32:32,JSMR,RG,3500,2,D,KZ,DR,D
9:32:32,JSMR,RG,3500,25,D,KZ,HD,D
9:32:32,JSMR,RG,3500,1,D,KZ,PD,D
9:32:32,JSMR,RG,3500,20,D,KZ,NI,D
9:32:32,JSMR,RG,3500,5,D,KZ,CC,D
9:32:32,JSMR,RG,3500,2,D,KZ,PD,D
9:32:32,JSMR,RG,3500,3,D,KZ,YB,D
9:32:32,JSMR,RG,3500,5,D,KZ,AO,D
9:32:32,JSMR,RG,3500,115,D,KZ,EP,D
9:32:30,JSMR,RG,3500,32,D,KZ,EP,D
9:32:30,JSMR,RG,3500,75,F,BK,EP,D
9:32:29,JSMR,RG,3500,80,D,KZ,EP,D
9:32:27,JSMR,RG,3500,4,D,KZ,EP,D
9:32:27,JSMR,RG,3500,71,D,KZ,EP,D
9:32:27,JSMR,RG,3500,22,D,KZ,EP,D
9:32:27,JSMR,RG,3500,10,D,KZ,EP,D
9:32:27,JSMR,RG,3500,23,D,KZ,YU,D
9:32:27,JSMR,RG,3500,2,D,KZ,YU,D
9:32:27,JSMR,RG,3500,1,D,KZ,XC,D
9:32:27,JSMR,RG,3500,8,D,KZ,OD,D
9:32:27,JSMR,RG,3500,15,D,KZ,OD,D
9:32:27,JSMR,RG,3500,9,D,KZ,CC,D
9:32:26,JSMR,RG,3500,7,D,KZ,CC,D
9:32:26,JSMR,RG,3500,4,F,BK,CC,D
9:32:26,JSMR,RG,3500,2,F,BK,YP,D
9:32:26,JSMR,RG,3500,2,F,BK,YP,D
9:32:26,JSMR,RG,3500,10,F,BK,CC,D
9:32:26,JSMR,RG,3500,25,F,BK,GR,D
9:32:26,JSMR,RG,3500,5,F,BK,SQ,D
9:32:26,JSMR,RG,3500,25,F,BK,GR,D
9:32:26,JSMR,RG,3500,52,F,BK,YJ,D
9:32:25,JSMR,RG,3500,18,D,KZ,YJ,D
9:32:25,JSMR,RG,3500,25,D,KZ,PD,D
9:32:25,JSMR,RG,3500,1,D,KZ,YP,D
9:32:25,JSMR,RG,3500,10,D,KZ,AZ,D
9:32:25,JSMR,RG,3500,20,D,KZ,EP,D
9:32:25,JSMR,RG,3500,5,D,KZ,EP,D
9:32:25,JSMR,RG,3500,10,D,KZ,AN,D
9:32:23,JSMR,RG,3490,47,D,KZ,AK,F
9:32:22,JSMR,RG,3490,5,D,KZ,KK,D
9:32:22,JSMR,RG,3490,5,D,KZ,PD,D
9:32:22,JSMR,RG,3490,85,D,KZ,BK,F
9:32:22,JSMR,RG,3490,2,D,KZ,PD,D
9:32:22,JSMR,RG,3490,1,D,KZ,YP,D
9:32:22,JSMR,RG,3490,30,D,KZ,YP,D
9:32:22,JSMR,RG,3490,1,D,KZ,CC,D
9:32:22,JSMR,RG,3490,10,D,KZ,XC,D
9:32:22,JSMR,RG,3490,5,D,KZ,XA,D
9:32:22,JSMR,RG,3490,3,D,KZ,PD,D
9:32:22,JSMR,RG,3490,1,D,KZ,PD,D
9:32:22,JSMR,RG,3490,20,D,KZ,PD,D
9:32:22,JSMR,RG,3490,5,D,KZ,HP,D
9:32:22,JSMR,RG,3490,3,D,KZ,EP,D
9:32:22,JSMR,RG,3490,37,D,KZ,EP,D
9:32:22,JSMR,RG,3490,35,D,KZ,EP,D
9:32:22,JSMR,RG,3490,146,D,KZ,EP,D
9:32:22,JSMR,RG,3490,8,D,KZ,EP,D
9:32:22,JSMR,RG,3490,171,D,KZ,EP,D
9:32:22,JSMR,RG,3490,2,D,KZ,NI,D
9:32:22,JSMR,RG,3490,20,D,KZ,NI,D
9:32:22,JSMR,RG,3490,10,D,KZ,SQ,D
9:32:21,JSMR,RG,3490,10,F,BK,SQ,D
9:32:21,JSMR,RG,3490,2,F,BK,CC,D
9:32:21,JSMR,RG,3490,25,F,BK,YP,D
9:32:21,JSMR,RG,3490,5,F,BK,YP,D
9:32:20,JSMR,RG,3490,5,D,KZ,YP,D
9:32:20,JSMR,RG,3490,2,D,KZ,LG,D
9:32:20,JSMR,RG,3490,1,D,KZ,YP,D
9:32:20,JSMR,RG,3490,20,D,KZ,PD,D
9:32:20,JSMR,RG,3490,1,D,KZ,YP,D
9:32:20,JSMR,RG,3490,10,D,KZ,DR,D
9:32:20,JSMR,RG,3490,1,D,KZ,AT,D
9:32:20,JSMR,RG,3490,1,D,KZ,XC,D
9:32:19,JSMR,RG,3480,15,D,KZ,DX,F
9:32:19,JSMR,RG,3480,10,D,KZ,YP,D
9:32:19,JSMR,RG,3480,1,D,KZ,CC,D
9:32:19,JSMR,RG,3480,1,D,KZ,PD,D
9:32:19,JSMR,RG,3480,3,D,KZ,NI,D
9:32:19,JSMR,RG,3480,1,D,KZ,YP,D
9:32:19,JSMR,RG,3480,10,D,KZ,GR,D
9:32:19,JSMR,RG,3480,1,D,KZ,SQ,D
9:32:19,JSMR,RG,3480,1,D,KZ,CC,D
9:32:19,JSMR,RG,3480,10,D,KZ,YP,D
9:32:19,JSMR,RG,3480,1,D,KZ,PD,D
9:32:19,JSMR,RG,3480,3,D,KZ,PD,D
9:32:19,JSMR,RG,3480,28,D,KZ,BK,F
9:32:19,JSMR,RG,3480,97,D,KZ,YP,D
9:32:19,JSMR,RG,3480,3,D,KZ,YP,D
9:32:19,JSMR,RG,3480,5,D,KZ,YP,D
9:32:19,JSMR,RG,3480,20,D,KZ,CC,D
9:32:19,JSMR,RG,3480,6,D,KZ,CC,D
9:32:19,JSMR,RG,3480,3,D,KZ,YP,D
9:32:19,JSMR,RG,3480,6,D,KZ,CC,D
9:32:19,JSMR,RG,3480,1,D,KZ,YP,D
9:32:19,JSMR,RG,3480,10,D,KZ,DR,D
9:32:19,JSMR,RG,3480,3,D,KZ,EP,D
9:32:18,JSMR,RG,3480,7,F,BK,EP,D
9:32:18,JSMR,RG,3480,4,F,BK,DR,D
9:32:17,JSMR,RG,3470,10,F,BK,BK,F
9:32:16,JSMR,RG,3470,1,F,BK,XC,D
9:32:16,JSMR,RG,3470,10,F,BK,XC,D
9:32:16,JSMR,RG,3470,10,F,BK,CC,D
9:32:16,JSMR,RG,3470,11,F,BK,EP,D
9:32:16,JSMR,RG,3470,1,F,BK,NI,D
9:32:16,JSMR,RG,3470,3,F,BK,SQ,D
9:32:16,JSMR,RG,3470,6,F,BK,PD,D
9:32:16,JSMR,RG,3470,1,F,BK,YP,D
9:32:16,JSMR,RG,3470,55,F,BK,DH,D
9:32:16,JSMR,RG,3470,12,D,KZ,DH,D
9:32:15,JSMR,RG,3470,5,D,KZ,DH,D
9:32:15,JSMR,RG,3470,2,D,KZ,NI,D
9:32:15,JSMR,RG,3470,3,D,KZ,PD,D
9:32:15,JSMR,RG,3470,27,D,KZ,BK,F
9:32:14,JSMR,RG,3470,1,D,KZ,BK,F
9:32:14,JSMR,RG,3470,86,D,KZ,PD,D
9:32:12,JSMR,RG,3460,1,D,KZ,NI,D
9:32:12,JSMR,RG,3460,20,D,KZ,PD,D
9:32:12,JSMR,RG,3460,1,D,KZ,CC,D
9:32:12,JSMR,RG,3460,5,D,KZ,PD,D
9:32:12,JSMR,RG,3460,20,D,KZ,BK,F
9:32:12,JSMR,RG,3460,10,D,KZ,PO,D
9:32:12,JSMR,RG,3460,50,D,KZ,YP,D
9:32:12,JSMR,RG,3460,13,D,KZ,CC,D
9:32:12,JSMR,RG,3460,2,D,KZ,SQ,D
9:32:12,JSMR,RG,3460,3,D,KZ,PD,D
9:32:12,JSMR,RG,3460,4,D,KZ,CC,F
9:32:12,JSMR,RG,3460,1,D,KZ,YP,D
9:32:12,JSMR,RG,3460,2,D,KZ,YP,D
9:32:12,JSMR,RG,3460,16,D,KZ,DX,F
9:32:12,JSMR,RG,3460,1,D,KZ,NI,D
9:32:12,JSMR,RG,3460,17,D,KZ,BK,F
9:31:54,JSMR,RG,3450,1,D,KZ,XC,D
9:31:54,JSMR,RG,3450,3,D,KZ,XC,D
9:31:44,JSMR,RG,3460,1,D,PD,BK,F
9:31:44,JSMR,RG,3460,27,D,YP,BK,F
9:31:44,JSMR,RG,3460,16,D,YP,CC,D
9:31:21,JSMR,RG,3460,2,D,SQ,CC,D
9:30:43,JSMR,RG,3460,1,D,PD,CC,D
9:30:10,JSMR,RG,3450,1,D,KZ,OD,D
9:30:09,JSMR,RG,3460,5,D,TP,CC,D
9:29:57,JSMR,RG,3460,10,D,HP,CC,D
9:29:39,JSMR,RG,3450,2,D,KZ,CC,D
9:29:31,JSMR,RG,3450,1,D,KZ,PD,D
9:29:27,JSMR,RG,3450,15,D,KZ,PD,D
9:29:09,JSMR,RG,3450,10,D,KZ,KK,D
9:28:59,JSMR,RG,3460,63,D,KZ,CC,D
9:27:57,JSMR,RG,3450,1,D,KZ,YP,D
9:27:44,JSMR,RG,3450,3,D,KZ,EP,D
9:27:25,JSMR,RG,3460,1,D,SQ,CC,D
9:27:25,JSMR,RG,3460,1,D,CC,CC,D
9:27:25,JSMR,RG,3460,12,F,BK,CC,D
9:27:25,JSMR,RG,3460,5,D,PD,CC,D
9:27:25,JSMR,RG,3460,9,D,KZ,CC,D
9:26:58,JSMR,RG,3460,2,D,KZ,GR,D
9:26:57,JSMR,RG,3460,1,D,YP,SQ,D
9:26:26,JSMR,RG,3460,4,D,YP,YP,D
9:26:07,JSMR,RG,3470,14,D,YP,PD,D
9:26:02,JSMR,RG,3470,3,D,YP,AK,F
9:26:02,JSMR,RG,3470,4,D,DR,AK,F
9:26:02,JSMR,RG,3470,6,F,BK,AK,F
9:26:00,JSMR,RG,3470,2,F,BK,PD,D
9:25:57,JSMR,RG,3470,90,F,BK,AK,F
9:25:54,JSMR,RG,3470,14,F,BK,DR,D
9:25:54,JSMR,RG,3470,16,D,KZ,DR,D
9:25:46,JSMR,RG,3480,2,D,PD,DR,D
9:25:43,JSMR,RG,3470,2,D,KZ,PD,D
9:25:25,JSMR,RG,3480,3,F,BK,XA,D
9:25:25,JSMR,RG,3480,10,F,BK,AN,D
9:25:25,JSMR,RG,3470,10,D,KZ,YU,D
9:25:24,JSMR,RG,3470,5,D,KZ,CC,D
9:25:24,JSMR,RG,3470,24,D,KZ,BK,F
9:25:24,JSMR,RG,3470,1,D,KZ,CC,D
9:25:21,JSMR,RG,3470,12,F,BK,CC,D
9:25:17,JSMR,RG,3470,26,F,BK,CC,D
9:25:17,JSMR,RG,3470,17,D,HP,CC,D
9:25:13,JSMR,RG,3470,4,F,BK,CC,D
9:25:13,JSMR,RG,3470,50,F,BK,YP,D
9:25:13,JSMR,RG,3470,5,F,BK,MG,D
9:25:13,JSMR,RG,3470,10,F,BK,XA,D
9:25:13,JSMR,RG,3470,1,F,BK,EP,D
9:25:13,JSMR,RG,3470,18,F,BK,YP,D
9:25:13,JSMR,RG,3470,3,F,BK,CC,D
9:25:13,JSMR,RG,3470,10,F,BK,YP,D
9:25:13,JSMR,RG,3470,10,F,BK,YP,D
9:25:13,JSMR,RG,3470,1,F,BK,YP,D
9:25:09,JSMR,RG,3460,1,F,BK,XC,D
9:25:09,JSMR,RG,3460,19,F,BK,BK,F
9:25:09,JSMR,RG,3460,5,F,BK,XA,D
9:25:09,JSMR,RG,3460,1,F,BK,PD,D
9:25:09,JSMR,RG,3460,1,F,AK,PD,D
9:25:09,JSMR,RG,3460,25,F,AK,AZ,D
9:25:09,JSMR,RG,3460,5,F,AK,PD,D
9:25:09,JSMR,RG,3460,5,F,AK,PD,D
9:25:09,JSMR,RG,3460,5,F,AK,AZ,D
9:25:09,JSMR,RG,3460,5,F,AK,MG,D
9:25:09,JSMR,RG,3460,2,F,AK,AN,D
9:25:09,JSMR,RG,3460,5,F,AK,YP,D
9:25:09,JSMR,RG,3460,5,F,AK,YP,D
9:25:09,JSMR,RG,3460,1,F,AK,YP,D
9:25:09,JSMR,RG,3460,15,F,AK,CC,D
9:25:09,JSMR,RG,3460,17,F,AK,YP,D
9:25:09,JSMR,RG,3460,1,F,AK,LG,D
9:25:09,JSMR,RG,3460,1,F,AK,YP,D
9:25:09,JSMR,RG,3460,30,F,AK,SQ,D
9:25:08,JSMR,RG,3450,10,F,AK,CC,D
9:25:07,JSMR,RG,3450,42,F,AK,BK,F
9:25:07,JSMR,RG,3450,2,F,AK,DR,D
9:25:07,JSMR,RG,3450,1,F,AK,CC,D
9:25:07,JSMR,RG,3450,27,F,AK,BK,F
9:25:07,JSMR,RG,3450,29,F,AK,YP,D
9:25:07,JSMR,RG,3450,93,F,AK,YP,D
9:25:07,JSMR,RG,3450,58,F,BK,YP,D
9:25:07,JSMR,RG,3450,123,F,AK,YP,D
9:25:07,JSMR,RG,3450,88,D,KZ,YP,D
9:25:07,JSMR,RG,3450,85,D,KZ,YP,D
9:25:06,JSMR,RG,3450,11,D,KZ,YP,D
9:25:06,JSMR,RG,3450,2,D,KZ,CC,D
9:25:06,JSMR,RG,3450,2,D,KZ,OD,D
9:25:06,JSMR,RG,3450,70,D,KZ,BK,F
9:25:06,JSMR,RG,3450,32,D,CC,BK,F
9:25:06,JSMR,RG,3450,3,D,DR,BK,F
9:25:06,JSMR,RG,3450,1,D,DR,PD,D
9:25:06,JSMR,RG,3450,1,F,AK,PD,D
9:25:06,JSMR,RG,3450,2,F,AK,XC,D
9:25:06,JSMR,RG,3450,20,F,AK,DR,D
9:25:06,JSMR,RG,3450,1,F,AK,PD,D
9:25:06,JSMR,RG,3450,5,F,AK,DR,D
9:25:06,JSMR,RG,3450,2,F,AK,YP,D
9:25:06,JSMR,RG,3450,5,F,AK,MG,D
9:25:06,JSMR,RG,3450,25,F,AK,GR,D
9:25:06,JSMR,RG,3450,4,F,AK,DH,D
9:25:06,JSMR,RG,3450,5,F,AK,PD,D
9:25:06,JSMR,RG,3450,1,F,AK,NI,D
9:25:04,JSMR,RG,3450,1,D,KZ,NI,D
9:25:04,JSMR,RG,3450,5,D,KZ,TP,D
9:25:04,JSMR,RG,3450,15,D,KZ,OD,D
9:25:04,JSMR,RG,3450,15,D,KZ,OD,D
9:25:04,JSMR,RG,3450,64,D,KZ,OD,D
9:25:03,JSMR,RG,3450,6,D,KZ,OD,D
9:25:03,JSMR,RG,3450,35,D,KZ,PD,D
9:25:03,JSMR,RG,3450,41,D,KZ,PD,D
9:25:03,JSMR,RG,3450,24,F,BK,PD,D
9:25:03,JSMR,RG,3450,10,F,BK,CC,D
9:25:02,JSMR,RG,3450,4,D,KZ,CC,D
9:25:02,JSMR,RG,3450,6,D,KZ,CC,D
9:25:02,JSMR,RG,3450,1,D,KZ,PD,D
9:25:02,JSMR,RG,3450,4,D,KZ,OD,D
9:25:02,JSMR,RG,3450,6,D,KZ,OD,D
9:25:02,JSMR,RG,3450,1,D,KZ,AN,D
9:25:02,JSMR,RG,3450,1,D,KZ,AN,D
9:25:02,JSMR,RG,3450,2,D,KZ,NI,D
9:25:02,JSMR,RG,3450,14,D,KZ,NI,D
9:25:01,JSMR,RG,3450,14,D,KZ,NI,D
9:25:01,JSMR,RG,3450,1,D,KZ,NI,D
9:25:01,JSMR,RG,3450,12,D,KZ,NI,D
9:25:01,JSMR,RG,3450,20,D,KZ,YP,D
9:25:01,JSMR,RG,3450,34,D,KZ,YP,D
9:25:01,JSMR,RG,3450,34,D,KZ,YP,D
9:25:00,JSMR,RG,3450,30,F,BK,YP,D
9:24:59,JSMR,RG,3450,3,D,KZ,YP,D
9:24:59,JSMR,RG,3450,7,D,KZ,YP,D
9:24:59,JSMR,RG,3450,7,D,KZ,YP,D
9:24:58,JSMR,RG,3450,7,D,KZ,YP,D
9:24:58,JSMR,RG,3450,2,D,KZ,YP,D
9:24:58,JSMR,RG,3450,1,D,KZ,YP,D
9:24:58,JSMR,RG,3450,10,D,KZ,CC,D
9:24:58,JSMR,RG,3450,2,D,KZ,DH,D
9:24:58,JSMR,RG,3450,9,D,KZ,CC,D
9:24:58,JSMR,RG,3450,8,D,KZ,GR,D
9:24:58,JSMR,RG,3450,17,D,KZ,GR,D
9:24:58,JSMR,RG,3450,15,D,KZ,AZ,D
9:24:57,JSMR,RG,3450,10,D,KZ,AZ,D
9:24:57,JSMR,RG,3450,22,D,KZ,CC,D
9:24:57,JSMR,RG,3450,12,F,BK,CC,D
9:24:57,JSMR,RG,3450,33,D,KZ,CC,D
9:24:57,JSMR,RG,3450,33,D,KZ,CC,D
9:24:57,JSMR,RG,3450,19,D,KZ,CC,D
9:24:55,JSMR,RG,3450,2,D,KZ,CC,D
9:24:55,JSMR,RG,3450,3,D,KZ,CC,D
9:24:55,JSMR,RG,3450,1,D,KZ,CC,D
9:24:55,JSMR,RG,3450,1,D,KZ,PD,D
9:24:55,JSMR,RG,3450,1,D,KZ,YP,D
9:24:55,JSMR,RG,3450,7,D,KZ,YP,D
9:24:55,JSMR,RG,3450,6,D,KZ,YP,D
9:24:54,JSMR,RG,3450,6,D,KZ,YP,D
9:24:53,JSMR,RG,3450,1,F,BK,YP,D
9:24:53,JSMR,RG,3450,10,F,BK,AN,D
9:24:52,JSMR,RG,3440,4,D,KZ,BK,F
9:24:51,JSMR,RG,3440,13,F,BK,BK,F
9:24:51,JSMR,RG,3440,1,F,BK,CD,D
9:24:51,JSMR,RG,3440,1,F,BK,GR,D
9:24:51,JSMR,RG,3440,5,F,BK,MG,D
9:24:51,JSMR,RG,3440,1,F,BK,PD,D
9:24:51,JSMR,RG,3440,7,F,BK,CC,D
9:24:50,JSMR,RG,3440,1,D,KZ,CC,D
9:24:50,JSMR,RG,3440,1,D,KZ,EP,D
9:24:50,JSMR,RG,3440,3,D,KZ,CC,D
9:24:50,JSMR,RG,3440,1,D,KZ,YP,D
9:24:50,JSMR,RG,3440,4,D,KZ,YP,D
9:24:50,JSMR,RG,3440,4,D,KZ,YP,D
9:24:49,JSMR,RG,3440,6,D,KZ,YP,D
9:24:49,JSMR,RG,3440,7,D,KZ,PD,D
9:24:49,JSMR,RG,3440,26,D,KZ,PD,D
9:24:49,JSMR,RG,3440,9,D,KZ,PD,D
9:24:49,JSMR,RG,3440,9,D,KZ,PD,D
9:24:49,JSMR,RG,3440,6,D,PD,PD,D
9:24:49,JSMR,RG,3440,3,D,PD,OK,D
9:24:48,JSMR,RG,3440,20,D,KZ,OK,D
9:24:48,JSMR,RG,3440,7,D,KZ,OK,D
9:24:48,JSMR,RG,3440,8,D,KZ,YP,D
9:24:48,JSMR,RG,3440,2,D,KZ,AN,D
9:24:48,JSMR,RG,3440,1,D,KZ,YP,D
9:24:48,JSMR,RG,3440,2,D,KZ,DR,D
9:24:46,JSMR,RG,3430,2,D,KZ,NI,D
9:24:46,JSMR,RG,3430,12,D,KZ,BK,F
9:24:46,JSMR,RG,3430,1,D,KZ,PD,D
9:24:46,JSMR,RG,3430,1,D,KZ,NI,D
9:24:46,JSMR,RG,3430,9,D,KZ,NI,D
9:24:46,JSMR,RG,3430,11,D,KZ,TP,D
9:24:46,JSMR,RG,3430,9,D,KZ,TP,D
9:24:46,JSMR,RG,3430,11,D,KZ,TP,D
9:24:46,JSMR,RG,3430,9,F,BK,TP,D
9:24:46,JSMR,RG,3430,1,F,BK,CC,D
9:24:46,JSMR,RG,3430,1,F,BK,PD,D
9:24:44,JSMR,RG,3430,1,D,KZ,PD,D
9:24:44,JSMR,RG,3430,1,D,KZ,XC,D
9:24:44,JSMR,RG,3430,1,D,KZ,YP,D
9:24:44,JSMR,RG,3430,1,D,KZ,YP,D
9:24:44,JSMR,RG,3430,2,D,KZ,BK,F
9:24:44,JSMR,RG,3430,3,D,KZ,BK,F
9:24:44,JSMR,RG,3430,20,D,KZ,BK,F
9:24:44,JSMR,RG,3430,1,D,KZ,YP,D
9:24:44,JSMR,RG,3430,5,D,KZ,MG,D
9:24:44,JSMR,RG,3430,1,D,KZ,PD,D
9:24:44,JSMR,RG,3430,10,D,KZ,DH,D
9:24:44,JSMR,RG,3430,5,D,KZ,NI,D
9:24:44,JSMR,RG,3430,7,D,KZ,CC,D
9:24:24,JSMR,RG,3430,10,D,YP,CC,D
9:24:16,JSMR,RG,3430,10,F,BK,CC,D
9:24:14,JSMR,RG,3430,1,D,YP,CC,D
9:24:12,JSMR,RG,3430,12,F,BK,CC,D
9:24:12,JSMR,RG,3430,1,F,BK,EP,D
9:24:12,JSMR,RG,3430,1,F,BK,YP,D
9:24:09,JSMR,RG,3430,29,D,KZ,YP,D
9:24:09,JSMR,RG,3430,15,D,KZ,YP,D
9:24:09,JSMR,RG,3430,3,D,KZ,SQ,D
9:24:09,JSMR,RG,3430,9,D,KZ,YP,D
9:24:07,JSMR,RG,3430,1,F,BK,YP,D
9:24:07,JSMR,RG,3430,10,F,BK,PD,D
9:24:07,JSMR,RG,3430,25,F,BK,PD,D
9:24:03,JSMR,RG,3420,16,F,AK,DX,F
9:24:03,JSMR,RG,3420,40,F,AK,DX,F
9:24:03,JSMR,RG,3420,5,F,AK,CC,D
9:24:03,JSMR,RG,3420,1,F,AK,PD,D
9:24:03,JSMR,RG,3420,20,F,AK,DH,D
9:24:03,JSMR,RG,3420,10,F,AK,GR,D
9:24:03,JSMR,RG,3420,2,F,AK,PD,D
9:24:03,JSMR,RG,3420,38,F,AK,NI,D
9:24:02,JSMR,RG,3420,12,F,BK,NI,D
9:24:02,JSMR,RG,3420,5,F,BK,MG,D
9:24:02,JSMR,RG,3420,10,F,BK,XA,D
9:24:02,JSMR,RG,3420,24,F,BK,BK,F
9:24:02,JSMR,RG,3420,30,F,BK,PD,D
9:24:02,JSMR,RG,3420,1,F,BK,YP,D
9:23:58,JSMR,RG,3410,20,F,AK,YP,D
9:23:58,JSMR,RG,3410,31,F,AK,BK,F
9:23:58,JSMR,RG,3410,1,F,AK,XC,D
9:23:58,JSMR,RG,3410,24,F,AK,CC,D
9:23:58,JSMR,RG,3410,176,D,KZ,CC,D
9:23:58,JSMR,RG,3410,16,D,KZ,BK,F
9:23:58,JSMR,RG,3410,15,D,KZ,DX,F
9:23:58,JSMR,RG,3410,30,D,KZ,YP,D
9:23:58,JSMR,RG,3410,20,D,KZ,YP,D
9:23:58,JSMR,RG,3410,1,D,KZ,XC,D
9:23:58,JSMR,RG,3410,10,D,KZ,DH,D
9:23:58,JSMR,RG,3410,10,D,KZ,DX,F
9:23:58,JSMR,RG,3410,22,D,KZ,DX,F
9:23:58,JSMR,RG,3410,3,D,KZ,OD,D
9:23:58,JSMR,RG,3410,2,D,KZ,CC,D
9:23:58,JSMR,RG,3410,1,D,KZ,CC,D
9:23:58,JSMR,RG,3410,5,D,KZ,MG,D
9:23:58,JSMR,RG,3410,100,D,KZ,YP,D
9:23:58,JSMR,RG,3410,2,D,KZ,AI,D
9:23:58,JSMR,RG,3410,30,D,KZ,EP,D
9:23:58,JSMR,RG,3410,32,D,KZ,BK,F
9:23:58,JSMR,RG,3410,3,D,KZ,NI,D
9:23:58,JSMR,RG,3410,3,D,KZ,BK,F
9:23:58,JSMR,RG,3410,18,D,KZ,DR,D
9:23:37,JSMR,RG,3410,4,D,SQ,DR,D
9:21:47,JSMR,RG,3410,4,D,DR,DR,D
9:20:25,JSMR,RG,3400,5,D,XA,PD,D
9:18:43,JSMR,RG,3400,5,D,XA,PD,D
9:18:22,JSMR,RG,3400,3,D,XA,LG,D
9:18:08,JSMR,RG,3400,9,D,XA,LG,D
9:17:00,JSMR,RG,3400,6,D,XA,CC,D
9:17:00,JSMR,RG,3400,34,F,BK,CC,D
9:15:28,JSMR,RG,3400,1,D,YP,OD,D
9:15:26,JSMR,RG,3400,4,D,YP,NI,D
9:15:03,JSMR,RG,3400,12,F,BK,XC,D
9:15:03,JSMR,RG,3400,11,D,PD,XC,D
9:15:01,JSMR,RG,3400,1,D,PD,YP,D
9:14:57,JSMR,RG,3400,12,D,PD,BK,F
9:14:57,JSMR,RG,3400,6,D,PD,EP,D
9:14:10,JSMR,RG,3400,5,D,NI,XC,D
9:14:06,JSMR,RG,3390,4,D,PD,PD,D
9:14:06,JSMR,RG,3390,5,D,AT,PD,D
9:14:06,JSMR,RG,3390,1,D,CC,PD,D
9:13:38,JSMR,RG,3390,2,D,CC,OD,D
9:13:23,JSMR,RG,3400,1,D,XC,XC,D
9:13:01,JSMR,RG,3400,10,F,AK,YP,D
9:13:01,JSMR,RG,3400,37,F,AK,DX,F
9:13:01,JSMR,RG,3400,24,F,AK,BK,F
9:13:00,JSMR,RG,3400,1,D,GR,BK,F
9:12:21,JSMR,RG,3400,3,D,YP,BK,F
9:12:21,JSMR,RG,3400,7,D,YP,YP,D
9:12:15,JSMR,RG,3400,2,D,XC,YP,D
9:10:55,JSMR,RG,3400,1,D,PD,YP,D
9:10:36,JSMR,RG,3410,1,D,YP,DR,D
9:10:17,JSMR,RG,3400,8,D,NI,BK,F
9:10:17,JSMR,RG,3400,2,D,NI,XC,D
9:09:47,JSMR,RG,3400,4,F,BK,ZP,F
9:09:47,JSMR,RG,3400,2,D,AN,ZP,F
9:09:21,JSMR,RG,3410,1,D,GR,DR,D
9:09:15,JSMR,RG,3410,22,D,NI,DR,D
9:09:15,JSMR,RG,3410,19,D,NI,BK,F
9:09:15,JSMR,RG,3410,1,D,NI,YP,D
9:09:15,JSMR,RG,3410,8,D,NI,PD,D
9:09:14,JSMR,RG,3410,6,D,XC,PD,D
9:09:06,JSMR,RG,3410,3,D,DH,PD,D
9:08:45,JSMR,RG,3410,3,D,SQ,PD,D
9:08:45,JSMR,RG,3410,1,D,SQ,YP,D
9:08:31,JSMR,RG,3410,1,D,CC,YP,D
9:08:24,JSMR,RG,3390,1,D,CC,YP,D
9:08:24,JSMR,RG,3390,2,D,KK,YP,D
9:08:24,JSMR,RG,3390,7,D,XC,YP,D
9:08:00,JSMR,RG,3400,9,F,BK,PD,D
9:08:00,JSMR,RG,3400,1,D,XC,PD,D
9:07:44,JSMR,RG,3400,1,D,XC,YP,D
9:07:27,JSMR,RG,3400,1,D,XC,PD,D
9:07:08,JSMR,RG,3400,62,F,BK,PD,D
9:07:08,JSMR,RG,3400,87,D,CC,PD,D
9:06:56,JSMR,RG,3410,3,D,DH,YP,D
9:06:56,JSMR,RG,3410,5,D,DH,AZ,D
9:06:41,JSMR,RG,3400,8,D,CC,PD,D
9:06:35,JSMR,RG,3400,100,D,CC,YP,D
9:06:20,JSMR,RG,3400,5,D,CC,PD,D
9:05:46,JSMR,RG,3400,26,F,BK,NI,D
9:05:46,JSMR,RG,3400,4,D,CC,NI,D
9:05:43,JSMR,RG,3400,10,D,CC,DX,D
9:05:41,JSMR,RG,3400,2,D,CC,YP,D
9:05:41,JSMR,RG,3400,10,D,CC,BK,F
9:05:41,JSMR,RG,3400,1,D,CC,PD,D
9:05:41,JSMR,RG,3400,23,D,CC,DX,F
9:05:24,JSMR,RG,3400,10,D,DH,DX,F
9:05:13,JSMR,RG,3390,3,D,XC,YP,D
9:05:05,JSMR,RG,3400,36,D,DH,DX,F
9:05:05,JSMR,RG,3400,1,D,DH,NI,D
9:05:05,JSMR,RG,3400,12,D,DH,BK,F
9:05:05,JSMR,RG,3400,50,D,DH,OD,D
9:05:05,JSMR,RG,3400,1,D,DH,NI,D
9:04:46,JSMR,RG,3400,10,D,NI,NI,D
9:04:37,JSMR,RG,3400,8,F,BK,PD,D
9:04:37,JSMR,RG,3400,10,D,YU,PD,D
9:04:37,JSMR,RG,3400,7,D,CC,PD,D
9:04:35,JSMR,RG,3410,1,D,PD,DX,F
9:04:11,JSMR,RG,3400,3,D,CC,EP,D
9:04:11,JSMR,RG,3400,2,D,XC,EP,D
9:03:47,JSMR,RG,3410,6,D,XC,DX,F
9:03:47,JSMR,RG,3410,10,D,XC,BK,F
9:03:21,JSMR,RG,3410,1,D,GR,BK,F
9:03:21,JSMR,RG,3410,8,D,GR,EP,D
9:03:14,JSMR,RG,3400,10,D,YP,AK,F
9:03:14,JSMR,RG,3400,5,F,BK,AK,F
9:03:14,JSMR,RG,3400,16,F,BK,AK,F
9:03:14,JSMR,RG,3400,2,D,XC,AK,F
9:03:14,JSMR,RG,3400,1,D,YP,AK,F
9:03:14,JSMR,RG,3400,5,D,AZ,AK,F
9:03:14,JSMR,RG,3400,8,D,PD,AK,F
9:03:06,JSMR,RG,3410,3,D,XC,EP,D
9:03:06,JSMR,RG,3410,1,D,PD,EP,D
9:03:06,JSMR,RG,3410,1,D,YP,EP,D
9:03:06,JSMR,RG,3410,5,D,YP,EP,D
9:03:06,JSMR,RG,3410,2,F,BK,EP,D
9:03:01,JSMR,RG,3410,1,F,BK,YP,D
9:02:52,JSMR,RG,3420,7,D,XC,BK,F
9:02:44,JSMR,RG,3420,4,D,CC,BK,F
9:02:44,JSMR,RG,3420,1,D,CC,IH,D
9:02:23,JSMR,RG,3410,10,F,BK,DX,D
9:02:11,JSMR,RG,3410,2,F,BK,YP,D
9:02:11,JSMR,RG,3410,6,D,YP,YP,D
9:01:43,JSMR,RG,3410,4,D,YP,CC,D
9:01:18,JSMR,RG,3420,3,D,CC,BK,F
9:01:18,JSMR,RG,3420,2,D,CC,YP,D
9:01:00,JSMR,RG,3420,3,F,BK,PD,D
9:01:00,JSMR,RG,3420,2,D,PD,PD,D
9:00:51,JSMR,RG,3430,9,D,XC,PD,D
9:00:16,JSMR,RG,3430,5,D,LG,PD,D
9:00:14,JSMR,RG,3430,25,F,BK,PD,D
9:00:12,JSMR,RG,3430,6,D,DH,PD,D
9:00:11,JSMR,RG,3430,8,D,CC,PD,D
9:00:10,JSMR,RG,3430,2,D,PD,PD,D
9:00:10,JSMR,RG,3430,1,D,PD,PD,D
9:00:10,JSMR,RG,3430,1,D,XC,PD,D
9:00:10,JSMR,RG,3430,18,D,XC,PD,D
9:00:06,JSMR,RG,3430,2,D,XC,PD,D
9:00:06,JSMR,RG,3430,6,D,YP,PD,D
9:00:06,JSMR,RG,3430,4,D,YP,SQ,D
9:00:06,JSMR,RG,3430,5,D,EP,SQ,D
9:00:06,JSMR,RG,3430,11,D,YP,SQ,D
9:00:03,JSMR,RG,3430,5,D,YP,YP,D
9:00:03,JSMR,RG,3430,2,D,YP,AN,D
9:00:02,JSMR,RG,3430,1,D,EP,DH,D
9:00:02,JSMR,RG,3430,1,D,EP,YP,D
9:00:02,JSMR,RG,3430,3,D,EP,YP,D
9:00:02,JSMR,RG,3430,7,D,YP,YP,D
9:00:02,JSMR,RG,3430,1,D,YP,CC,D
9:00:00,JSMR,RG,3430,1,D,EP,CC,D
8:55:00,JSMR,RG,3430,1,F,BK,CC,D
8:55:00,JSMR,RG,3430,1,F,BK,YP,D
8:55:00,JSMR,RG,3430,1,F,BK,YP,D
8:55:00,JSMR,RG,3430,2,F,BK,YP,D
8:55:00,JSMR,RG,3430,8,F,BK,DR,D
8:55:00,JSMR,RG,3430,2,F,ZP,DR,D
8:55:00,JSMR,RG,3430,1,F,ZP,YP,D
8:55:00,JSMR,RG,3430,4,F,ZP,EP,D
8:55:00,JSMR,RG,3430,1,F,ZP,YP,D
8:55:00,JSMR,RG,3430,2,F,ZP,CC,D
8:55:00,JSMR,RG,3430,4,F,ZP,EP,D
8:55:00,JSMR,RG,3430,1,F,ZP,PD,D
8:55:00,JSMR,RG,3430,1,F,ZP,XC,D
8:55:00,JSMR,RG,3430,3,F,ZP,DX,F
8:55:00,JSMR,RG,3430,3,F,ZP,DX,F
8:55:00,JSMR,RG,3430,2,F,ZP,DX,F