Time,Stock,Brd,Price,Qty,BT,BC,SC,ST
15:14:23,JSMR,RG,3950,8,D,YP,ZP,F
15:12:37,JSMR,RG,3950,10,D,YP,ZP,F
15:12:15,JSMR,RG,3950,3,D,EP,ZP,F
15:11:37,JSMR,RG,3950,82,D,YP,ZP,F
15:11:29,JSMR,RG,3950,10,D,YP,ZP,F
15:10:57,JSMR,RG,3950,20,D,NI,ZP,F
15:10:53,JSMR,RG,3950,1,D,CC,ZP,F
15:10:47,JSMR,RG,3950,81,D,NI,ZP,F
15:09:47,JSMR,RG,3950,5,D,YP,ZP,F
15:07:32,JSMR,RG,3950,1,D,KK,ZP,F
15:05:01,JSMR,RG,3950,1,D,YP,ZP,F
15:05:00,JSMR,RG,3950,3,D,YU,ZP,F
15:00:00,JSMR,RG,3950,112,F,CS,ZP,F
15:00:00,JSMR,RG,3950,174,F,CS,OD,D
15:00:00,JSMR,RG,3950,446,F,CS,OD,D
15:00:00,JSMR,RG,3950,380,F,CS,OD,D
15:00:00,JSMR,RG,3950,23,F,CS,XL,D
15:00:00,JSMR,RG,3950,4,F,CS,DR,D
15:00:00,JSMR,RG,3950,1,F,CS,HP,D
15:00:00,JSMR,RG,3950,38,F,CS,YU,F
15:00:00,JSMR,RG,3950,1,D,YP,YU,F
15:00:00,JSMR,RG,3950,1,D,KK,YU,F
15:00:00,JSMR,RG,3950,2,D,YP,YU,F
15:00:00,JSMR,RG,3950,10,D,SQ,YU,F
15:00:00,JSMR,RG,3950,230,D,YP,YU,F
15:00:00,JSMR,RG,3950,1,D,YP,YU,F
15:00:00,JSMR,RG,3950,5,D,CC,YU,F
15:00:00,JSMR,RG,3950,15,D,CC,YU,F
15:00:00,JSMR,RG,3950,10,D,NI,YU,F
15:00:00,JSMR,RG,3950,1,D,DR,YU,F
15:00:00,JSMR,RG,3950,1,D,YP,YU,F
15:00:00,JSMR,RG,3950,10,D,DR,YU,F
15:00:00,JSMR,RG,3950,292,F,CS,YU,F
15:00:00,JSMR,RG,3950,36,F,CS,BK,D
15:00:00,JSMR,RG,3950,10,D,XA,BK,D
15:00:00,JSMR,RG,3950,13,D,AZ,BK,D
15:00:00,JSMR,RG,3950,53,D,NI,BK,D
15:00:00,JSMR,RG,3950,1,D,YP,BK,D
15:00:00,JSMR,RG,3950,5,D,RG,BK,D
15:00:00,JSMR,RG,3950,11,D,YP,BK,D
15:00:00,JSMR,RG,3950,12,D,YP,AK,F
15:00:00,JSMR,RG,3950,9,D,YP,AK,F
15:00:00,JSMR,RG,3950,18,D,YP,KZ,D
15:00:00,JSMR,RG,3950,75,F,ZP,KZ,D
15:00:00,JSMR,RG,3950,4,F,BK,KZ,D
14:49:57,JSMR,RG,3950,1,F,ZP,CS,F
14:49:54,JSMR,RG,3950,1,F,ZP,CS,F
14:49:47,JSMR,RG,3950,3,F,ZP,CS,F
14:49:47,JSMR,RG,3950,3,F,ZP,KK,D
14:49:42,JSMR,RG,3950,1,F,ZP,KK,D
14:49:30,JSMR,RG,3950,1,F,BK,KK,D
14:49:23,JSMR,RG,3950,1,D,KK,KK,D
14:49:22,JSMR,RG,3950,15,F,ZP,KK,D
14:49:12,JSMR,RG,3950,9,F,ZP,KK,D
14:49:12,JSMR,RG,3950,3,F,ZP,KK,D
14:49:02,JSMR,RG,3950,10,D,GR,KK,D
14:49:00,JSMR,RG,3950,1,F,AK,KK,D
14:48:42,JSMR,RG,3950,5,F,ZP,KK,D
14:48:42,JSMR,RG,3950,6,F,ZP,KK,D
14:48:42,JSMR,RG,3950,5,F,ZP,DH,D
14:48:02,JSMR,RG,3940,8,D,NI,YB,D
14:47:59,JSMR,RG,3940,7,D,NI,KZ,D
14:47:59,JSMR,RG,3940,45,D,OD,KZ,D
14:47:46,JSMR,RG,3940,5,D,OD,CS,D
14:47:46,JSMR,RG,3940,10,F,BK,CS,D
14:47:46,JSMR,RG,3940,3,F,BK,CS,D
14:47:46,JSMR,RG,3940,2,D,YP,CS,D
14:47:46,JSMR,RG,3940,2,D,YP,CS,D
14:47:35,JSMR,RG,3940,6,D,YP,CS,D
14:47:35,JSMR,RG,3940,2,F,ZP,CS,D
14:47:35,JSMR,RG,3940,13,F,ZP,CS,D
14:47:35,JSMR,RG,3940,5,F,ZP,CS,D
14:47:20,JSMR,RG,3940,5,F,ZP,YP,D
14:47:20,JSMR,RG,3940,25,D,YP,YP,D
14:47:07,JSMR,RG,3940,9,D,YP,CS,D
14:47:07,JSMR,RG,3940,19,D,YP,CS,D
14:47:07,JSMR,RG,3940,12,D,YP,CS,D
14:47:07,JSMR,RG,3940,7,D,YP,CS,D
14:47:07,JSMR,RG,3940,1,D,YP,CS,D
14:47:07,JSMR,RG,3940,21,D,YP,CS,D
14:47:07,JSMR,RG,3940,19,D,YP,CS,D
14:47:07,JSMR,RG,3940,20,D,YP,CS,D
14:47:07,JSMR,RG,3940,23,D,YP,SQ,D
14:47:07,JSMR,RG,3940,8,D,YP,CS,D
14:47:07,JSMR,RG,3940,15,D,YP,CS,D
14:47:07,JSMR,RG,3940,26,D,YP,CS,D
14:47:07,JSMR,RG,3940,93,D,YP,CC,D
14:46:59,JSMR,RG,3940,1,D,YP,CC,D
14:46:56,JSMR,RG,3930,66,D,PD,CS,D
14:46:35,JSMR,RG,3930,65,D,PD,CS,D
14:46:31,JSMR,RG,3940,200,D,SQ,CC,D
14:46:15,JSMR,RG,3930,101,D,PD,CS,D
14:46:10,JSMR,RG,3940,55,D,XL,CC,D
14:46:08,JSMR,RG,3940,9,D,YP,CC,D
14:45:44,JSMR,RG,3930,102,D,PD,CS,D
14:45:30,JSMR,RG,3940,12,D,DH,CC,D
14:45:28,JSMR,RG,3940,100,D,CC,CC,D
14:45:20,JSMR,RG,3940,2,D,OD,CC,D
14:45:20,JSMR,RG,3940,2,F,ZP,CC,D
14:45:20,JSMR,RG,3940,12,D,YP,CC,D
14:45:20,JSMR,RG,3940,3,F,ZP,CC,D
14:45:20,JSMR,RG,3940,2,F,BK,CC,D
14:45:20,JSMR,RG,3940,4,F,ZP,CC,D
14:45:20,JSMR,RG,3940,3,F,ZP,CC,D
14:45:20,JSMR,RG,3940,163,F,ZP,CC,D
14:45:14,JSMR,RG,3940,10,F,ZP,KZ,D
14:45:10,JSMR,RG,3940,4,F,ZP,KZ,D
14:45:10,JSMR,RG,3940,2,F,ZP,KZ,D
14:45:01,JSMR,RG,3940,6,F,ZP,CS,D
14:45:01,JSMR,RG,3940,6,F,ZP,CS,D
14:45:00,JSMR,RG,3940,7,F,ZP,CS,D
14:45:00,JSMR,RG,3940,7,F,ZP,CS,D
14:45:00,JSMR,RG,3940,6,F,ZP,CS,D
14:45:00,JSMR,RG,3940,8,F,ZP,CS,D
14:45:00,JSMR,RG,3940,2,F,ZP,CS,D
14:45:00,JSMR,RG,3940,10,F,ZP,OD,D
14:45:00,JSMR,RG,3940,12,F,ZP,CS,D
14:45:00,JSMR,RG,3940,7,F,ZP,CS,D
14:45:00,JSMR,RG,3940,7,F,ZP,CS,D
14:45:00,JSMR,RG,3940,3,F,ZP,CS,D
14:45:00,JSMR,RG,3940,9,F,ZP,CS,D
14:45:00,JSMR,RG,3940,16,F,ZP,CS,D
14:45:00,JSMR,RG,3940,215,F,ZP,CS,F
14:45:00,JSMR,RG,3940,5,D,YU,CS,F
14:44:38,JSMR,RG,3930,141,D,PD,CS,D
14:44:37,JSMR,RG,3940,3,D,YP,CS,F
14:44:25,JSMR,RG,3940,1,D,OD,CS,F
14:44:22,JSMR,RG,3940,2,D,YU,CS,F
14:44:21,JSMR,RG,3940,2,D,CC,CS,F
14:44:04,JSMR,RG,3940,2,D,YB,CS,F
14:44:04,JSMR,RG,3940,7,D,YB,CS,D
14:44:04,JSMR,RG,3940,91,D,YB,KZ,D
14:44:01,JSMR,RG,3940,3,D,YP,KZ,D
14:44:01,JSMR,RG,3940,5,D,YP,CS,D
14:44:01,JSMR,RG,3940,1,D,YP,CS,D
14:44:01,JSMR,RG,3940,4,D,YP,CS,D
14:44:01,JSMR,RG,3940,7,D,YP,AK,F
14:43:52,JSMR,RG,3940,1,F,OD,AK,F
14:43:45,JSMR,RG,3930,43,D,PD,CS,D
14:43:45,JSMR,RG,3940,1,F,ZP,AK,F
14:43:45,JSMR,RG,3940,1,F,ZP,AK,F
14:43:45,JSMR,RG,3940,4,D,CS,AK,F
14:43:45,JSMR,RG,3940,6,D,CS,CS,D
14:43:44,JSMR,RG,3940,9,F,ZP,CS,D
14:43:44,JSMR,RG,3940,6,F,ZP,AK,F
14:43:44,JSMR,RG,3940,5,F,ZP,AK,F
14:43:44,JSMR,RG,3940,12,F,ZP,CS,D
14:43:44,JSMR,RG,3940,4,F,ZP,CS,D
14:43:44,JSMR,RG,3940,8,F,ZP,AK,F
14:43:44,JSMR,RG,3940,5,F,ZP,AK,F
14:43:44,JSMR,RG,3940,6,F,ZP,CS,D
14:43:44,JSMR,RG,3940,3,F,ZP,CS,D
14:43:44,JSMR,RG,3940,4,F,ZP,AK,F
14:43:44,JSMR,RG,3940,2,F,ZP,AK,F
14:43:44,JSMR,RG,3940,45,F,ZP,CS,D
14:43:44,JSMR,RG,3940,391,F,ZP,CC,D
14:43:09,JSMR,RG,3940,1,D,NI,CC,D
14:43:08,JSMR,RG,3940,18,D,CS,CC,D
14:43:08,JSMR,RG,3940,14,D,CS,CC,D
14:43:08,JSMR,RG,3940,1,D,YP,CC,D
14:43:08,JSMR,RG,3940,2,D,YP,CC,D
14:43:08,JSMR,RG,3940,3,D,OD,CC,D
14:43:08,JSMR,RG,3940,1,D,CS,CC,D
14:43:08,JSMR,RG,3940,3,D,CS,CC,D
14:43:08,JSMR,RG,3940,6,D,CS,CC,D
14:43:08,JSMR,RG,3940,10,D,CS,CC,D
14:43:08,JSMR,RG,3940,2,D,CS,CC,D
14:43:08,JSMR,RG,3940,40,D,EP,CC,D
14:43:08,JSMR,RG,3940,5,D,CS,CC,D
14:43:08,JSMR,RG,3940,5,D,YP,CC,D
14:43:08,JSMR,RG,3940,1,D,NI,CC,D
14:43:08,JSMR,RG,3940,16,D,CS,CC,D
14:43:08,JSMR,RG,3940,20,F,ZP,CC,D
14:43:08,JSMR,RG,3940,15,D,CS,CC,D
14:43:08,JSMR,RG,3940,16,F,ZP,CC,D
14:43:08,JSMR,RG,3940,50,D,EP,CC,D
14:43:08,JSMR,RG,3940,12,D,CS,CC,D
14:43:08,JSMR,RG,3940,5,D,YP,CC,D
14:43:08,JSMR,RG,3940,10,D,YP,CC,D
14:43:08,JSMR,RG,3940,17,D,CS,CC,D
14:43:08,JSMR,RG,3940,2,D,CC,CC,D
14:43:08,JSMR,RG,3940,10,D,GR,CC,D
14:43:08,JSMR,RG,3940,1,D,YP,CC,D
14:43:08,JSMR,RG,3940,1,D,YP,CC,D
14:43:08,JSMR,RG,3940,20,D,CS,CC,D
14:43:08,JSMR,RG,3940,85,D,YP,CC,D
14:43:08,JSMR,RG,3940,15,D,CS,CC,D
14:43:08,JSMR,RG,3940,19,F,ZP,CC,D
14:43:08,JSMR,RG,3940,30,F,ZP,CC,D
14:43:08,JSMR,RG,3940,14,F,ZP,CC,D
14:43:08,JSMR,RG,3940,7,F,ZP,CC,D
14:43:08,JSMR,RG,3940,332,F,ZP,CC,D
14:43:06,JSMR,RG,3940,13,F,ZP,KK,D
14:42:54,JSMR,RG,3940,12,F,ZP,KK,D
14:42:46,JSMR,RG,3940,54,F,ZP,CS,D
14:42:26,JSMR,RG,3950,3,D,OD,CC,D
14:42:25,JSMR,RG,3940,80,F,ZP,CS,D
14:42:14,JSMR,RG,3940,9,F,ZP,KZ,D
14:42:14,JSMR,RG,3940,10,D,CC,KZ,D
14:42:14,JSMR,RG,3940,6,D,KK,KZ,D
14:42:14,JSMR,RG,3940,2,D,YP,KZ,D
14:42:14,JSMR,RG,3940,14,D,CC,KZ,D
14:42:14,JSMR,RG,3940,1,D,SQ,KZ,D
14:42:14,JSMR,RG,3940,38,D,YP,KZ,D
14:42:09,JSMR,RG,3940,8,D,YP,KZ,D
14:42:06,JSMR,RG,3940,54,D,YP,YP,D
14:42:06,JSMR,RG,3940,5,D,OD,YP,D
14:42:06,JSMR,RG,3940,10,D,KK,YP,D
14:42:06,JSMR,RG,3940,2,D,XL,YP,D
14:42:06,JSMR,RG,3940,5,D,OD,YP,D
14:42:06,JSMR,RG,3940,1,D,CC,YP,D
14:42:06,JSMR,RG,3940,8,D,XC,YP,D
14:42:06,JSMR,RG,3940,1,D,KK,YP,D
14:42:06,JSMR,RG,3940,1,D,XL,YP,D
14:42:06,JSMR,RG,3940,1,D,KK,YP,D
14:42:06,JSMR,RG,3940,30,D,SQ,YP,D
14:42:06,JSMR,RG,3940,5,D,SQ,YP,D
14:42:06,JSMR,RG,3940,3,D,SQ,YP,D
14:42:06,JSMR,RG,3940,1,D,YP,YP,D
14:42:06,JSMR,RG,3940,3,D,NI,YP,D
14:42:06,JSMR,RG,3940,2,D,PD,YP,D
14:42:06,JSMR,RG,3940,5,D,YP,YP,D
14:42:06,JSMR,RG,3940,1,D,GR,YP,D
14:42:06,JSMR,RG,3940,2,D,XC,YP,D
14:42:06,JSMR,RG,3940,10,D,PD,YP,D
14:42:06,JSMR,RG,3940,100,D,EP,YP,D
14:42:06,JSMR,RG,3940,1,D,CC,YP,D
14:42:06,JSMR,RG,3940,2,D,KK,YP,D
14:42:06,JSMR,RG,3940,6,D,YP,YP,D
14:42:06,JSMR,RG,3940,7,D,NI,YP,D
14:42:06,JSMR,RG,3940,1,D,XC,YP,D
14:42:06,JSMR,RG,3940,1,D,YP,YP,D
14:42:06,JSMR,RG,3940,10,D,DR,YP,D
14:42:06,JSMR,RG,3940,5,D,CC,YP,D
14:42:06,JSMR,RG,3940,15,D,YP,YP,D
14:42:06,JSMR,RG,3940,2,D,YP,YP,D
14:42:06,JSMR,RG,3940,1,D,BQ,YP,D
14:42:06,JSMR,RG,3940,5,D,NI,YP,D
14:42:06,JSMR,RG,3940,1,D,AZ,YP,D
14:42:06,JSMR,RG,3940,1,D,YP,YP,D
14:42:06,JSMR,RG,3940,10,D,SQ,YP,D
14:42:06,JSMR,RG,3940,10,D,NI,YP,D
14:42:06,JSMR,RG,3940,1,D,YP,YP,D
14:42:06,JSMR,RG,3940,5,D,PD,YP,D
14:42:06,JSMR,RG,3940,2,D,CC,YP,D
14:42:06,JSMR,RG,3940,20,D,NI,YP,D
14:42:06,JSMR,RG,3940,2,D,PD,YP,D
14:42:06,JSMR,RG,3940,1,D,PD,YP,D
14:42:06,JSMR,RG,3940,5,D,NI,YP,D
14:42:06,JSMR,RG,3940,8,D,NI,YP,D
14:42:06,JSMR,RG,3940,10,D,PD,YP,D
14:42:06,JSMR,RG,3940,3,D,PD,YP,D
14:42:06,JSMR,RG,3940,3,D,PD,YP,D
14:42:06,JSMR,RG,3940,1,D,YP,YP,D
14:42:06,JSMR,RG,3940,1311,F,LG,YP,D
14:41:54,JSMR,RG,3940,127,F,LG,CS,D
14:41:38,JSMR,RG,3950,13,D,OD,CC,D
14:41:12,JSMR,RG,3950,100,D,EP,CC,D
14:41:04,JSMR,RG,3940,62,F,LG,CS,D
14:41:04,JSMR,RG,3940,2,D,HP,CS,D
14:41:04,JSMR,RG,3940,68,D,PD,CS,D
14:40:54,JSMR,RG,3950,1,D,XC,CC,D
14:40:13,JSMR,RG,3940,129,D,PD,CS,D
14:39:51,JSMR,RG,3950,15,D,GR,CC,D
14:39:47,JSMR,RG,3940,25,D,PD,GR,D
14:39:45,JSMR,RG,3940,31,D,PD,AK,F
14:39:45,JSMR,RG,3940,2,D,PD,AK,F
14:39:42,JSMR,RG,3950,7,D,XC,CC,D
14:39:25,JSMR,RG,3950,1,D,YP,CC,D
14:39:13,JSMR,RG,3940,3,D,PD,CS,D
14:39:13,JSMR,RG,3940,116,D,DH,CS,D
14:39:11,JSMR,RG,3950,5,D,YP,CC,D
14:38:57,JSMR,RG,3950,3,D,AI,CC,D
14:38:32,JSMR,RG,3940,1,D,DH,YP,D
14:38:16,JSMR,RG,3940,10,D,DH,EP,D
14:38:16,JSMR,RG,3940,4,D,DH,CC,D
14:38:15,JSMR,RG,3940,69,D,DH,CS,D
14:38:15,JSMR,RG,3940,1,D,XC,CS,D
14:38:15,JSMR,RG,3940,50,D,PD,CS,D
14:38:15,JSMR,RG,3940,20,D,CC,CS,D
14:38:15,JSMR,RG,3940,1,D,XC,CS,D
14:38:15,JSMR,RG,3940,5,D,OD,CS,D
14:38:15,JSMR,RG,3940,1,D,CC,CS,D
14:38:15,JSMR,RG,3940,1,D,YP,CS,D
14:38:15,JSMR,RG,3940,2,D,CC,CS,D
14:38:15,JSMR,RG,3940,1,D,CC,CS,D
14:38:15,JSMR,RG,3940,1,D,PD,CS,D
14:38:15,JSMR,RG,3940,1,D,DR,CS,D
14:38:15,JSMR,RG,3940,18,D,XC,CS,D
14:38:15,JSMR,RG,3940,4,D,EP,CS,D
14:36:59,JSMR,RG,3950,1,D,YP,CC,D
14:36:59,JSMR,RG,3950,135,F,BK,CC,D
14:36:59,JSMR,RG,3950,5,D,YU,CC,D
14:36:59,JSMR,RG,3950,28,D,YP,CC,D
14:36:59,JSMR,RG,3950,19,D,CS,CC,D
14:36:59,JSMR,RG,3950,2,D,DH,CC,D
14:36:59,JSMR,RG,3950,1,D,YP,CC,D
14:36:51,JSMR,RG,3960,1,D,YP,OD,D
14:36:50,JSMR,RG,3950,1,F,AK,CS,D
14:36:50,JSMR,RG,3950,21,F,BK,CS,D
14:36:39,JSMR,RG,3950,22,F,BK,CS,D
14:36:28,JSMR,RG,3950,19,F,BK,CS,D
14:36:19,JSMR,RG,3950,23,F,BK,CS,D
14:36:08,JSMR,RG,3950,4,F,BK,CS,D
14:36:08,JSMR,RG,3950,8,D,CS,CS,D
14:36:08,JSMR,RG,3950,5,D,KK,CS,D
14:36:08,JSMR,RG,3950,2,F,ZP,CS,D
14:36:08,JSMR,RG,3950,2,D,CS,CS,D
14:35:59,JSMR,RG,3950,19,D,CS,KZ,D
14:35:59,JSMR,RG,3950,18,D,YP,KZ,D
14:35:57,JSMR,RG,3950,9,D,YP,CS,D
14:35:53,JSMR,RG,3950,39,D,YP,CS,D
14:35:53,JSMR,RG,3950,15,D,CC,CS,D
14:35:53,JSMR,RG,3950,85,D,CC,AK,F
14:35:53,JSMR,RG,3950,10,D,YB,AK,F
14:35:53,JSMR,RG,3950,14,D,CS,AK,F
14:35:53,JSMR,RG,3950,1,D,YP,AK,F
14:35:53,JSMR,RG,3950,1,D,ID,AK,F
14:35:53,JSMR,RG,3950,8,D,CS,AK,F
14:35:53,JSMR,RG,3950,5,D,YP,AK,F
14:35:53,JSMR,RG,3950,8,D,CS,AK,F
14:35:53,JSMR,RG,3950,127,F,ZP,AK,F
14:35:53,JSMR,RG,3950,10,D,YP,AK,F
14:35:53,JSMR,RG,3950,16,D,CS,AK,F
14:35:53,JSMR,RG,3950,127,F,AI,AK,F
14:35:53,JSMR,RG,3950,20,D,GR,AK,F
14:35:53,JSMR,RG,3950,4,D,YP,AK,F
14:35:53,JSMR,RG,3950,50,D,EP,AK,F
14:35:53,JSMR,RG,3950,1,D,YP,AK,F
14:35:53,JSMR,RG,3950,100,D,YP,AK,F
14:35:53,JSMR,RG,3950,5,D,YB,AK,F
14:35:53,JSMR,RG,3950,10,D,CD,AK,F
14:35:53,JSMR,RG,3950,2,D,YU,AK,F
14:35:53,JSMR,RG,3950,5,D,YP,AK,F
14:35:53,JSMR,RG,3950,5,D,RO,AK,F
14:35:53,JSMR,RG,3950,15,D,CC,AK,F
14:35:52,JSMR,RG,3950,52,D,CC,YP,D
14:35:52,JSMR,RG,3950,2,D,XL,YP,D
14:35:52,JSMR,RG,3950,9,D,YP,YP,D
14:35:52,JSMR,RG,3950,2,D,EP,YP,D
14:35:52,JSMR,RG,3950,100,D,OD,YP,D
14:35:52,JSMR,RG,3950,66,F,ZP,YP,D
14:35:52,JSMR,RG,3950,100,D,YP,YP,D
14:35:52,JSMR,RG,3950,1,D,YU,YP,D
14:35:52,JSMR,RG,3950,30,D,OD,YP,D
14:35:52,JSMR,RG,3950,1,F,AK,YP,D
14:35:52,JSMR,RG,3950,1,D,NI,YP,D
14:35:52,JSMR,RG,3950,1,D,YP,YP,D
14:35:52,JSMR,RG,3950,500,F,ZP,YP,D
14:35:52,JSMR,RG,3950,10,D,CC,YP,D
14:35:52,JSMR,RG,3950,10,D,DR,YP,D
14:35:52,JSMR,RG,3950,4,D,LG,YP,D
14:35:49,JSMR,RG,3950,43,D,LG,KZ,D
14:35:45,JSMR,RG,3950,3,D,LG,AZ,D
14:35:45,JSMR,RG,3950,3,D,XL,AZ,D
14:35:45,JSMR,RG,3950,16,D,CS,AZ,D
14:35:45,JSMR,RG,3950,56,D,YP,AZ,D
14:35:45,JSMR,RG,3950,10,D,ES,AZ,D
14:35:45,JSMR,RG,3950,1,D,NI,AZ,D
14:35:45,JSMR,RG,3950,100,D,YP,AZ,D
14:35:45,JSMR,RG,3950,5,D,CC,AZ,D
14:35:45,JSMR,RG,3950,1,D,CC,AZ,D
14:35:45,JSMR,RG,3950,2,D,CS,AZ,D
14:35:45,JSMR,RG,3950,13,D,CS,AZ,D
14:35:45,JSMR,RG,3950,3,F,BK,AZ,D
14:35:45,JSMR,RG,3950,1,D,DH,AZ,D
14:35:45,JSMR,RG,3950,1,D,KK,AZ,D
14:35:45,JSMR,RG,3950,1,D,OD,AZ,D
14:35:45,JSMR,RG,3950,4,D,CC,AZ,D
14:35:45,JSMR,RG,3950,23,D,CS,AZ,D
14:35:45,JSMR,RG,3950,1,D,YP,AZ,D
14:35:45,JSMR,RG,3950,10,D,YP,AZ,D
14:35:45,JSMR,RG,3950,5,D,NI,AZ,D
14:35:45,JSMR,RG,3950,10,D,SQ,AZ,D
14:35:45,JSMR,RG,3950,100,D,LS,AZ,D
14:35:45,JSMR,RG,3950,10,D,KK,AZ,D
14:35:45,JSMR,RG,3950,10,D,YP,AZ,D
14:35:45,JSMR,RG,3950,89,D,NI,AZ,D
14:35:27,JSMR,RG,3950,77,D,NI,CS,D
14:35:07,JSMR,RG,3950,334,D,NI,AZ,D
14:35:07,JSMR,RG,3950,28,D,YP,AZ,D
14:35:07,JSMR,RG,3950,5,D,OD,AZ,D
14:35:07,JSMR,RG,3950,3,D,KK,AZ,D
14:35:07,JSMR,RG,3950,130,D,EP,AZ,D
14:34:59,JSMR,RG,3950,45,D,EP,KZ,D
14:34:46,JSMR,RG,3950,25,D,EP,CS,D
14:34:46,JSMR,RG,3950,2,D,OD,CS,D
14:34:46,JSMR,RG,3950,1,F,AK,CS,D
14:34:46,JSMR,RG,3950,5,D,OD,CS,D
14:34:46,JSMR,RG,3950,10,D,KK,CS,D
14:34:46,JSMR,RG,3950,2,D,YJ,CS,D
14:34:46,JSMR,RG,3950,8,D,CS,CS,D
14:34:46,JSMR,RG,3950,5,D,SQ,CS,D
14:34:46,JSMR,RG,3950,7,D,YP,CS,D
14:34:46,JSMR,RG,3950,3,D,YU,CS,D
14:34:46,JSMR,RG,3950,4,F,BK,CS,D
14:34:46,JSMR,RG,3950,12,D,CS,CS,D
14:34:02,JSMR,RG,3960,5,F,BK,OD,D
14:33:55,JSMR,RG,3950,9,D,CS,CS,D
14:33:55,JSMR,RG,3950,2,D,CS,CS,D
14:33:55,JSMR,RG,3950,1,D,CS,CS,D
14:33:55,JSMR,RG,3950,1,D,YP,CS,D
14:33:55,JSMR,RG,3950,16,D,CS,CS,D
14:33:55,JSMR,RG,3950,12,D,CS,CS,D
14:33:55,JSMR,RG,3950,5,D,CS,CS,D
14:33:55,JSMR,RG,3950,1,D,CS,CS,D
14:33:55,JSMR,RG,3950,1,D,CS,CS,D
14:33:55,JSMR,RG,3950,22,D,CS,CS,D
14:33:55,JSMR,RG,3950,27,F,ZP,CS,D
14:33:55,JSMR,RG,3950,5,F,ZP,CS,D
14:33:29,JSMR,RG,3950,10,F,ZP,CC,D
14:32:54,JSMR,RG,3950,41,F,ZP,CS,D
14:32:54,JSMR,RG,3950,2,D,GR,CS,D
14:32:54,JSMR,RG,3950,1,D,NI,CS,D
14:32:54,JSMR,RG,3950,5,D,OD,CS,D
14:32:54,JSMR,RG,3950,1,D,DH,CS,D
14:32:54,JSMR,RG,3950,3,D,YP,CS,D
14:32:54,JSMR,RG,3950,10,D,YP,CS,D
14:32:54,JSMR,RG,3950,25,D,YP,CS,D
14:32:54,JSMR,RG,3950,5,D,YP,CS,D
14:32:54,JSMR,RG,3950,25,D,NI,CS,D
14:32:14,JSMR,RG,3950,25,D,NI,CC,D
14:32:14,JSMR,RG,3950,1,D,YP,CC,D
14:32:14,JSMR,RG,3950,15,D,YP,CC,D
14:32:14,JSMR,RG,3950,3,D,CC,CC,D
14:32:14,JSMR,RG,3950,50,D,CC,CC,D
14:32:14,JSMR,RG,3950,10,D,CC,CC,D
14:32:14,JSMR,RG,3950,1,D,CC,CC,D
14:32:14,JSMR,RG,3950,1,D,XC,CC,D
14:32:14,JSMR,RG,3950,4,F,ZP,CC,D
14:32:14,JSMR,RG,3950,1,D,DH,CC,D
14:32:14,JSMR,RG,3950,5,D,CC,CC,D
14:32:14,JSMR,RG,3950,30,D,EP,CC,D
14:32:14,JSMR,RG,3950,1,D,XC,CC,D
14:32:14,JSMR,RG,3950,1,D,DR,CC,D
14:32:14,JSMR,RG,3950,15,D,DR,CC,D
14:32:14,JSMR,RG,3950,5,D,XC,CC,D
14:32:14,JSMR,RG,3950,1,D,KK,CC,D
14:32:14,JSMR,RG,3950,3,D,GR,CC,D
14:32:14,JSMR,RG,3950,25,D,KK,CC,D
14:32:14,JSMR,RG,3950,10,D,DR,CC,D
14:32:14,JSMR,RG,3950,2,D,DR,CC,D
14:32:14,JSMR,RG,3950,3,D,YP,CC,D
14:32:14,JSMR,RG,3950,1,D,PD,CC,D
14:32:14,JSMR,RG,3950,5,D,XC,CC,D
14:32:14,JSMR,RG,3950,3,D,CC,CC,D
14:32:14,JSMR,RG,3950,5,D,CC,CC,D
14:32:14,JSMR,RG,3950,5,D,CC,CC,D
14:32:14,JSMR,RG,3950,1,D,KK,CC,D
14:32:14,JSMR,RG,3950,3,D,XA,CC,D
14:32:14,JSMR,RG,3950,10,D,CC,CC,D
14:32:14,JSMR,RG,3950,760,D,CC,CC,D
14:32:14,JSMR,RG,3950,20,D,CC,CC,D
14:32:14,JSMR,RG,3950,10,D,PD,CC,D
14:32:14,JSMR,RG,3950,10,D,SQ,CC,D
14:32:14,JSMR,RG,3950,5,D,PD,CC,D
14:32:14,JSMR,RG,3950,25,D,CC,CC,D
14:32:14,JSMR,RG,3950,5,D,DR,CC,D
14:32:14,JSMR,RG,3950,1,D,XC,CC,D
14:32:14,JSMR,RG,3950,2,D,PD,CC,D
14:32:14,JSMR,RG,3950,2,D,KK,CC,D
14:32:14,JSMR,RG,3950,1,D,YP,CC,D
14:32:14,JSMR,RG,3950,10,D,YP,CC,D
14:32:14,JSMR,RG,3950,1,D,XA,CC,D
14:32:14,JSMR,RG,3950,1,D,PD,CC,D
14:32:14,JSMR,RG,3950,10,D,YP,CC,D
14:32:14,JSMR,RG,3950,1,D,CC,CC,D
14:32:14,JSMR,RG,3950,4,F,ZP,CC,D
14:32:14,JSMR,RG,3950,50,D,AI,CC,D
14:32:14,JSMR,RG,3950,1,D,KK,CC,D
14:32:14,JSMR,RG,3950,10,D,YP,CC,D
14:32:14,JSMR,RG,3950,15,D,YP,CC,D
14:32:14,JSMR,RG,3950,50,D,CC,CC,D
14:32:14,JSMR,RG,3950,2,D,PD,CC,D
14:32:14,JSMR,RG,3950,10,D,ZP,CC,D
14:32:14,JSMR,RG,3950,1,D,KK,CC,D
14:32:14,JSMR,RG,3950,2,D,NI,CC,D
14:32:14,JSMR,RG,3950,1,D,XA,CC,D
14:32:14,JSMR,RG,3950,1,F,ZP,CC,D
14:32:14,JSMR,RG,3950,2,D,PD,CC,D
14:32:14,JSMR,RG,3950,1,D,KK,CC,D
14:32:14,JSMR,RG,3950,1,D,KK,CC,D
14:32:14,JSMR,RG,3950,10,D,PD,CC,D
14:32:14,JSMR,RG,3950,2,D,PD,CC,D
14:32:14,JSMR,RG,3950,5,D,OD,CC,D
14:32:14,JSMR,RG,3950,5,D,NI,CC,D
14:32:14,JSMR,RG,3950,1,D,CP,CC,D
14:32:14,JSMR,RG,3950,5,D,YP,CC,D
14:32:14,JSMR,RG,3950,5,D,YP,CC,D
14:32:14,JSMR,RG,3950,5,D,YP,CC,D
14:32:14,JSMR,RG,3950,46,D,NI,CC,D
14:32:02,JSMR,RG,3960,10,F,ZP,OD,D
14:31:44,JSMR,RG,3960,100,D,YP,OD,D
14:31:44,JSMR,RG,3950,4,D,NI,CS,D
14:31:44,JSMR,RG,3950,2,D,PD,CS,D
14:31:44,JSMR,RG,3950,33,D,YP,CS,D
14:31:44,JSMR,RG,3950,98,D,PD,CS,D
14:31:14,JSMR,RG,3960,55,D,CS,OD,D
14:31:14,JSMR,RG,3960,288,D,YJ,OD,D
14:31:14,JSMR,RG,3960,500,D,YJ,AZ,D
14:31:14,JSMR,RG,3960,10,D,YJ,AK,F
14:31:14,JSMR,RG,3960,202,D,YJ,CC,D
14:31:09,JSMR,RG,3960,1,D,DH,CC,D
14:31:09,JSMR,RG,3960,20,D,GR,CC,D
14:30:59,JSMR,RG,3950,32,D,PD,KZ,D
14:30:59,JSMR,RG,3950,4,D,CC,KZ,D
14:30:59,JSMR,RG,3950,1,D,CC,AK,F
14:30:59,JSMR,RG,3950,7,D,YP,AK,F
14:30:30,JSMR,RG,3960,1,F,AK,CC,D
14:30:25,JSMR,RG,3960,11,F,ZP,CC,D
14:30:22,JSMR,RG,3950,10,D,YP,CS,D
14:30:22,JSMR,RG,3950,8,D,YP,CS,D
14:30:22,JSMR,RG,3950,20,D,YP,CS,D
14:30:22,JSMR,RG,3950,2,D,YP,CS,D
14:30:22,JSMR,RG,3950,3,D,YP,CS,D
14:30:22,JSMR,RG,3950,1,D,PD,CS,D
14:30:22,JSMR,RG,3950,1,D,PD,CS,D
14:30:22,JSMR,RG,3950,3,D,KK,CS,D
14:30:22,JSMR,RG,3950,1,D,NI,CS,D
14:30:22,JSMR,RG,3950,1,D,YP,CS,D
14:30:22,JSMR,RG,3950,10,D,PD,CS,D
14:30:22,JSMR,RG,3950,2,D,KK,CS,D
14:30:22,JSMR,RG,3950,1,D,YP,CS,D
14:30:22,JSMR,RG,3950,2,D,AZ,CS,D
14:30:22,JSMR,RG,3950,8,D,AZ,CS,D
14:30:22,JSMR,RG,3950,1,D,DH,CS,D
14:30:22,JSMR,RG,3950,1,D,XC,CS,D
14:30:22,JSMR,RG,3950,1,D,YP,CS,D
14:30:22,JSMR,RG,3950,2,D,PD,CS,D
14:30:22,JSMR,RG,3950,8,D,YP,CS,D
14:30:22,JSMR,RG,3950,2,D,YP,CS,D
14:30:22,JSMR,RG,3950,2,D,YP,CS,D
14:30:22,JSMR,RG,3950,1,D,YP,CS,D
14:30:22,JSMR,RG,3950,2,D,YP,CS,D
14:30:22,JSMR,RG,3950,1,D,PD,CS,D
14:30:22,JSMR,RG,3950,9,D,PD,CS,D
14:30:22,JSMR,RG,3950,3,D,PD,CS,D
14:30:22,JSMR,RG,3950,2,D,PD,CS,D
14:30:15,JSMR,RG,3960,10,F,ZP,CC,D
14:29:04,JSMR,RG,3960,19,F,ZP,CC,D
14:28:43,JSMR,RG,3960,15,F,ZP,CC,D
14:28:39,JSMR,RG,3960,1,D,CD,CC,D
14:28:08,JSMR,RG,3960,5,D,YB,CC,D
14:28:05,JSMR,RG,3950,1,D,PD,CS,D
14:28:05,JSMR,RG,3950,8,D,PD,CS,D
14:28:05,JSMR,RG,3950,13,D,PD,CS,D
14:28:05,JSMR,RG,3950,3,D,CD,CS,D
14:28:05,JSMR,RG,3950,18,D,CD,CS,D
14:28:05,JSMR,RG,3950,10,D,CD,CS,D
14:28:05,JSMR,RG,3950,21,D,CD,CS,D
14:28:05,JSMR,RG,3950,10,D,CD,CS,D
14:28:05,JSMR,RG,3950,5,D,CD,CS,D
14:27:41,JSMR,RG,3960,63,D,CS,CC,D
14:27:03,JSMR,RG,3960,8,F,ZP,CC,D
14:27:03,JSMR,RG,3960,10,D,OD,CC,D
14:27:02,JSMR,RG,3950,21,D,CD,CS,D
14:27:02,JSMR,RG,3950,21,D,CD,CS,D
14:27:02,JSMR,RG,3950,18,D,CD,CS,D
14:27:02,JSMR,RG,3950,15,D,CD,CS,D
14:26:49,JSMR,RG,3950,58,D,CD,KZ,D
14:25:36,JSMR,RG,3960,4,D,LG,CC,D
14:25:21,JSMR,RG,3960,9,F,ZP,CC,D
14:25:17,JSMR,RG,3960,7,F,ZP,CC,D
14:24:38,JSMR,RG,3950,2,D,YP,CS,D
14:24:38,JSMR,RG,3950,50,D,GR,CS,D
14:24:38,JSMR,RG,3950,71,D,CC,CS,D
14:24:21,JSMR,RG,3960,5,D,YU,CC,D
14:24:18,JSMR,RG,3950,19,D,CC,CS,D
14:24:18,JSMR,RG,3950,4,D,CC,CS,D
14:24:18,JSMR,RG,3950,6,D,CC,CS,D
14:24:18,JSMR,RG,3950,1,D,GR,CS,D
14:24:16,JSMR,RG,3960,1,D,YP,CC,D
14:23:29,JSMR,RG,3950,1,D,GR,KZ,D
14:23:29,JSMR,RG,3950,20,D,CC,KZ,D
14:23:29,JSMR,RG,3950,1,D,OD,KZ,D
14:23:29,JSMR,RG,3950,1,D,KK,KZ,D
14:23:29,JSMR,RG,3950,1,D,PD,KZ,D
14:23:29,JSMR,RG,3950,13,D,YP,KZ,D
14:23:27,JSMR,RG,3950,7,D,YP,CS,D
14:23:27,JSMR,RG,3950,4,F,BB,CS,D
14:23:27,JSMR,RG,3950,1,D,BQ,CS,D
14:23:27,JSMR,RG,3950,1,D,DH,CS,D
14:23:27,JSMR,RG,3950,2,D,YP,CS,D
14:23:27,JSMR,RG,3950,6,D,YP,CS,D
14:23:27,JSMR,RG,3950,10,D,YP,CS,D
14:23:27,JSMR,RG,3950,1,D,YP,CS,D
14:23:27,JSMR,RG,3950,6,D,YP,CS,D
14:23:27,JSMR,RG,3950,13,D,YP,CS,D
14:23:27,JSMR,RG,3950,7,D,YP,CS,D
14:23:03,JSMR,RG,3960,58,D,CS,CC,D
14:23:00,JSMR,RG,3950,6,D,YP,AK,F
14:22:50,JSMR,RG,3960,50,D,CC,CC,D
14:22:50,JSMR,RG,3960,50,D,CC,OD,D
14:22:43,JSMR,RG,3960,13,F,ZP,OD,D
14:22:29,JSMR,RG,3960,2,D,XL,OD,D
14:22:25,JSMR,RG,3960,5,F,BK,OD,D
14:20:49,JSMR,RG,3950,36,D,YP,KZ,D
14:20:44,JSMR,RG,3950,20,D,YP,CS,D
14:20:44,JSMR,RG,3950,5,D,YP,CS,D
14:20:44,JSMR,RG,3950,2,D,YP,CS,D
14:20:44,JSMR,RG,3950,1,D,YP,CS,D
14:20:44,JSMR,RG,3950,16,D,YP,CS,D
14:20:44,JSMR,RG,3950,18,D,YP,CS,D
14:20:44,JSMR,RG,3950,10,D,YP,CS,D
14:20:44,JSMR,RG,3950,21,D,YP,CS,D
14:20:44,JSMR,RG,3950,11,D,YP,CS,D
14:20:44,JSMR,RG,3950,8,D,YP,CS,D
14:20:44,JSMR,RG,3950,1,D,YP,CS,D
14:20:44,JSMR,RG,3950,2,D,YP,CS,D
14:20:44,JSMR,RG,3950,4,D,YP,CS,D
14:20:42,JSMR,RG,3960,2,D,KK,OD,D
14:20:32,JSMR,RG,3960,4,F,BK,OD,D
14:20:23,JSMR,RG,3960,25,F,BK,OD,D
14:20:16,JSMR,RG,3960,5,F,ZP,OD,D
14:19:59,JSMR,RG,3960,5,F,ZP,OD,D
14:19:28,JSMR,RG,3960,5,D,YP,OD,D
14:18:30,JSMR,RG,3960,1,F,AK,OD,D
14:18:24,JSMR,RG,3960,55,D,CS,OD,D
14:17:58,JSMR,RG,3960,1,D,YP,OD,D
14:17:29,JSMR,RG,3950,28,D,YP,KZ,D
14:16:46,JSMR,RG,3960,1,D,YP,OD,D
14:15:17,JSMR,RG,3960,25,D,IP,OD,D
14:15:17,JSMR,RG,3960,3,F,ZP,OD,D
14:14:52,JSMR,RG,3960,1,D,SQ,OD,D
14:13:38,JSMR,RG,3960,52,D,CS,OD,D
14:13:24,JSMR,RG,3950,25,D,YP,KZ,D
14:13:06,JSMR,RG,3960,1,D,YP,OD,D
14:12:00,JSMR,RG,3960,1,F,AK,OD,D
14:11:49,JSMR,RG,3960,10,D,CC,OD,D
14:11:13,JSMR,RG,3960,5,D,PC,OD,D
14:11:11,JSMR,RG,3960,100,D,YP,OD,D
14:11:08,JSMR,RG,3960,100,D,EP,OD,D
14:10:49,JSMR,RG,3960,3,D,YU,OD,D
14:09:02,JSMR,RG,3960,25,D,CS,OD,D
14:09:02,JSMR,RG,3960,6,D,CS,AK,F
14:09:02,JSMR,RG,3960,1,D,CS,CC,D
14:09:02,JSMR,RG,3960,7,D,CS,AK,F
14:09:02,JSMR,RG,3960,17,D,CS,CC,D
14:08:59,JSMR,RG,3960,5,D,GR,CC,D
14:08:53,JSMR,RG,3960,30,D,YP,CC,D
14:08:18,JSMR,RG,3960,5,F,BK,CC,D
14:03:57,JSMR,RG,3960,57,D,CS,CC,D
14:03:35,JSMR,RG,3960,1,D,YU,CC,D
14:03:19,JSMR,RG,3960,7,D,YP,CC,D
14:02:33,JSMR,RG,3960,4,D,KK,CC,D
14:02:31,JSMR,RG,3960,5,D,NI,CC,D
14:00:47,JSMR,RG,3960,10,D,YU,CC,D
13:59:41,JSMR,RG,3960,34,F,ZP,CC,D
13:59:41,JSMR,RG,3960,57,F,ZP,CC,D
13:59:40,JSMR,RG,3960,250,D,EP,CC,D
13:59:09,JSMR,RG,3960,18,D,CS,CC,D
13:59:09,JSMR,RG,3960,11,D,CS,AK,F
13:59:09,JSMR,RG,3960,16,D,CS,OD,D
13:57:28,JSMR,RG,3960,15,D,NI,OD,D
13:57:05,JSMR,RG,3960,9,D,NI,OD,D
13:55:35,JSMR,RG,3960,47,D,CS,OD,D
13:55:27,JSMR,RG,3960,10,D,CC,OD,D
13:54:44,JSMR,RG,3960,5,D,YP,OD,D
13:54:39,JSMR,RG,3960,10,D,CC,OD,D
13:54:00,JSMR,RG,3960,5,D,KK,OD,D
13:52:49,JSMR,RG,3960,4,F,ZP,OD,D
13:52:33,JSMR,RG,3960,50,D,XA,OD,D
13:52:05,JSMR,RG,3960,19,D,YP,OD,D
13:51:56,JSMR,RG,3960,34,D,CS,OD,D
13:51:55,JSMR,RG,3960,41,F,ZP,OD,D
13:51:55,JSMR,RG,3960,62,F,ZP,OD,D
13:51:54,JSMR,RG,3960,173,D,SQ,OD,D
13:51:54,JSMR,RG,3960,127,D,SQ,OD,D
13:51:45,JSMR,RG,3960,20,D,YP,OD,D
13:51:02,JSMR,RG,3960,5,D,YP,OD,D
13:50:42,JSMR,RG,3960,10,D,CC,OD,D
13:49:55,JSMR,RG,3960,39,D,YP,OD,D
13:49:20,JSMR,RG,3960,46,D,CS,OD,D
13:49:11,JSMR,RG,3960,2,D,CC,OD,D
13:48:31,JSMR,RG,3960,10,D,YB,OD,D
13:47:40,JSMR,RG,3960,20,D,YP,OD,D
13:46:51,JSMR,RG,3960,20,D,YP,OD,D
13:46:43,JSMR,RG,3960,30,D,YP,OD,D
13:46:27,JSMR,RG,3960,10,D,YP,OD,D
13:45:51,JSMR,RG,3960,52,D,CS,OD,D
13:45:51,JSMR,RG,3960,109,D,EP,OD,D
13:45:51,JSMR,RG,3960,5,D,EP,AK,F
13:45:51,JSMR,RG,3960,33,D,EP,AK,F
13:45:51,JSMR,RG,3960,103,D,EP,CC,D
13:45:28,JSMR,RG,3960,10,D,LG,CC,D
13:45:21,JSMR,RG,3960,10,D,NI,CC,D
13:45:02,JSMR,RG,3960,1,D,NI,CC,D
13:44:51,JSMR,RG,3960,1,D,DH,CC,D
13:43:39,JSMR,RG,3960,5,D,YP,CC,D
13:42:18,JSMR,RG,3960,250,D,GR,CC,D
13:41:56,JSMR,RG,3960,21,D,CS,CC,D
13:41:12,JSMR,RG,3960,5,D,YP,CC,D
13:40:43,JSMR,RG,3960,5,D,YP,CC,D
13:40:23,JSMR,RG,3960,1,F,ZP,CC,D
13:40:19,JSMR,RG,3960,10,D,IP,CC,D
13:40:09,JSMR,RG,3960,78,D,CC,CC,D
13:40:09,JSMR,RG,3960,5,D,CC,AK,F
13:40:09,JSMR,RG,3960,17,D,CC,OD,D
13:40:09,JSMR,RG,3960,1,F,ZP,OD,D
13:39:35,JSMR,RG,3960,3,D,GR,OD,D
13:39:26,JSMR,RG,3960,15,D,ZR,OD,D
13:39:25,JSMR,RG,3960,10,D,YP,OD,D
13:39:25,JSMR,RG,3960,7,F,ZP,OD,D
13:39:24,JSMR,RG,3960,10,D,YB,OD,D
13:39:20,JSMR,RG,3960,3,D,YU,OD,D
13:39:16,JSMR,RG,3960,4,F,ZP,OD,D
13:39:07,JSMR,RG,3960,1,D,YB,OD,D
13:39:00,JSMR,RG,3960,3,F,NI,OD,D
13:37:50,JSMR,RG,3960,1,D,AZ,OD,D
13:37:50,JSMR,RG,3960,100,D,YP,OD,D
13:37:30,JSMR,RG,3960,5,D,YP,OD,D
13:37:18,JSMR,RG,3960,22,F,ZP,OD,D
13:37:11,JSMR,RG,3960,32,F,ZP,OD,D
13:36:55,JSMR,RG,3960,5,D,YP,OD,D
13:35:49,JSMR,RG,3960,25,D,SQ,OD,D
13:35:43,JSMR,RG,3960,2,D,CC,OD,D
13:35:19,JSMR,RG,3960,10,D,CS,OD,D
13:35:18,JSMR,RG,3960,15,D,CS,OD,D
13:35:18,JSMR,RG,3960,14,D,CS,OD,D
13:35:18,JSMR,RG,3960,12,D,CS,OD,D
13:35:18,JSMR,RG,3960,4,D,CS,OD,D
13:35:18,JSMR,RG,3960,2,D,LS,OD,D
13:35:18,JSMR,RG,3960,1,F,AK,OD,D
13:35:18,JSMR,RG,3960,6,D,CS,OD,D
13:35:18,JSMR,RG,3960,5,D,CS,OD,D
13:35:18,JSMR,RG,3960,5,D,CC,OD,D
13:35:18,JSMR,RG,3960,10,D,CC,OD,D
13:35:18,JSMR,RG,3960,11,D,CS,OD,D
13:35:18,JSMR,RG,3960,6,D,CS,OD,D
13:35:18,JSMR,RG,3960,75,F,BK,OD,D
13:35:18,JSMR,RG,3960,10,D,LG,OD,D
13:35:18,JSMR,RG,3960,2,D,CS,OD,D
13:35:18,JSMR,RG,3960,1,F,CC,OD,D
13:35:18,JSMR,RG,3960,3,D,CS,OD,D
13:35:18,JSMR,RG,3960,14,D,CS,OD,D
13:35:18,JSMR,RG,3960,3,D,YP,OD,D
13:35:18,JSMR,RG,3960,4,F,ZP,OD,D
13:35:18,JSMR,RG,3960,5,D,YP,OD,D
13:35:18,JSMR,RG,3960,1,F,AK,OD,D
13:35:18,JSMR,RG,3960,8,D,CS,OD,D
13:35:18,JSMR,RG,3960,5,F,ZP,OD,D
13:35:18,JSMR,RG,3960,2,F,ZP,OD,D
13:34:03,JSMR,RG,3960,12,F,ZP,ZP,F
13:34:03,JSMR,RG,3960,238,D,LG,ZP,F
13:30:18,JSMR,RG,3960,3,D,LG,YP,D
13:30:18,JSMR,RG,3960,200,D,LG,NI,D
13:30:15,JSMR,RG,3960,2,D,LG,YP,D
13:30:14,JSMR,RG,3970,1,F,AK,CC,D
13:30:07,JSMR,RG,3960,50,D,LG,CC,D
13:30:06,JSMR,RG,3960,2,D,LG,KK,D
13:30:06,JSMR,RG,3960,5,D,LG,OD,D
13:30:06,JSMR,RG,3950,3,D,YP,XC,D
13:30:05,JSMR,RG,3960,1,D,KK,OD,D
13:30:05,JSMR,RG,3960,1,D,OD,OD,D
13:30:05,JSMR,RG,3960,4,D,OD,OD,D
13:30:05,JSMR,RG,3960,1,D,DH,OD,D
13:30:04,JSMR,RG,3960,25,D,LG,OD,D
13:30:04,JSMR,RG,3960,7,D,DR,OD,D
13:30:04,JSMR,RG,3960,456,D,GR,OD,D
13:30:04,JSMR,RG,3960,300,D,GR,CC,D
13:30:04,JSMR,RG,3960,66,D,GR,CC,D
13:30:04,JSMR,RG,3960,3,D,GR,CC,D
13:30:04,JSMR,RG,3960,175,D,GR,CC,D
13:30:04,JSMR,RG,3960,1,D,GR,CC,D
13:30:03,JSMR,RG,3950,15,D,YP,EP,D
13:30:03,JSMR,RG,3950,50,D,YP,EP,D
13:30:03,JSMR,RG,3960,5,D,SQ,CC,D
11:29:45,JSMR,RG,3950,1,D,YP,AK,F
11:29:43,JSMR,RG,3960,1,F,ZP,CC,D
11:29:38,JSMR,RG,3960,10,D,YU,CC,D
11:29:35,JSMR,RG,3960,2,D,CC,CC,D
11:29:27,JSMR,RG,3960,5,F,ZP,CC,D
11:29:08,JSMR,RG,3960,3,D,SQ,CC,D
11:28:53,JSMR,RG,3960,2,D,PD,CC,D
11:28:15,JSMR,RG,3960,4,F,ZP,CC,D
11:28:14,JSMR,RG,3960,292,D,CD,CC,D
11:28:14,JSMR,RG,3960,3,D,CD,AK,F
11:28:14,JSMR,RG,3960,5,D,CD,PD,D
11:27:32,JSMR,RG,3960,30,D,NI,PD,D
11:27:15,JSMR,RG,3950,2,D,YP,AK,F
11:27:13,JSMR,RG,3960,3,D,XC,PD,D
11:27:04,JSMR,RG,3960,2,D,XC,PD,D
11:26:57,JSMR,RG,3960,15,D,CS,PD,D
11:26:57,JSMR,RG,3960,2,D,CS,PD,D
11:26:57,JSMR,RG,3960,17,D,CS,PD,D
11:26:57,JSMR,RG,3960,2,D,PD,PD,D
11:26:57,JSMR,RG,3960,55,F,ZP,PD,D
11:26:57,JSMR,RG,3960,14,D,CS,PD,D
11:26:57,JSMR,RG,3960,1,D,PD,PD,D
11:26:57,JSMR,RG,3960,50,D,LG,PD,D
11:26:57,JSMR,RG,3960,2,D,PD,PD,D
11:26:57,JSMR,RG,3960,1,D,KK,PD,D
11:26:57,JSMR,RG,3960,2,D,PD,PD,D
11:26:57,JSMR,RG,3960,1,D,KK,PD,D
11:26:57,JSMR,RG,3960,1,D,PD,PD,D
11:26:57,JSMR,RG,3960,63,D,YP,PD,D
11:26:57,JSMR,RG,3960,1,D,PD,PD,D
11:26:57,JSMR,RG,3960,3,D,CS,PD,D
11:26:57,JSMR,RG,3960,2,D,XA,PD,D
11:26:48,JSMR,RG,3970,5,D,XC,CC,D
11:25:58,JSMR,RG,3960,1,D,XA,AZ,D
11:25:58,JSMR,RG,3960,9,D,NI,AZ,D
11:25:58,JSMR,RG,3960,6,D,CS,AZ,D
11:25:58,JSMR,RG,3960,10,D,PD,AZ,D
11:25:58,JSMR,RG,3960,2,D,PD,AZ,D
11:25:58,JSMR,RG,3960,14,D,CS,AZ,D
11:25:58,JSMR,RG,3960,10,D,PD,AZ,D
11:25:58,JSMR,RG,3960,1,D,YP,AZ,D
11:25:58,JSMR,RG,3960,10,D,PD,AZ,D
11:25:58,JSMR,RG,3960,1,F,CC,AZ,D
11:25:58,JSMR,RG,3960,5,F,BK,AZ,D
11:25:58,JSMR,RG,3960,4,D,NI,AZ,D
11:25:58,JSMR,RG,3960,9,D,CS,AZ,D
11:25:58,JSMR,RG,3960,12,D,CS,AZ,D
11:25:58,JSMR,RG,3960,1,D,XC,AZ,D
11:25:58,JSMR,RG,3960,1,D,YP,AZ,D
11:25:58,JSMR,RG,3960,17,D,CS,AZ,D
11:25:58,JSMR,RG,3960,22,D,CS,AZ,D
11:25:58,JSMR,RG,3960,1,D,XC,AZ,D
11:25:58,JSMR,RG,3960,20,D,NI,AZ,D
11:25:58,JSMR,RG,3960,47,F,ZP,AZ,D
11:25:58,JSMR,RG,3960,297,D,YU,AZ,D
11:25:45,JSMR,RG,3960,3,D,YU,AK,F
11:24:56,JSMR,RG,3970,5,F,BK,CC,D
11:24:47,JSMR,RG,3970,15,D,PD,CC,D
11:24:45,JSMR,RG,3960,3,D,YU,AK,F
11:24:00,JSMR,RG,3960,2,D,YU,AK,F
11:23:33,JSMR,RG,3970,3,D,XL,CC,D
11:23:15,JSMR,RG,3960,3,D,YU,AK,F
11:22:34,JSMR,RG,3960,15,D,YU,CC,D
11:22:33,JSMR,RG,3960,27,D,YU,BB,F
11:22:33,JSMR,RG,3960,20,D,CS,BB,F
11:22:33,JSMR,RG,3960,1,D,NI,BB,F
11:22:33,JSMR,RG,3960,3,D,DR,BB,F
11:22:33,JSMR,RG,3960,11,D,CS,BB,F
11:22:33,JSMR,RG,3960,188,D,YP,BB,F
11:21:15,JSMR,RG,3960,5,D,YP,AK,F
11:21:06,JSMR,RG,3970,1,F,AK,CC,D
11:19:59,JSMR,RG,3970,1,D,XC,CC,D
11:19:43,JSMR,RG,3960,7,D,YP,YP,D
11:19:43,JSMR,RG,3960,78,F,AI,YP,D
11:18:11,JSMR,RG,3960,4,F,AI,PD,D
11:16:15,JSMR,RG,3960,44,F,AI,AZ,D
11:16:15,JSMR,RG,3960,7,D,CS,AZ,D
11:16:15,JSMR,RG,3960,13,D,CS,AZ,D
11:16:15,JSMR,RG,3960,6,D,CS,AZ,D
11:16:15,JSMR,RG,3960,200,D,BS,AZ,D
11:16:15,JSMR,RG,3960,10,D,PD,AZ,D
11:16:15,JSMR,RG,3960,1,D,PD,AZ,D
11:16:15,JSMR,RG,3960,14,D,CS,AZ,D
11:16:15,JSMR,RG,3960,1,D,CS,AZ,D
11:16:15,JSMR,RG,3960,8,D,CS,AZ,D
11:16:15,JSMR,RG,3960,100,D,CP,AZ,D
11:16:15,JSMR,RG,3960,3,D,CS,AZ,D
11:16:15,JSMR,RG,3960,93,D,CD,AZ,D
11:15:37,JSMR,RG,3970,1,D,PD,CC,D
11:14:06,JSMR,RG,3960,1,D,CD,XC,D
11:12:05,JSMR,RG,3960,2,D,CD,OD,D
11:11:55,JSMR,RG,3970,5,D,YP,CC,D
11:11:44,JSMR,RG,3970,1,D,YP,CC,D
11:11:20,JSMR,RG,3970,1,D,CC,CC,D
11:10:07,JSMR,RG,3970,99,D,CS,CC,D
11:07:59,JSMR,RG,3960,2,D,CD,OD,D
11:03:19,JSMR,RG,3970,18,D,NI,CC,D
11:02:33,JSMR,RG,3960,5,D,CD,DH,D
11:02:11,JSMR,RG,3960,22,D,CD,NI,D
11:02:11,JSMR,RG,3960,5,F,BK,NI,D
11:02:11,JSMR,RG,3960,5,D,CS,NI,D
11:02:11,JSMR,RG,3960,7,F,ZP,NI,D
11:01:18,JSMR,RG,3960,3,F,ZP,OD,D
11:01:18,JSMR,RG,3960,4,D,NI,OD,D
11:01:16,JSMR,RG,3960,1,D,NI,OD,D
11:00:19,JSMR,RG,3970,100,D,YP,CC,D
11:00:19,JSMR,RG,3970,10,D,YP,ZP,F
10:58:59,JSMR,RG,3970,7,D,CP,ZP,F
10:58:59,JSMR,RG,3970,29,D,CP,CC,D
10:58:59,JSMR,RG,3970,35,D,CP,CC,D
10:58:59,JSMR,RG,3970,29,D,CP,AG,D
10:54:56,JSMR,RG,3960,1,D,NI,AZ,D
10:53:12,JSMR,RG,3960,3,D,NI,AK,F
10:53:12,JSMR,RG,3960,2,D,NI,AK,F
10:53:12,JSMR,RG,3960,3,D,NI,AK,F
10:53:12,JSMR,RG,3960,2,D,NI,AK,F
10:53:12,JSMR,RG,3960,3,D,NI,AK,F
10:53:11,JSMR,RG,3960,1,D,NI,CC,F
10:53:11,JSMR,RG,3960,3,D,NI,AK,F
10:53:11,JSMR,RG,3960,200,D,NI,CC,D
10:53:11,JSMR,RG,3960,15,D,NI,LG,D
10:53:11,JSMR,RG,3960,11,D,NI,AO,D
10:53:11,JSMR,RG,3960,2,D,NI,AK,F
10:53:11,JSMR,RG,3960,3,D,NI,AK,F
10:53:11,JSMR,RG,3960,121,D,NI,CC,D
10:52:51,JSMR,RG,3960,1,D,PD,CC,D
10:52:34,JSMR,RG,3960,1,D,PD,CC,D
10:51:41,JSMR,RG,3960,3,D,YP,CC,D
10:51:24,JSMR,RG,3960,3,F,ZP,CC,D
10:51:20,JSMR,RG,3960,1,D,DH,CC,D
10:51:05,JSMR,RG,3960,2,D,DR,CC,D
10:50:43,JSMR,RG,3960,2,D,PD,CC,D
10:50:40,JSMR,RG,3960,1,D,KK,CC,D
10:50:27,JSMR,RG,3960,1,D,XC,CC,D
10:50:18,JSMR,RG,3960,1,D,CC,CC,D
10:50:18,JSMR,RG,3960,2,F,ZP,CC,D
10:50:09,JSMR,RG,3960,3,D,XC,CC,D
10:49:11,JSMR,RG,3960,2,D,KK,CC,D
10:49:10,JSMR,RG,3960,1,D,PD,CC,D
10:48:56,JSMR,RG,3960,1,D,SQ,CC,D
10:48:51,JSMR,RG,3960,6,F,ZP,CC,D
10:48:44,JSMR,RG,3960,1,D,PD,CC,D
10:48:18,JSMR,RG,3960,23,D,CS,CC,D
10:48:17,JSMR,RG,3960,5,D,YP,CC,D
10:48:17,JSMR,RG,3960,1,F,AK,CC,D
10:48:17,JSMR,RG,3960,9,D,CS,CC,D
10:48:17,JSMR,RG,3960,30,D,OD,CC,D
10:48:17,JSMR,RG,3960,10,D,PD,CC,D
10:48:17,JSMR,RG,3960,2,D,SQ,CC,D
10:48:17,JSMR,RG,3960,1,D,KK,CC,D
10:48:17,JSMR,RG,3960,22,D,CS,CC,D
10:48:17,JSMR,RG,3960,1,D,YP,CC,D
10:48:17,JSMR,RG,3960,1,D,CC,CC,D
10:48:17,JSMR,RG,3960,14,F,ZP,CC,D
10:48:17,JSMR,RG,3960,1,D,KK,CC,D
10:48:17,JSMR,RG,3960,8,D,CS,CC,D
10:48:17,JSMR,RG,3960,10,D,ZP,CC,D
10:48:17,JSMR,RG,3960,9,D,NI,CC,D
10:47:30,JSMR,RG,3960,7,D,NI,AK,F
10:46:58,JSMR,RG,3960,1,D,NI,CC,D
10:45:41,JSMR,RG,3970,5,D,YP,AG,D
10:45:15,JSMR,RG,3970,1,D,SQ,AG,D
10:45:14,JSMR,RG,3960,8,D,NI,CC,D
10:45:14,JSMR,RG,3960,6,D,CS,CC,D
10:45:14,JSMR,RG,3960,22,D,CS,CC,D
10:45:14,JSMR,RG,3960,200,D,DH,CC,D
10:45:14,JSMR,RG,3960,264,D,DH,CC,D
10:44:50,JSMR,RG,3970,2,D,SQ,AG,D
10:44:39,JSMR,RG,3970,1,D,CC,AG,D
10:43:12,JSMR,RG,3960,50,D,DH,DR,D
10:42:47,JSMR,RG,3960,65,D,DH,PD,D
10:42:32,JSMR,RG,3960,121,D,DH,OD,D
10:42:32,JSMR,RG,3960,19,D,CS,OD,D
10:42:32,JSMR,RG,3960,1,D,PD,OD,D
10:42:32,JSMR,RG,3960,20,D,YP,OD,D
10:42:32,JSMR,RG,3960,10,D,NI,OD,D
10:42:32,JSMR,RG,3960,5,D,CS,OD,D
10:42:32,JSMR,RG,3960,9,D,CS,OD,D
10:42:32,JSMR,RG,3960,200,D,GR,OD,D
10:42:32,JSMR,RG,3960,10,D,CS,OD,D
10:42:32,JSMR,RG,3960,20,F,ZP,OD,D
10:42:32,JSMR,RG,3960,20,D,PD,OD,D
10:42:32,JSMR,RG,3960,2,D,XC,OD,D
10:42:32,JSMR,RG,3960,8,D,CS,OD,D
10:42:32,JSMR,RG,3960,3,D,CS,OD,D
10:42:32,JSMR,RG,3960,10,D,PD,OD,D
10:42:32,JSMR,RG,3960,10,D,CS,OD,D
10:42:32,JSMR,RG,3960,5,D,YP,OD,D
10:42:32,JSMR,RG,3960,5,D,YP,OD,D
10:42:32,JSMR,RG,3960,110,D,PD,OD,D
10:42:32,JSMR,RG,3960,1,D,YP,OD,D
10:42:32,JSMR,RG,3960,2,D,PD,OD,D
10:42:32,JSMR,RG,3960,1,D,XC,OD,D
10:42:32,JSMR,RG,3960,1,D,YP,OD,D
10:42:32,JSMR,RG,3960,10,D,KK,OD,D
10:42:32,JSMR,RG,3960,78,D,AG,OD,D
10:42:32,JSMR,RG,3960,10,D,CC,OD,D
10:42:32,JSMR,RG,3960,1,D,XL,OD,D
10:42:32,JSMR,RG,3960,12,D,YP,OD,D
10:42:32,JSMR,RG,3960,1,D,PD,OD,D
10:42:32,JSMR,RG,3960,1,D,OD,OD,D
10:42:32,JSMR,RG,3960,1,D,YP,OD,D
10:42:32,JSMR,RG,3960,1,D,EP,OD,D
10:42:32,JSMR,RG,3960,2,F,ZP,OD,D
10:42:32,JSMR,RG,3960,290,D,MG,OD,D
10:42:07,JSMR,RG,3960,15,D,MG,XC,D
10:41:47,JSMR,RG,3970,1,D,XA,AG,D
10:41:16,JSMR,RG,3970,20,D,KK,AG,D
10:40:05,JSMR,RG,3970,1,D,ZP,AG,D
10:38:55,JSMR,RG,3970,10,D,BQ,AG,D
10:37:48,JSMR,RG,3970,3,D,DH,AG,D
10:36:44,JSMR,RG,3960,5,D,MG,PD,D
10:36:16,JSMR,RG,3960,1,D,MG,IF,D
10:33:22,JSMR,RG,3960,1,D,MG,XC,D
10:32:57,JSMR,RG,3960,1,D,MG,XC,D
10:31:49,JSMR,RG,3960,1,D,MG,XC,D
10:31:36,JSMR,RG,3970,20,D,CS,AG,D
10:31:36,JSMR,RG,3970,5,D,XC,AG,D
10:31:36,JSMR,RG,3970,15,F,ZP,AG,D
10:31:36,JSMR,RG,3970,2,D,CS,AG,D
10:31:36,JSMR,RG,3970,2,D,CS,AG,D
10:31:36,JSMR,RG,3970,1,D,XL,AG,D
10:31:36,JSMR,RG,3970,6,D,RO,AG,D
10:31:36,JSMR,RG,3970,1,F,AK,AG,D
10:31:36,JSMR,RG,3970,5,D,XC,AG,D
10:31:36,JSMR,RG,3970,6,D,CS,AG,D
10:31:36,JSMR,RG,3970,4,D,CS,AG,D
10:31:36,JSMR,RG,3970,4,D,CS,AG,D
10:31:36,JSMR,RG,3970,4,D,CS,AG,D
10:31:36,JSMR,RG,3970,1,D,CS,AG,D
10:31:36,JSMR,RG,3970,1,D,YP,AG,D
10:31:36,JSMR,RG,3970,1,D,PD,AG,D
10:31:36,JSMR,RG,3970,1,D,DR,AG,D
10:31:36,JSMR,RG,3970,2,D,CC,AG,D
10:31:36,JSMR,RG,3970,20,D,PD,AG,D
10:31:36,JSMR,RG,3970,10,D,YP,AG,D
10:31:36,JSMR,RG,3970,1,F,CC,AG,D
10:31:36,JSMR,RG,3970,8,D,CS,AG,D
10:31:36,JSMR,RG,3970,5,F,BK,AG,D
10:31:36,JSMR,RG,3970,100,D,PD,AG,D
10:31:36,JSMR,RG,3970,2,D,CS,AG,D
10:30:44,JSMR,RG,3980,5,D,PD,AZ,D
10:30:23,JSMR,RG,3980,1,D,PD,AZ,D
10:30:18,JSMR,RG,3980,2,D,PD,AZ,D
10:30:13,JSMR,RG,3970,5,D,CS,ZP,D
10:30:13,JSMR,RG,3970,1,D,CS,ZP,D
10:30:13,JSMR,RG,3970,6,D,CS,ZP,D
10:30:13,JSMR,RG,3970,4,D,CS,ZP,D
10:30:13,JSMR,RG,3970,10,D,YP,ZP,D
10:30:13,JSMR,RG,3970,4,D,PD,ZP,D
10:30:13,JSMR,RG,3970,12,D,CS,ZP,D
10:30:13,JSMR,RG,3970,2,D,CS,ZP,D
10:30:13,JSMR,RG,3970,20,D,AI,ZP,D
10:30:13,JSMR,RG,3970,2,D,PD,ZP,D
10:30:13,JSMR,RG,3970,10,D,PD,ZP,D
10:30:13,JSMR,RG,3970,15,D,AG,ZP,D
10:30:13,JSMR,RG,3970,2,D,CS,ZP,D
10:30:13,JSMR,RG,3970,4,D,CS,ZP,D
10:30:13,JSMR,RG,3970,3,D,CS,ZP,D
10:28:44,JSMR,RG,3980,14,D,AZ,AZ,D
10:28:44,JSMR,RG,3980,41,D,AZ,DR,D
10:28:23,JSMR,RG,3970,3,D,CS,OD,D
10:28:23,JSMR,RG,3970,13,F,ZP,OD,D
10:28:23,JSMR,RG,3970,10,D,YP,OD,D
10:28:23,JSMR,RG,3970,26,D,XC,OD,D
10:28:23,JSMR,RG,3970,2,D,CS,OD,D
10:28:23,JSMR,RG,3970,8,D,CS,OD,D
10:28:23,JSMR,RG,3970,1,D,CS,OD,D
10:28:23,JSMR,RG,3970,1,D,CS,OD,D
10:28:23,JSMR,RG,3970,7,D,CS,OD,D
10:28:23,JSMR,RG,3970,2,D,CS,OD,D
10:28:23,JSMR,RG,3970,11,D,CC,OD,D
10:28:23,JSMR,RG,3970,1,D,PD,OD,D
10:28:23,JSMR,RG,3970,2,D,CS,OD,D
10:28:23,JSMR,RG,3970,3,D,CS,OD,D
10:28:23,JSMR,RG,3970,3,D,CS,OD,D
10:28:23,JSMR,RG,3970,6,D,CS,OD,D
10:28:23,JSMR,RG,3970,30,D,YP,OD,D
10:28:23,JSMR,RG,3970,1,F,AK,OD,D
10:28:23,JSMR,RG,3970,10,D,KK,OD,D
10:28:23,JSMR,RG,3970,16,F,ZP,OD,D
10:28:23,JSMR,RG,3970,1,D,CS,OD,D
10:28:23,JSMR,RG,3970,2,D,CS,OD,D
10:28:23,JSMR,RG,3970,10,D,CS,OD,D
10:28:23,JSMR,RG,3970,250,D,CC,OD,D
10:28:23,JSMR,RG,3970,81,F,CC,OD,D
10:28:02,JSMR,RG,3980,1,D,YP,DR,D
10:27:45,JSMR,RG,3970,10,F,CC,YP,D
10:27:17,JSMR,RG,3970,68,F,CC,CC,D
10:27:08,JSMR,RG,3980,1,D,XC,DR,D
10:27:03,JSMR,RG,3980,2,D,KK,DR,D
10:26:52,JSMR,RG,3980,3,F,NI,DR,D
10:26:28,JSMR,RG,3980,5,D,XC,DR,D
10:24:40,JSMR,RG,3970,4,F,CC,PD,D
10:24:39,JSMR,RG,3970,100,F,CC,YU,D
10:24:35,JSMR,RG,3980,27,F,CC,DR,D
10:24:35,JSMR,RG,3980,16,F,CC,IP,D
10:24:33,JSMR,RG,3980,4,D,PD,IP,D
10:24:33,JSMR,RG,3980,3,D,PD,YP,D
10:24:26,JSMR,RG,3980,2,D,YP,YP,D
10:24:26,JSMR,RG,3980,26,D,YP,CC,D
10:24:21,JSMR,RG,3980,10,D,XC,CC,D
10:23:58,JSMR,RG,3980,1,D,PD,CC,D
10:23:55,JSMR,RG,3980,2,D,CC,CC,D
10:23:39,JSMR,RG,3980,2,D,PD,CC,D
10:22:02,JSMR,RG,3980,10,D,PD,CC,D
10:21:41,JSMR,RG,3980,12,F,BK,CC,D
10:21:41,JSMR,RG,3980,1,D,PD,CC,D
10:21:39,JSMR,RG,3980,5,D,XL,CC,D
10:21:39,JSMR,RG,3980,5,D,PD,CC,D
10:20:45,JSMR,RG,3980,10,D,PD,CC,D
10:19:35,JSMR,RG,3970,34,F,CC,ZP,F
10:19:35,JSMR,RG,3970,1,D,CS,ZP,F
10:19:35,JSMR,RG,3970,4,F,ZP,ZP,F
10:19:35,JSMR,RG,3970,100,D,KK,ZP,F
10:19:35,JSMR,RG,3970,111,D,AG,ZP,F
10:18:47,JSMR,RG,3980,2,D,PD,CC,D
10:18:39,JSMR,RG,3980,5,D,CC,CC,D
10:17:37,JSMR,RG,3980,15,D,YP,CC,D
10:17:32,JSMR,RG,3980,1,D,XC,CC,D
10:16:58,JSMR,RG,3980,1,D,EP,CC,D
10:16:58,JSMR,RG,3980,1,D,CC,CC,D
10:16:10,JSMR,RG,3980,4,D,YP,CC,D
10:16:04,JSMR,RG,3980,25,F,BK,CC,D
10:16:01,JSMR,RG,3980,1,D,XC,CC,D
10:16:00,JSMR,RG,3980,23,D,SQ,CC,D
10:15:46,JSMR,RG,3980,31,F,CC,CC,D
10:15:42,JSMR,RG,3980,7,D,XC,CC,D
10:15:42,JSMR,RG,3980,2,D,XC,CC,D
10:15:41,JSMR,RG,3980,3,D,SQ,CC,D
10:15:41,JSMR,RG,3980,5,D,SQ,AZ,D
10:15:41,JSMR,RG,3980,10,D,SQ,CC,D
10:15:41,JSMR,RG,3980,2,D,SQ,YP,D
10:15:05,JSMR,RG,3980,2,D,SQ,YP,D
10:14:51,JSMR,RG,3980,78,D,KK,YP,D
10:14:51,JSMR,RG,3980,1,D,KK,KK,D
10:14:51,JSMR,RG,3980,1,D,KK,YP,D
10:14:51,JSMR,RG,3980,2,D,KK,YU,D
10:14:51,JSMR,RG,3980,11,D,KK,YP,D
10:14:51,JSMR,RG,3980,7,D,KK,AG,D
10:14:32,JSMR,RG,3970,11,D,AG,EP,D
10:14:32,JSMR,RG,3970,36,D,AG,CC,D
10:14:32,JSMR,RG,3970,1,D,AG,YP,D
10:14:32,JSMR,RG,3970,45,D,AG,ZP,F
10:14:32,JSMR,RG,3970,96,D,AG,ZP,F
10:14:29,JSMR,RG,3970,26,D,CS,ZP,F
10:14:28,JSMR,RG,3970,100,D,BQ,ZP,F
10:14:19,JSMR,RG,3970,10,D,YP,ZP,F
10:13:56,JSMR,RG,3970,3,D,YP,ZP,F
10:13:19,JSMR,RG,3970,1,D,EP,ZP,F
10:13:18,JSMR,RG,3970,1,D,PD,ZP,F
10:13:06,JSMR,RG,3970,4,D,CS,ZP,F
10:13:06,JSMR,RG,3970,1,D,CS,ZP,F
10:13:06,JSMR,RG,3970,5,F,ZP,ZP,F
10:13:06,JSMR,RG,3970,3,D,NI,ZP,F
10:12:23,JSMR,RG,3970,3,D,CS,AK,F
10:12:14,JSMR,RG,3970,2,D,CS,GR,D
10:12:13,JSMR,RG,3970,1,D,YP,GR,D
10:12:13,JSMR,RG,3970,35,D,YP,CC,D
10:12:13,JSMR,RG,3970,60,D,YP,PD,D
10:12:13,JSMR,RG,3970,2,D,YP,AK,F
10:12:13,JSMR,RG,3970,34,D,YP,CC,D
10:12:13,JSMR,RG,3970,2,D,YP,AK,F
10:12:13,JSMR,RG,3970,31,D,YP,CC,D
10:12:13,JSMR,RG,3970,2,D,YP,AK,F
10:12:13,JSMR,RG,3970,31,D,YP,ZP,F
10:12:13,JSMR,RG,3970,2,D,YP,AK,F
10:12:13,JSMR,RG,3970,63,D,YP,ZP,F
10:12:13,JSMR,RG,3970,500,D,YP,OD,D
10:12:13,JSMR,RG,3970,96,D,YP,ZP,F
10:12:13,JSMR,RG,3970,33,D,YP,CC,D
10:12:13,JSMR,RG,3970,67,D,YP,CC,D
10:12:13,JSMR,RG,3970,32,D,YP,CC,D
10:12:13,JSMR,RG,3970,34,D,YP,CC,D
10:12:13,JSMR,RG,3970,200,D,YP,CC,D
10:12:13,JSMR,RG,3970,2,D,YP,YP,D
10:12:13,JSMR,RG,3970,66,D,YP,ZP,F
10:12:13,JSMR,RG,3970,407,D,YP,AZ,D
10:09:34,JSMR,RG,3970,10,D,OD,AZ,D
10:09:26,JSMR,RG,3970,1,D,XC,AZ,D
10:08:24,JSMR,RG,3970,50,D,PD,AZ,D
10:07:02,JSMR,RG,3960,250,D,MG,ZP,F
10:05:54,JSMR,RG,3970,3,D,XC,AZ,D
10:05:43,JSMR,RG,3970,20,D,YP,AZ,D
10:05:33,JSMR,RG,3970,7,F,CC,AZ,D
10:05:25,JSMR,RG,3970,2,F,CC,AZ,D
10:05:18,JSMR,RG,3970,1,D,YP,YB,D
10:05:11,JSMR,RG,3970,1,D,DH,YB,D
10:04:53,JSMR,RG,3960,10,D,MG,CC,D
10:03:59,JSMR,RG,3960,67,D,MG,ZP,F
10:03:59,JSMR,RG,3960,359,D,MG,OD,D
10:03:52,JSMR,RG,3960,2,D,CS,OD,D
10:03:52,JSMR,RG,3960,10,D,NI,OD,D
10:03:52,JSMR,RG,3960,21,F,ZP,OD,D
10:03:52,JSMR,RG,3960,250,D,PD,OD,D
10:03:52,JSMR,RG,3960,25,D,YP,OD,D
10:03:52,JSMR,RG,3960,1,F,AK,OD,D
10:03:52,JSMR,RG,3960,12,D,CS,OD,D
10:03:52,JSMR,RG,3960,3,D,CC,OD,D
10:03:52,JSMR,RG,3960,1,D,XC,OD,D
10:03:52,JSMR,RG,3960,13,D,XC,OD,D
10:03:52,JSMR,RG,3960,2,D,XC,OD,D
10:03:52,JSMR,RG,3960,150,D,CC,OD,D
10:03:52,JSMR,RG,3960,56,F,CC,OD,D
10:03:52,JSMR,RG,3960,13,D,XC,OD,D
10:03:52,JSMR,RG,3960,3,D,CS,OD,D
10:03:52,JSMR,RG,3960,10,F,AK,OD,D
10:03:52,JSMR,RG,3960,9,F,ZP,OD,D
10:03:52,JSMR,RG,3960,16,D,CS,OD,D
10:03:52,JSMR,RG,3960,44,D,AG,OD,D
10:02:30,JSMR,RG,3960,1,D,AG,PD,D
10:01:57,JSMR,RG,3960,1,D,AG,EP,D
10:01:27,JSMR,RG,3960,1,D,AG,CC,F
10:01:27,JSMR,RG,3960,5,D,AG,NI,D
10:01:27,JSMR,RG,3960,240,D,AG,NI,D
10:01:27,JSMR,RG,3960,3,D,AG,AK,F
10:01:27,JSMR,RG,3960,12,D,AG,YP,D
10:01:27,JSMR,RG,3960,1,D,AG,BQ,D
10:01:27,JSMR,RG,3960,500,D,AG,CC,D
10:01:27,JSMR,RG,3960,12,D,AG,ZP,F
10:01:27,JSMR,RG,3960,85,D,AG,ZP,F
10:01:27,JSMR,RG,3960,32,D,AG,ZP,F
10:01:27,JSMR,RG,3960,17,D,AG,ZP,F
10:01:27,JSMR,RG,3960,4,D,AG,CC,D
10:01:27,JSMR,RG,3960,500,D,AG,AZ,D
10:01:27,JSMR,RG,3960,42,D,AG,OD,D
10:00:52,JSMR,RG,3950,10,D,CS,NI,D
10:00:52,JSMR,RG,3950,2,F,ZP,NI,D
10:00:33,JSMR,RG,3960,10,D,PD,OD,D
10:00:17,JSMR,RG,3960,50,D,PD,OD,D
10:00:01,JSMR,RG,3950,4,F,ZP,PD,D
10:00:01,JSMR,RG,3950,1,D,CS,PD,D
10:00:00,JSMR,RG,3960,25,D,YP,OD,D
9:59:52,JSMR,RG,3960,25,D,YP,OD,D
9:59:18,JSMR,RG,3960,20,D,RG,OD,D
9:59:14,JSMR,RG,3960,1,D,CC,OD,D
9:58:45,JSMR,RG,3960,1,D,XC,OD,D
9:57:28,JSMR,RG,3960,1,D,OD,OD,D
9:56:20,JSMR,RG,3960,19,F,CC,OD,D
9:56:11,JSMR,RG,3960,25,F,BK,OD,D
9:55:40,JSMR,RG,3950,1,D,CS,YP,D
9:54:57,JSMR,RG,3950,5,D,CS,XC,D
9:54:57,JSMR,RG,3950,20,F,BB,XC,D
9:52:16,JSMR,RG,3950,37,F,BB,AG,D
9:52:16,JSMR,RG,3950,263,F,LG,AG,D
9:51:59,JSMR,RG,3950,12,F,LG,YP,D
9:51:59,JSMR,RG,3950,4,F,LG,AK,F
9:51:59,JSMR,RG,3950,3,F,LG,NI,D
9:51:59,JSMR,RG,3950,500,F,LG,AZ,D
9:51:59,JSMR,RG,3950,250,F,LG,ZP,F
9:51:59,JSMR,RG,3950,3,F,LG,AK,F
9:51:59,JSMR,RG,3950,1,F,LG,CC,F
9:51:59,JSMR,RG,3950,101,F,LG,CC,D
9:51:59,JSMR,RG,3950,363,F,LG,CC,D
9:51:53,JSMR,RG,3950,1,D,YP,CC,D
9:50:13,JSMR,RG,3950,10,D,NI,CC,D
9:49:20,JSMR,RG,3950,1,D,YP,CC,D
9:48:24,JSMR,RG,3950,122,D,YP,CC,D
9:47:29,JSMR,RG,3950,2,D,PD,CC,D
9:47:19,JSMR,RG,3950,1,D,XC,CC,D
9:46:42,JSMR,RG,3950,3,D,YP,AK,F
9:46:42,JSMR,RG,3950,10,D,YP,PD,D
9:46:42,JSMR,RG,3950,250,D,YP,ZP,F
9:46:42,JSMR,RG,3950,3,D,YP,AK,F
9:46:42,JSMR,RG,3950,3,D,YP,AK,F
9:46:42,JSMR,RG,3950,3,D,YP,AK,F
9:46:42,JSMR,RG,3950,162,D,YP,ZP,F
9:46:00,JSMR,RG,3950,88,D,CC,ZP,F
9:46:00,JSMR,RG,3950,62,D,CC,KI,D
9:45:59,JSMR,RG,3950,58,D,CC,KI,D
9:45:51,JSMR,RG,3950,8,D,DH,KI,D
9:45:14,JSMR,RG,3950,1,D,PD,KI,D
9:45:07,JSMR,RG,3950,2,D,KK,KI,D
9:44:58,JSMR,RG,3950,5,D,KK,KI,D
9:44:48,JSMR,RG,3950,3,D,MG,KI,D
9:44:05,JSMR,RG,3950,4,D,YB,KI,D
9:43:50,JSMR,RG,3950,10,D,CC,KI,D
9:43:30,JSMR,RG,3950,76,D,CC,KI,D
9:43:09,JSMR,RG,3950,2,D,CS,KI,D
9:43:08,JSMR,RG,3950,4,D,CS,KI,D
9:43:08,JSMR,RG,3950,17,D,CS,KI,D
9:43:08,JSMR,RG,3950,5,D,CS,KI,D
9:43:08,JSMR,RG,3950,25,D,XC,KI,D
9:43:08,JSMR,RG,3950,5,F,BK,KI,D
9:43:08,JSMR,RG,3950,11,D,CS,KI,D
9:43:08,JSMR,RG,3950,1,D,CC,KI,D
9:43:08,JSMR,RG,3950,1,D,EP,KI,D
9:42:59,JSMR,RG,3950,279,F,BB,OD,D
9:42:59,JSMR,RG,3950,1,D,PD,OD,D
9:42:59,JSMR,RG,3950,14,D,CS,OD,D
9:42:59,JSMR,RG,3950,6,D,NI,OD,D
9:42:59,JSMR,RG,3950,10,D,KK,OD,D
9:42:59,JSMR,RG,3950,17,D,CS,OD,D
9:42:59,JSMR,RG,3950,16,D,CS,OD,D
9:42:59,JSMR,RG,3950,1,D,PD,OD,D
9:42:59,JSMR,RG,3950,18,D,CS,OD,D
9:42:59,JSMR,RG,3950,10,D,XC,OD,D
9:42:59,JSMR,RG,3950,7,D,CS,OD,D
9:42:59,JSMR,RG,3950,16,D,CS,OD,D
9:42:59,JSMR,RG,3950,1,D,CC,OD,D
9:42:59,JSMR,RG,3950,13,D,CS,OD,D
9:42:59,JSMR,RG,3950,42,F,ZP,OD,D
9:42:59,JSMR,RG,3950,13,D,XL,OD,D
9:42:59,JSMR,RG,3950,100,D,EP,OD,D
9:42:59,JSMR,RG,3950,300,D,NI,OD,D
9:42:59,JSMR,RG,3950,5,D,PD,OD,D
9:42:59,JSMR,RG,3950,12,D,AZ,OD,D
9:42:59,JSMR,RG,3950,60,D,NI,OD,D
9:42:59,JSMR,RG,3950,5,D,CC,OD,D
9:42:59,JSMR,RG,3950,10,D,PD,OD,D
9:42:59,JSMR,RG,3950,10,D,DR,OD,D
9:42:59,JSMR,RG,3950,6,F,ZP,OD,D
9:42:59,JSMR,RG,3950,1,D,YP,OD,D
9:42:59,JSMR,RG,3950,1000,F,LG,OD,D
9:42:59,JSMR,RG,3950,1,D,DR,OD,D
9:42:59,JSMR,RG,3950,12,D,PD,OD,D
9:42:59,JSMR,RG,3950,3,D,YP,OD,D
9:42:59,JSMR,RG,3950,2,D,PD,OD,D
9:42:59,JSMR,RG,3950,9,D,YP,OD,D
9:42:04,JSMR,RG,3950,1,D,YP,CC,D
9:42:04,JSMR,RG,3950,5,D,YP,CC,D
9:42:04,JSMR,RG,3950,100,D,YP,CC,D
9:42:04,JSMR,RG,3950,5,D,GR,CC,D
9:42:04,JSMR,RG,3950,10,D,YP,CC,D
9:42:04,JSMR,RG,3950,200,D,AG,CC,D
9:42:04,JSMR,RG,3950,25,D,YP,CC,D
9:42:04,JSMR,RG,3950,1,D,EP,CC,D
9:42:04,JSMR,RG,3950,5,D,AI,CC,D
9:42:04,JSMR,RG,3950,2,D,CC,CC,D
9:42:04,JSMR,RG,3950,1,D,XC,CC,D
9:42:04,JSMR,RG,3950,10,D,YP,CC,D
9:42:04,JSMR,RG,3950,5,D,XC,CC,D
9:42:04,JSMR,RG,3950,3,D,PD,CC,D
9:42:04,JSMR,RG,3950,1,D,YP,CC,D
9:42:04,JSMR,RG,3950,20,D,DH,CC,D
9:42:04,JSMR,RG,3950,50,D,CC,CC,D
9:42:04,JSMR,RG,3950,1,D,OD,CC,D
9:42:04,JSMR,RG,3950,1,D,XC,CC,D
9:42:04,JSMR,RG,3950,2,D,DR,CC,D
9:42:04,JSMR,RG,3950,3,D,YP,CC,D
9:42:04,JSMR,RG,3950,5,D,OD,CC,D
9:42:04,JSMR,RG,3950,3,D,CC,CC,D
9:42:04,JSMR,RG,3950,1,D,XC,CC,D
9:42:04,JSMR,RG,3950,1,D,PD,CC,D
9:42:04,JSMR,RG,3950,1,D,XC,CC,D
9:42:04,JSMR,RG,3950,38,F,AK,CC,D
9:40:49,JSMR,RG,3950,25,F,AK,PD,D
9:40:24,JSMR,RG,3960,2,F,ZP,OD,D
9:40:22,JSMR,RG,3960,5,D,XA,OD,D
9:39:43,JSMR,RG,3960,15,D,NI,OD,D
9:39:40,JSMR,RG,3960,3,F,ZP,OD,D
9:38:08,JSMR,RG,3960,2,D,XC,OD,D
9:38:05,JSMR,RG,3960,1,D,NI,OD,D
9:37:50,JSMR,RG,3960,7,F,ZP,OD,D
9:37:33,JSMR,RG,3960,1,D,YP,OD,D
9:37:12,JSMR,RG,3960,2,D,PD,OD,D
9:37:09,JSMR,RG,3960,2,D,PD,OD,D
9:35:56,JSMR,RG,3950,18,F,AK,YP,D
9:35:21,JSMR,RG,3960,1,F,ZP,OD,D
9:35:06,JSMR,RG,3960,1,F,AK,OD,D
9:35:02,JSMR,RG,3960,20,F,ZP,OD,D
9:34:54,JSMR,RG,3960,50,D,YP,OD,D
9:32:24,JSMR,RG,3960,2,D,XC,OD,D
9:32:18,JSMR,RG,3950,19,F,AK,XC,D
9:32:18,JSMR,RG,3950,1,D,YP,XC,D
9:31:58,JSMR,RG,3960,4,D,EP,OD,D
9:31:13,JSMR,RG,3960,100,F,YP,OD,D
9:30:53,JSMR,RG,3960,1,D,XC,OD,D
9:30:51,JSMR,RG,3960,1,D,CC,OD,D
9:30:48,JSMR,RG,3960,20,D,CS,OD,D
9:30:48,JSMR,RG,3960,7,D,CS,OD,D
9:30:48,JSMR,RG,3960,10,D,SQ,OD,D
9:30:48,JSMR,RG,3960,24,D,XC,OD,D
9:30:46,JSMR,RG,3960,10,D,XC,OD,D
9:30:46,JSMR,RG,3960,5,D,NI,OD,D
9:30:46,JSMR,RG,3960,2,D,CC,OD,D
9:30:46,JSMR,RG,3960,17,D,CS,OD,D
9:30:46,JSMR,RG,3960,100,D,LS,OD,D
9:30:46,JSMR,RG,3960,4,D,CC,OD,D
9:30:46,JSMR,RG,3960,5,F,BK,OD,D
9:30:46,JSMR,RG,3960,12,D,AZ,OD,D
9:30:46,JSMR,RG,3960,6,D,CS,OD,D
9:30:46,JSMR,RG,3960,38,D,YP,OD,D
9:30:46,JSMR,RG,3960,1,F,CC,OD,D
9:30:46,JSMR,RG,3960,1,D,OD,OD,D
9:30:46,JSMR,RG,3960,13,D,CS,OD,D
9:30:46,JSMR,RG,3960,1,D,DR,OD,D
9:30:46,JSMR,RG,3960,18,D,CS,OD,D
9:30:46,JSMR,RG,3960,11,D,CS,OD,D
9:30:46,JSMR,RG,3960,1,D,YP,OD,D
9:30:46,JSMR,RG,3960,6,F,ZP,OD,D
9:30:46,JSMR,RG,3960,8,D,CS,OD,D
9:30:46,JSMR,RG,3960,15,D,DR,OD,D
9:30:46,JSMR,RG,3960,5,D,XC,OD,D
9:30:46,JSMR,RG,3960,3,D,DH,OD,D
9:30:46,JSMR,RG,3960,1,D,GR,OD,D
9:30:46,JSMR,RG,3960,3,D,PD,OD,D
9:30:46,JSMR,RG,3960,5,D,YP,OD,D
9:30:46,JSMR,RG,3960,1,D,EP,OD,D
9:30:46,JSMR,RG,3960,1,D,CS,OD,D
9:30:46,JSMR,RG,3960,130,D,YP,OD,D
9:30:46,JSMR,RG,3960,4,F,ZP,OD,D
9:30:46,JSMR,RG,3960,2,D,CC,OD,D
9:30:46,JSMR,RG,3960,1,D,KK,OD,D
9:30:46,JSMR,RG,3960,50,D,EP,OD,D
9:30:46,JSMR,RG,3960,2,D,PD,OD,D
9:30:46,JSMR,RG,3960,1,D,EP,OD,D
9:30:46,JSMR,RG,3960,17,D,YP,OD,D
9:30:38,JSMR,RG,3970,2,D,CC,CC,D
9:30:36,JSMR,RG,3960,5,D,YP,PD,D
9:29:31,JSMR,RG,3970,15,D,CS,CC,D
9:29:19,JSMR,RG,3970,3,F,ZP,CC,D
9:29:16,JSMR,RG,3970,20,D,LS,CC,D
9:29:16,JSMR,RG,3970,1,D,LS,SQ,D
9:29:16,JSMR,RG,3970,10,D,LS,YP,D
9:29:16,JSMR,RG,3970,4,D,LS,AK,F
9:29:16,JSMR,RG,3970,55,D,LS,CC,D
9:29:16,JSMR,RG,3970,10,D,LS,KI,D
9:28:53,JSMR,RG,3970,1,D,XL,KI,D
9:28:11,JSMR,RG,3960,1,D,YP,NI,D
9:27:38,JSMR,RG,3970,10,D,PD,KI,D
9:27:21,JSMR,RG,3970,34,D,CS,KI,D
9:27:20,JSMR,RG,3970,16,F,ZP,KI,D
9:26:49,JSMR,RG,3970,48,D,YP,KI,D
9:26:46,JSMR,RG,3960,2,D,YP,XC,D
9:26:15,JSMR,RG,3970,26,D,DH,KI,D
9:25:33,JSMR,RG,3970,1,D,OD,KI,D
9:25:25,JSMR,RG,3970,5,D,YP,KI,D
9:25:06,JSMR,RG,3970,15,D,EP,KI,D
9:24:27,JSMR,RG,3970,1,D,YP,KI,D
9:24:08,JSMR,RG,3970,2,D,PD,KI,D
9:23:40,JSMR,RG,3970,1,D,YB,KI,D
9:23:14,JSMR,RG,3970,4,D,OD,KI,D
9:22:54,JSMR,RG,3970,10,D,CC,KI,D
9:22:29,JSMR,RG,3980,11,D,CS,AG,D
9:22:29,JSMR,RG,3970,6,D,CS,KI,D
9:22:28,JSMR,RG,3970,5,D,CS,KI,D
9:22:28,JSMR,RG,3970,6,D,CS,KI,D
9:22:28,JSMR,RG,3970,150,D,YP,KI,D
9:22:28,JSMR,RG,3970,1,D,XC,KI,D
9:22:28,JSMR,RG,3970,4,D,CS,KI,D
9:22:28,JSMR,RG,3970,22,F,ZP,KI,D
9:22:28,JSMR,RG,3970,6,D,AG,KI,D
9:22:11,JSMR,RG,3980,2,D,XC,AG,D
9:21:24,JSMR,RG,3970,1,D,AG,YP,D
9:21:07,JSMR,RG,3970,55,D,AG,CC,D
9:21:07,JSMR,RG,3970,22,D,AG,AK,F
9:21:07,JSMR,RG,3970,2,D,AG,XC,D
9:21:07,JSMR,RG,3970,10,D,AG,XC,D
9:21:07,JSMR,RG,3970,1,D,AG,EP,D
9:21:07,JSMR,RG,3970,25,D,AG,CC,D
9:21:07,JSMR,RG,3970,24,D,AG,CC,D
9:21:07,JSMR,RG,3970,200,D,AG,CC,D
9:21:07,JSMR,RG,3970,5,D,AG,GR,D
9:21:07,JSMR,RG,3970,3,D,AG,EP,D
9:21:07,JSMR,RG,3970,25,D,AG,EP,D
9:21:07,JSMR,RG,3970,1,D,AG,LG,D
9:21:07,JSMR,RG,3970,2,D,AG,YB,D
9:21:07,JSMR,RG,3970,68,D,AG,DR,D
9:21:06,JSMR,RG,3970,1,D,PD,DR,D
9:19:53,JSMR,RG,3970,2,D,PD,DR,D
9:19:19,JSMR,RG,3970,20,D,YP,DR,D
9:19:07,JSMR,RG,3970,1,D,HP,DR,D
9:19:00,JSMR,RG,3970,1,D,XC,DR,D
9:18:30,JSMR,RG,3970,2,D,YP,DR,D
9:16:41,JSMR,RG,3970,2,D,XC,DR,D
9:16:37,JSMR,RG,3960,2,D,YP,CC,D
9:16:37,JSMR,RG,3960,1,D,XC,CC,D
9:16:37,JSMR,RG,3960,1,D,YP,CC,D
9:16:37,JSMR,RG,3960,4,F,ZP,CC,D
9:16:37,JSMR,RG,3960,5,D,YP,CC,D
9:16:35,JSMR,RG,3970,1,D,YP,DR,D
9:16:07,JSMR,RG,3960,1,D,YP,PD,D
9:15:46,JSMR,RG,3970,1,D,DH,DR,D
9:15:16,JSMR,RG,3970,1,D,YP,DR,D
9:15:16,JSMR,RG,3970,5,D,YP,CC,D
9:15:16,JSMR,RG,3970,13,D,YP,AG,D
9:14:25,JSMR,RG,3970,1,D,YP,AG,D
9:14:14,JSMR,RG,3960,7,D,YP,CC,D
9:12:56,JSMR,RG,3960,8,D,YP,CC,D
9:12:19,JSMR,RG,3960,10,D,YP,DR,D
9:12:16,JSMR,RG,3960,14,D,YP,IF,D
9:11:42,JSMR,RG,3960,67,D,YP,YP,D
9:11:42,JSMR,RG,3960,100,F,BB,YP,D
9:11:42,JSMR,RG,3960,1,F,ZP,YP,D
9:11:42,JSMR,RG,3960,2,F,BB,YP,D
9:11:24,JSMR,RG,3960,1,F,BB,CC,D
9:11:16,JSMR,RG,3960,6,F,BB,YP,D
9:10:38,JSMR,RG,3960,2,F,BB,CC,D
9:10:37,JSMR,RG,3970,1,D,YP,AG,D
9:10:17,JSMR,RG,3960,39,F,BB,AG,D
9:10:16,JSMR,RG,3960,9,F,ZP,AG,D
9:10:16,JSMR,RG,3960,100,D,DU,AG,D
9:10:16,JSMR,RG,3960,2,D,OD,AG,D
9:10:16,JSMR,RG,3960,50,F,AK,AG,D
9:10:01,JSMR,RG,3970,8,D,PD,AG,D
9:09:56,JSMR,RG,3960,50,F,AK,YP,D
9:09:56,JSMR,RG,3960,50,F,BB,YP,D
9:09:51,JSMR,RG,3970,3,D,XC,AG,D
9:09:44,JSMR,RG,3970,1,D,XC,AG,D
9:09:35,JSMR,RG,3970,5,D,NI,AG,D
9:09:35,JSMR,RG,3970,1,D,YP,AG,D
9:09:35,JSMR,RG,3970,10,D,NI,AG,D
9:09:35,JSMR,RG,3970,2,D,PD,AG,D
9:09:35,JSMR,RG,3970,6,F,ZP,AG,D
9:09:35,JSMR,RG,3970,2,D,OD,AG,D
9:09:35,JSMR,RG,3970,47,F,AK,AG,D
9:09:26,JSMR,RG,3970,15,F,AK,YP,D
9:07:58,JSMR,RG,3970,1,F,AK,EP,D
9:07:56,JSMR,RG,3970,27,F,AK,NI,D
9:07:56,JSMR,RG,3970,8,F,ZP,NI,D
9:07:56,JSMR,RG,3970,5,D,YP,NI,D
9:07:48,JSMR,RG,3970,5,D,YP,YP,D
9:06:23,JSMR,RG,3970,2,D,YP,LG,D
9:06:23,JSMR,RG,3970,18,D,YP,EP,D
9:06:19,JSMR,RG,3970,7,D,YP,EP,D
9:06:19,JSMR,RG,3970,3,D,YP,PD,D
9:06:03,JSMR,RG,3970,6,D,YP,PD,D
9:06:03,JSMR,RG,3970,2,D,YP,YP,D
9:06:03,JSMR,RG,3970,2,D,YP,YP,D
9:05:56,JSMR,RG,3970,5,D,YP,YP,D
9:05:48,JSMR,RG,3970,15,D,YP,YP,D
9:05:48,JSMR,RG,3970,46,D,YP,OD,D
9:05:30,JSMR,RG,3970,4,D,CP,OD,D
9:04:44,JSMR,RG,3950,58,F,BB,IF,D
9:04:44,JSMR,RG,3950,1,D,EP,IF,D
9:04:44,JSMR,RG,3950,348,D,BQ,IF,D
9:04:44,JSMR,RG,3950,3,D,GR,IF,D
9:04:44,JSMR,RG,3950,1,D,YP,IF,D
9:04:44,JSMR,RG,3950,10,F,KK,IF,D
9:04:44,JSMR,RG,3950,10,D,CC,IF,D
9:04:44,JSMR,RG,3950,1,D,YP,IF,D
9:04:44,JSMR,RG,3950,2,D,IF,IF,D
9:04:44,JSMR,RG,3950,2,D,CC,IF,D
9:04:44,JSMR,RG,3950,25,D,PD,IF,D
9:04:44,JSMR,RG,3950,273,D,GR,IF,D
9:04:44,JSMR,RG,3960,3,D,CC,IF,D
9:04:44,JSMR,RG,3960,3,D,YP,IF,D
9:04:44,JSMR,RG,3960,2,D,DR,IF,D
9:04:44,JSMR,RG,3960,55,D,KK,IF,D
9:04:44,JSMR,RG,3960,50,D,YU,IF,D
9:04:44,JSMR,RG,3960,33,D,YU,IF,D
9:04:44,JSMR,RG,3970,10,F,ZP,IF,D
9:04:44,JSMR,RG,3970,1,D,DR,IF,D
9:04:44,JSMR,RG,3970,3,D,EP,IF,D
9:04:44,JSMR,RG,3970,5,F,BK,IF,D
9:04:44,JSMR,RG,3970,13,F,ZP,IF,D
9:04:44,JSMR,RG,3970,43,F,BB,IF,D
9:04:22,JSMR,RG,3980,2,D,XC,AG,D
9:04:00,JSMR,RG,3980,1,D,XC,AG,D
9:03:50,JSMR,RG,3980,11,D,EP,AG,D
9:03:13,JSMR,RG,3980,1,D,CC,AG,D
9:03:05,JSMR,RG,3980,10,D,XC,AG,D
9:02:53,JSMR,RG,3980,35,D,KK,AG,D
9:02:52,JSMR,RG,3980,20,D,BQ,AG,D
9:02:23,JSMR,RG,3970,1,F,BB,CC,F
9:02:23,JSMR,RG,3970,6,F,BB,NI,D
9:02:07,JSMR,RG,3960,13,D,YU,PD,D
9:02:00,JSMR,RG,3970,2,D,DR,PD,D
9:01:57,JSMR,RG,3970,3,D,YP,PD,D
9:01:37,JSMR,RG,3970,1,D,PD,PD,D
9:01:30,JSMR,RG,3960,4,D,YU,YP,D
9:00:50,JSMR,RG,3970,1,D,YP,PD,D
9:00:25,JSMR,RG,3950,4,D,GR,NI,D
9:00:09,JSMR,RG,3970,1,D,KK,YU,D
9:00:09,JSMR,RG,3970,1,D,KK,YP,D
9:00:09,JSMR,RG,3970,1,D,KK,YP,D
9:00:08,JSMR,RG,3950,5,D,GR,PD,D
9:00:08,JSMR,RG,3960,1,D,YP,PD,D
9:00:06,JSMR,RG,3960,1,D,YP,YU,D
8:55:00,JSMR,RG,3950,23,D,GR,OD,D
8:55:00,JSMR,RG,3950,2,D,GR,OD,D
8:55:00,JSMR,RG,3950,1,D,GR,YP,D
8:55:00,JSMR,RG,3950,272,D,GR,DR,D
8:55:00,JSMR,RG,3950,2,D,GR,AZ,D
8:55:00,JSMR,RG,3950,50,D,GR,LG,D
8:55:00,JSMR,RG,3950,2,D,GR,YB,D
8:55:00,JSMR,RG,3950,9,D,GR,KK,D
8:55:00,JSMR,RG,3950,73,D,GR,YP,D
8:55:00,JSMR,RG,3950,1,D,PD,YP,D
8:55:00,JSMR,RG,3950,1,D,PD,YP,D
8:55:00,JSMR,RG,3950,5,D,PD,YP,D
8:55:00,JSMR,RG,3950,1,D,PD,YP,D
8:55:00,JSMR,RG,3950,5,D,XC,YP,D
8:55:00,JSMR,RG,3950,7,D,XC,EP,D
8:55:00,JSMR,RG,3950,1,D,XC,EP,D
8:55:00,JSMR,RG,3950,1,D,KK,EP,D
8:55:00,JSMR,RG,3950,4,D,EP,EP,D
8:55:00,JSMR,RG,3950,21,F,BB,EP,D
8:55:00,JSMR,RG,3950,5,F,ZP,EP,D
8:55:00,JSMR,RG,3950,1,F,BK,EP,D
8:55:00,JSMR,RG,3950,20,D,MG,EP,D