Time,Stock,Brd,Price,Qty,BT,BC,SC,ST
15:14:58,JSMR,RG,3860,1,D,AI,YP,D
15:14:41,JSMR,RG,3860,2,D,AI,YP,D
15:14:32,JSMR,RG,3860,2,D,AI,YP,D
15:14:24,JSMR,RG,3860,2,D,AI,YP,D
15:14:13,JSMR,RG,3860,2,D,AI,YP,D
15:14:06,JSMR,RG,3860,2,D,AI,YP,D
15:13:58,JSMR,RG,3860,2,D,AI,YP,D
15:13:51,JSMR,RG,3860,2,D,AI,YP,D
15:12:07,JSMR,RG,3860,1,D,AI,XC,D
15:10:25,JSMR,RG,3860,2,D,AI,XC,D
15:09:36,JSMR,RG,3860,1,D,AI,YP,D
15:09:24,JSMR,RG,3860,2,D,AI,YP,D
15:09:14,JSMR,RG,3860,2,D,AI,CC,D
15:08:51,JSMR,RG,3860,2,D,AI,YP,D
15:07:31,JSMR,RG,3860,3,D,AI,CC,D
15:06:44,JSMR,RG,3860,14,D,AI,KK,D
15:04:22,JSMR,RG,3860,91,D,CC,AG,D
15:04:04,JSMR,RG,3860,1,D,YP,AG,D
15:04:04,JSMR,RG,3860,100,D,AI,AG,D
15:04:04,JSMR,RG,3860,2,D,KK,AG,D
15:04:04,JSMR,RG,3860,6,D,SQ,AG,D
15:02:42,JSMR,RG,3860,94,D,SQ,AG,D
15:02:42,JSMR,RG,3860,95,F,CS,AG,D
15:02:42,JSMR,RG,3860,200,D,YP,AG,D
15:02:42,JSMR,RG,3860,10,D,CC,AG,D
15:02:42,JSMR,RG,3860,10,D,NI,AG,D
15:02:42,JSMR,RG,3860,5,D,PD,AG,D
15:02:42,JSMR,RG,3860,1,D,CC,AG,D
15:02:42,JSMR,RG,3860,2,D,YP,AG,D
15:02:42,JSMR,RG,3860,1,D,SQ,AG,D
15:02:42,JSMR,RG,3860,10,D,GR,AG,D
15:02:42,JSMR,RG,3860,1,D,EP,AG,D
15:02:42,JSMR,RG,3860,100,D,CC,AG,D
15:02:42,JSMR,RG,3860,1,D,PD,AG,D
15:02:42,JSMR,RG,3860,1,D,YB,AG,D
15:02:42,JSMR,RG,3860,10,D,NI,AG,D
15:02:42,JSMR,RG,3860,10,D,SH,AG,D
15:02:42,JSMR,RG,3860,2,D,EP,AG,D
15:02:42,JSMR,RG,3860,2,D,XC,AG,D
15:02:42,JSMR,RG,3860,5,D,AZ,AG,D
15:02:42,JSMR,RG,3860,15,D,NI,AG,D
15:02:42,JSMR,RG,3860,3,D,PD,AG,D
15:02:42,JSMR,RG,3860,1,D,KK,AG,D
15:02:42,JSMR,RG,3860,10,D,YU,AG,D
15:02:42,JSMR,RG,3860,2,D,KK,AG,D
15:02:42,JSMR,RG,3860,1,D,YP,AG,D
15:02:42,JSMR,RG,3860,1,D,CC,AG,D
15:02:42,JSMR,RG,3860,5,D,GR,AG,D
15:02:42,JSMR,RG,3860,100,D,GR,AG,D
15:02:42,JSMR,RG,3860,8,D,SQ,AG,D
15:02:42,JSMR,RG,3860,1,D,YP,AG,D
15:02:42,JSMR,RG,3860,3,D,XC,AG,D
15:02:42,JSMR,RG,3860,1,D,PD,AG,D
15:02:42,JSMR,RG,3860,30,D,CC,AG,D
15:02:42,JSMR,RG,3860,10,D,NI,AG,D
15:02:42,JSMR,RG,3860,1,D,DH,AG,D
15:02:42,JSMR,RG,3860,10,D,YP,AG,D
15:02:42,JSMR,RG,3860,1,D,NI,AG,D
15:02:42,JSMR,RG,3860,2,D,SQ,AG,D
15:02:42,JSMR,RG,3860,1,D,YP,AG,D
15:02:42,JSMR,RG,3860,30,D,CC,AG,D
15:02:42,JSMR,RG,3860,4,D,YP,AG,D
15:00:00,JSMR,RG,3860,2,D,YP,AG,D
15:00:00,JSMR,RG,3860,1,D,YP,AG,D
15:00:00,JSMR,RG,3860,2,D,XC,AG,D
15:00:00,JSMR,RG,3860,1,D,DH,AG,D
15:00:00,JSMR,RG,3860,10,D,DR,AG,D
15:00:00,JSMR,RG,3860,100,D,XA,AG,D
15:00:00,JSMR,RG,3860,25,D,YP,AG,D
15:00:00,JSMR,RG,3860,5,D,YP,AG,D
15:00:00,JSMR,RG,3860,3,D,LG,AG,D
15:00:00,JSMR,RG,3860,10,D,EP,AG,D
15:00:00,JSMR,RG,3860,1,D,GR,AG,D
15:00:00,JSMR,RG,3860,1,D,CC,AG,D
15:00:00,JSMR,RG,3860,1,D,XC,AG,D
15:00:00,JSMR,RG,3860,2,D,PD,AG,D
15:00:00,JSMR,RG,3860,10,D,LG,AG,D
15:00:00,JSMR,RG,3860,2,D,CC,AG,D
15:00:00,JSMR,RG,3860,2,D,PD,AG,D
15:00:00,JSMR,RG,3860,1,D,XC,AG,D
15:00:00,JSMR,RG,3860,1,D,OD,AG,D
15:00:00,JSMR,RG,3860,26,D,SQ,AG,D
15:00:00,JSMR,RG,3860,2,D,PD,AG,D
15:00:00,JSMR,RG,3860,2,D,PD,AG,D
15:00:00,JSMR,RG,3860,10,D,EP,AG,D
15:00:00,JSMR,RG,3860,1,D,XC,AG,D
15:00:00,JSMR,RG,3860,1,D,NI,AG,D
15:00:00,JSMR,RG,3860,1,D,PD,AG,D
15:00:00,JSMR,RG,3860,1,D,YB,AG,D
15:00:00,JSMR,RG,3860,1,D,EP,AG,D
15:00:00,JSMR,RG,3860,25,D,YU,AG,D
15:00:00,JSMR,RG,3860,1,D,KK,AG,D
15:00:00,JSMR,RG,3860,10,D,SH,AG,D
15:00:00,JSMR,RG,3860,1,D,KK,AG,D
15:00:00,JSMR,RG,3860,5,D,PD,AG,D
15:00:00,JSMR,RG,3860,3,D,XC,AG,D
15:00:00,JSMR,RG,3860,200,D,AZ,AG,D
15:00:00,JSMR,RG,3860,2,D,PD,AG,D
15:00:00,JSMR,RG,3860,10,D,PS,AG,D
15:00:00,JSMR,RG,3860,2,D,NI,AG,D
15:00:00,JSMR,RG,3860,10,D,XL,AG,D
15:00:00,JSMR,RG,3860,1,D,SQ,AG,D
15:00:00,JSMR,RG,3860,1,D,CC,AG,D
15:00:00,JSMR,RG,3860,4,D,CC,AG,D
15:00:00,JSMR,RG,3860,1,D,CC,HP,D
15:00:00,JSMR,RG,3860,5,D,CC,DH,D
14:49:00,JSMR,RG,3880,1,F,AK,NI,D
14:48:31,JSMR,RG,3880,151,D,LG,NI,D
14:48:31,JSMR,RG,3880,10,D,LG,DR,D
14:48:31,JSMR,RG,3880,3,D,LG,XC,D
14:48:31,JSMR,RG,3880,99,D,LG,MG,D
14:48:30,JSMR,RG,3870,20,D,LG,ZP,D
14:48:04,JSMR,RG,3880,3,D,KZ,MG,D
14:48:04,JSMR,RG,3880,13,D,KZ,MG,D
14:47:54,JSMR,RG,3880,25,D,OD,MG,D
14:47:49,JSMR,RG,3870,17,D,LG,CC,D
14:47:49,JSMR,RG,3870,1,D,KZ,CC,D
14:47:49,JSMR,RG,3870,13,D,LG,CC,D
14:47:49,JSMR,RG,3870,19,D,LG,CC,D
14:47:45,JSMR,RG,3880,1,F,AK,MG,D
14:47:43,JSMR,RG,3870,1,D,LG,CS,D
14:47:32,JSMR,RG,3870,5,D,LG,CS,D
14:47:14,JSMR,RG,3870,20,D,LG,XC,D
14:47:13,JSMR,RG,3870,3,D,LG,CS,D
14:47:13,JSMR,RG,3870,1,D,LG,CS,D
14:47:13,JSMR,RG,3870,2,D,LG,CS,D
14:46:42,JSMR,RG,3870,5,D,LG,CS,D
14:46:41,JSMR,RG,3870,2,D,LG,CS,D
14:46:12,JSMR,RG,3870,7,D,LG,CS,D
14:45:25,JSMR,RG,3870,2,D,LG,AK,F
14:45:17,JSMR,RG,3870,23,D,LG,CS,D
14:44:53,JSMR,RG,3860,1,D,LG,PD,D
14:44:39,JSMR,RG,3880,1,D,CC,MG,D
14:44:32,JSMR,RG,3880,1,D,CC,MG,D
14:44:30,JSMR,RG,3870,1,F,AK,CS,D
14:44:30,JSMR,RG,3870,1,F,AK,CS,D
14:44:28,JSMR,RG,3870,2,D,CC,CS,D
14:44:27,JSMR,RG,3870,6,D,OD,CS,D
14:44:10,JSMR,RG,3870,6,D,XC,CC,D
14:43:50,JSMR,RG,3870,7,D,OD,CC,D
14:42:50,JSMR,RG,3870,5,D,OD,CC,D
14:41:52,JSMR,RG,3870,5,D,OD,CC,D
14:41:34,JSMR,RG,3860,1,D,LG,XL,D
14:40:52,JSMR,RG,3870,7,D,OD,CC,D
14:40:39,JSMR,RG,3870,39,D,KZ,CC,D
14:40:09,JSMR,RG,3870,1,D,KZ,CC,D
14:39:50,JSMR,RG,3860,1,D,LG,XL,D
14:39:19,JSMR,RG,3870,1,D,XL,CC,D
14:39:09,JSMR,RG,3870,6,D,OD,CC,D
14:39:09,JSMR,RG,3870,43,D,CC,CC,D
14:38:39,JSMR,RG,3870,12,D,CC,XC,D
14:38:24,JSMR,RG,3870,1,D,CC,CS,D
14:38:24,JSMR,RG,3870,4,D,CC,CS,D
14:38:24,JSMR,RG,3870,3,D,CC,CS,D
14:38:24,JSMR,RG,3870,3,D,CC,CS,D
14:38:23,JSMR,RG,3870,5,D,CC,CS,D
14:38:23,JSMR,RG,3870,3,D,CC,CS,D
14:38:23,JSMR,RG,3870,26,D,CC,CC,D
14:38:20,JSMR,RG,3870,10,D,NI,CC,D
14:38:20,JSMR,RG,3870,1,F,AK,CC,D
14:38:20,JSMR,RG,3870,1,F,CS,CC,D
14:38:20,JSMR,RG,3870,7,D,OD,CC,D
14:38:20,JSMR,RG,3870,5,D,XL,CC,D
14:37:58,JSMR,RG,3880,3,D,OD,MG,D
14:37:29,JSMR,RG,3870,3,D,OD,AK,F
14:37:12,JSMR,RG,3860,20,D,LG,YP,D
14:36:52,JSMR,RG,3880,6,D,OD,MG,D
14:36:43,JSMR,RG,3870,1,F,AK,YP,D
14:36:43,JSMR,RG,3870,3,F,AK,YP,D
14:36:43,JSMR,RG,3870,1,D,PD,YP,D
14:35:54,JSMR,RG,3880,6,D,OD,MG,D
14:34:52,JSMR,RG,3880,6,D,OD,MG,D
14:34:34,JSMR,RG,3880,1,D,XC,MG,D
14:34:04,JSMR,RG,3880,11,D,KZ,MG,D
14:33:52,JSMR,RG,3880,6,D,OD,MG,D
14:33:51,JSMR,RG,3870,34,D,KZ,DR,D
14:33:51,JSMR,RG,3870,20,D,YU,DR,D
14:33:51,JSMR,RG,3870,2,F,AK,DR,D
14:33:51,JSMR,RG,3870,1,F,AK,DR,D
14:33:51,JSMR,RG,3870,135,D,LG,DR,D
14:33:51,JSMR,RG,3870,8,D,KZ,DR,D
14:33:33,JSMR,RG,3880,9,D,CC,MG,D
14:33:30,JSMR,RG,3870,3,D,KZ,IP,D
14:33:30,JSMR,RG,3870,22,D,KZ,IP,D
14:32:50,JSMR,RG,3880,6,D,OD,MG,D
14:32:49,JSMR,RG,3880,2,D,NI,MG,D
14:32:30,JSMR,RG,3880,25,D,YP,MG,D
14:31:48,JSMR,RG,3880,6,D,OD,MG,D
14:30:50,JSMR,RG,3880,6,D,OD,MG,D
14:30:45,JSMR,RG,3880,10,D,EP,MG,D
14:29:47,JSMR,RG,3880,3,D,OD,MG,D
14:29:36,JSMR,RG,3880,1,F,AK,MG,D
14:29:36,JSMR,RG,3880,1,F,AK,XC,D
14:29:36,JSMR,RG,3880,1,F,AK,XC,D
14:29:04,JSMR,RG,3870,2,D,OD,PD,D
14:29:04,JSMR,RG,3870,7,D,CC,PD,D
14:29:04,JSMR,RG,3870,1,D,LG,PD,D
14:29:02,JSMR,RG,3870,7,D,LG,AK,F
14:29:02,JSMR,RG,3870,13,D,LG,AK,F
14:29:01,JSMR,RG,3870,4,D,LG,CS,D
14:29:01,JSMR,RG,3870,8,D,LG,CS,D
14:29:01,JSMR,RG,3870,8,D,LG,CS,D
14:29:01,JSMR,RG,3870,1,D,LG,CS,D
14:29:01,JSMR,RG,3870,11,D,LG,CS,D
14:29:01,JSMR,RG,3870,10,D,LG,EP,D
14:29:01,JSMR,RG,3870,15,D,LG,EP,D
14:29:01,JSMR,RG,3870,1,D,LG,SQ,D
14:29:01,JSMR,RG,3870,1,D,LG,XC,D
14:29:01,JSMR,RG,3870,8,D,LG,CS,D
14:29:01,JSMR,RG,3870,4,D,LG,CS,D
14:29:01,JSMR,RG,3870,10,D,LG,EP,D
14:29:01,JSMR,RG,3870,12,D,LG,CS,D
14:29:01,JSMR,RG,3870,1,D,LG,YP,D
14:29:01,JSMR,RG,3870,5,D,LG,CS,D
14:29:01,JSMR,RG,3870,3,D,LG,PD,D
14:29:01,JSMR,RG,3870,1,D,LG,CS,D
14:29:01,JSMR,RG,3870,1,D,LG,CS,D
14:29:01,JSMR,RG,3870,4,D,LG,CS,D
14:29:01,JSMR,RG,3870,71,D,LG,OD,D
14:28:59,JSMR,RG,3870,1,F,CS,OD,D
14:28:47,JSMR,RG,3870,6,D,OD,OD,D
14:28:41,JSMR,RG,3860,235,D,LG,DH,D
14:28:41,JSMR,RG,3860,10,D,PD,DH,D
14:28:41,JSMR,RG,3860,1,D,CC,DH,D
14:28:41,JSMR,RG,3860,250,D,IT,DH,D
14:28:41,JSMR,RG,3860,100,D,NI,DH,D
14:28:41,JSMR,RG,3860,100,D,CP,DH,D
14:28:41,JSMR,RG,3860,1,D,PD,DH,D
14:28:41,JSMR,RG,3860,2,D,PD,DH,D
14:28:41,JSMR,RG,3860,10,D,CC,DH,D
14:28:41,JSMR,RG,3860,1,D,YP,DH,D
14:28:41,JSMR,RG,3860,21,D,CC,DH,D
14:28:41,JSMR,RG,3860,1,D,CD,DH,D
14:28:41,JSMR,RG,3860,8,D,YP,DH,D
14:28:41,JSMR,RG,3860,5,D,EP,DH,D
14:28:41,JSMR,RG,3860,1,D,CC,DH,D
14:28:41,JSMR,RG,3860,10,D,XC,DH,D
14:28:41,JSMR,RG,3860,1,D,CC,DH,D
14:28:41,JSMR,RG,3860,10,D,XC,DH,D
14:28:41,JSMR,RG,3860,20,D,YP,DH,D
14:28:41,JSMR,RG,3860,1,D,NI,DH,D
14:28:41,JSMR,RG,3860,10,D,XC,DH,D
14:28:41,JSMR,RG,3860,10,D,SQ,DH,D
14:28:41,JSMR,RG,3860,5,D,CC,DH,D
14:28:41,JSMR,RG,3860,1,D,NI,DH,D
14:28:41,JSMR,RG,3860,223,D,IT,DH,D
14:27:49,JSMR,RG,3870,6,D,OD,DH,D
14:27:00,JSMR,RG,3870,6,D,CC,DH,D
14:26:47,JSMR,RG,3870,7,D,OD,DH,D
14:25:45,JSMR,RG,3870,6,D,OD,DH,D
14:25:42,JSMR,RG,3870,1,D,YU,DH,D
14:25:09,JSMR,RG,3860,27,D,IT,CS,D
14:25:09,JSMR,RG,3860,1,D,XC,CS,D
14:25:09,JSMR,RG,3860,2,D,NI,CS,D
14:24:43,JSMR,RG,3870,6,D,OD,DH,D
14:24:34,JSMR,RG,3870,35,D,KZ,DH,D
14:24:32,JSMR,RG,3870,1,D,CC,DH,D
14:23:47,JSMR,RG,3870,30,D,YU,DH,D
14:23:43,JSMR,RG,3870,5,D,OD,DH,D
14:23:06,JSMR,RG,3870,5,F,AK,DH,D
14:22:45,JSMR,RG,3870,6,D,OD,DH,D
14:22:31,JSMR,RG,3860,1,D,NI,XC,D
14:21:45,JSMR,RG,3870,5,D,OD,DH,D
14:20:51,JSMR,RG,3870,5,D,XC,DH,D
14:20:45,JSMR,RG,3870,6,D,OD,DH,D
14:19:45,JSMR,RG,3870,6,D,OD,DH,D
14:18:57,JSMR,RG,3860,23,D,NI,NI,D
14:18:57,JSMR,RG,3860,20,D,PD,NI,D
14:18:57,JSMR,RG,3860,1,D,PD,NI,D
14:18:57,JSMR,RG,3860,2,D,CC,NI,D
14:18:57,JSMR,RG,3860,54,D,LG,NI,D
14:18:43,JSMR,RG,3870,6,D,OD,DH,D
14:17:48,JSMR,RG,3860,21,D,LG,IP,D
14:17:48,JSMR,RG,3860,4,D,OD,IP,D
14:17:43,JSMR,RG,3870,5,D,OD,DH,D
14:17:19,JSMR,RG,3860,1,D,DX,CS,D
14:17:19,JSMR,RG,3860,1,D,XC,CS,D
14:17:19,JSMR,RG,3860,10,D,EP,CS,D
14:17:19,JSMR,RG,3860,10,D,YP,CS,D
14:17:19,JSMR,RG,3860,8,D,NI,CS,D
14:16:43,JSMR,RG,3870,6,D,OD,DH,D
14:16:37,JSMR,RG,3870,100,D,CC,DH,D
14:16:29,JSMR,RG,3870,2,D,PD,DH,D
14:15:41,JSMR,RG,3870,5,D,OD,DH,D
14:15:36,JSMR,RG,3870,1,F,CS,DH,D
14:15:02,JSMR,RG,3860,1,D,NI,NI,D
14:15:02,JSMR,RG,3860,4,D,NI,NI,D
14:14:41,JSMR,RG,3870,6,D,OD,DH,D
14:14:30,JSMR,RG,3870,5,F,AK,DH,D
14:14:21,JSMR,RG,3870,5,D,YP,DH,D
14:14:13,JSMR,RG,3860,1,D,NI,XC,D
14:14:01,JSMR,RG,3860,2,D,NI,YP,D
14:13:39,JSMR,RG,3870,6,D,OD,DH,D
14:13:32,JSMR,RG,3870,1,D,YP,DH,D
14:13:00,JSMR,RG,3870,1,F,AK,DH,D
14:12:52,JSMR,RG,3870,1,D,EP,DH,D
14:12:39,JSMR,RG,3870,5,D,OD,DH,D
14:11:58,JSMR,RG,3870,17,D,CC,DH,D
14:11:41,JSMR,RG,3870,5,D,OD,DH,D
14:10:54,JSMR,RG,3870,13,D,CC,DH,D
14:10:43,JSMR,RG,3870,5,D,OD,DH,D
14:09:51,JSMR,RG,3870,1,D,CC,DH,D
14:09:44,JSMR,RG,3870,6,D,OD,DH,D
14:09:09,JSMR,RG,3860,3,D,NI,CS,D
14:09:09,JSMR,RG,3860,1,D,YP,CS,D
14:09:09,JSMR,RG,3860,2,D,YP,CS,D
14:09:09,JSMR,RG,3860,18,D,YP,CS,D
14:09:09,JSMR,RG,3860,1,D,OD,CS,D
14:09:09,JSMR,RG,3860,2,D,YP,CS,D
14:09:09,JSMR,RG,3860,1,D,CC,CS,D
14:08:44,JSMR,RG,3870,5,D,OD,DH,D
14:08:33,JSMR,RG,3870,100,D,EP,DH,D
14:07:24,JSMR,RG,3860,1,D,XC,XL,D
14:05:44,JSMR,RG,3860,4,D,XC,LG,D
14:05:44,JSMR,RG,3860,1,D,CC,LG,D
14:05:44,JSMR,RG,3860,3,D,KZ,LG,D
14:05:44,JSMR,RG,3860,1,D,YP,LG,D
14:05:44,JSMR,RG,3860,1,D,YP,LG,D
14:04:42,JSMR,RG,3860,1,D,YP,IP,D
14:04:42,JSMR,RG,3860,2,D,KK,IP,D
14:04:42,JSMR,RG,3860,2,D,KZ,IP,D
14:04:42,JSMR,RG,3860,1,D,XC,IP,D
14:04:42,JSMR,RG,3860,1,D,YP,IP,D
14:04:42,JSMR,RG,3860,1,D,YP,IP,D
14:04:42,JSMR,RG,3860,2,D,XC,IP,D
14:04:42,JSMR,RG,3860,2,D,XC,IP,D
14:04:42,JSMR,RG,3860,2,D,KK,IP,D
14:04:42,JSMR,RG,3860,1,D,PD,IP,D
14:04:42,JSMR,RG,3860,2,D,EP,IP,D
14:04:42,JSMR,RG,3860,1,D,YP,IP,D
14:04:42,JSMR,RG,3860,1,D,YP,IP,D
14:04:42,JSMR,RG,3860,1,D,GR,IP,D
14:04:42,JSMR,RG,3860,1,D,PD,IP,D
14:04:42,JSMR,RG,3860,1,D,CC,IP,D
14:04:42,JSMR,RG,3860,1,D,XC,IP,D
14:04:42,JSMR,RG,3860,2,D,CC,IP,D
14:03:56,JSMR,RG,3870,20,D,YP,DH,D
14:02:54,JSMR,RG,3870,21,D,KZ,GR,D
14:02:54,JSMR,RG,3870,40,D,YP,GR,D
14:02:54,JSMR,RG,3870,1,D,YP,GR,D
14:02:54,JSMR,RG,3870,2,D,DR,GR,D
14:02:54,JSMR,RG,3870,4,F,AK,GR,D
14:02:54,JSMR,RG,3870,6,D,CC,GR,D
14:02:54,JSMR,RG,3870,1,D,XL,GR,D
14:02:54,JSMR,RG,3870,3,D,YP,GR,D
14:02:54,JSMR,RG,3870,1,D,GR,GR,D
14:02:54,JSMR,RG,3870,35,D,KZ,GR,D
14:02:54,JSMR,RG,3870,3,D,SQ,GR,D
14:02:54,JSMR,RG,3870,1,D,OD,GR,D
14:02:54,JSMR,RG,3870,1,D,YP,GR,D
14:02:54,JSMR,RG,3870,50,D,ID,GR,D
14:02:54,JSMR,RG,3870,10,D,NI,GR,D
14:02:54,JSMR,RG,3870,1,F,AK,GR,D
14:02:54,JSMR,RG,3870,85,D,LG,GR,D
14:02:09,JSMR,RG,3880,1,F,CS,XC,D
14:01:34,JSMR,RG,3870,8,D,LG,AK,F
14:01:33,JSMR,RG,3870,20,D,LG,CS,D
13:59:12,JSMR,RG,3880,5,D,CP,OD,D
13:58:45,JSMR,RG,3880,3,F,AK,OD,D
13:57:59,JSMR,RG,3870,4,D,LG,PD,D
13:57:18,JSMR,RG,3880,1,D,CC,OD,D
13:53:37,JSMR,RG,3880,1,D,PD,OD,D
13:53:23,JSMR,RG,3880,3,D,XC,OD,D
13:53:08,JSMR,RG,3880,1,D,PD,OD,D
13:51:21,JSMR,RG,3880,5,F,AK,OD,D
13:50:49,JSMR,RG,3870,1,D,LG,XC,D
13:50:40,JSMR,RG,3870,2,D,LG,CC,D
13:50:00,JSMR,RG,3870,30,D,LG,PD,D
13:49:13,JSMR,RG,3880,3,D,EP,OD,D
13:49:13,JSMR,RG,3880,97,D,EP,MG,D
13:48:41,JSMR,RG,3880,1,F,CS,MG,D
13:46:42,JSMR,RG,3870,3,D,LG,CS,D
13:46:42,JSMR,RG,3870,15,D,LG,CS,D
13:46:42,JSMR,RG,3870,4,D,LG,CS,D
13:46:42,JSMR,RG,3870,4,D,LG,CS,D
13:46:42,JSMR,RG,3870,3,D,LG,CS,D
13:46:42,JSMR,RG,3870,10,D,LG,CS,D
13:46:42,JSMR,RG,3870,6,D,LG,CS,D
13:46:42,JSMR,RG,3870,14,D,LG,CS,D
13:46:42,JSMR,RG,3870,62,D,LG,PD,D
13:46:09,JSMR,RG,3870,33,D,KZ,PD,D
13:45:57,JSMR,RG,3870,50,D,XC,PD,D
13:45:48,JSMR,RG,3870,100,D,CC,PD,D
13:45:15,JSMR,RG,3870,10,D,YP,PD,D
13:45:11,JSMR,RG,3870,10,D,YP,PD,D
13:45:02,JSMR,RG,3870,1,D,KK,PD,D
13:44:56,JSMR,RG,3870,2,D,NI,PD,D
13:44:39,JSMR,RG,3870,1,D,DH,PD,D
13:42:56,JSMR,RG,3870,10,D,LG,PD,D
13:42:55,JSMR,RG,3870,100,D,GR,PD,D
13:42:24,JSMR,RG,3870,30,D,YU,PD,D
13:41:27,JSMR,RG,3870,2,D,XC,PD,D
13:40:58,JSMR,RG,3870,32,D,CC,PD,D
13:40:58,JSMR,RG,3870,1,D,YP,PD,D
13:40:58,JSMR,RG,3870,21,D,KZ,PD,D
13:40:58,JSMR,RG,3870,1,D,XC,PD,D
13:40:58,JSMR,RG,3870,1,D,CC,PD,D
13:40:58,JSMR,RG,3870,1,F,AK,PD,D
13:40:58,JSMR,RG,3870,1,F,AK,PD,D
13:40:58,JSMR,RG,3870,6,D,CC,PD,D
13:40:58,JSMR,RG,3870,3,D,XC,PD,D
13:40:58,JSMR,RG,3870,10,D,CC,PD,D
13:40:58,JSMR,RG,3870,2,D,CC,PD,D
13:40:58,JSMR,RG,3870,2,D,XL,PD,D
13:40:58,JSMR,RG,3870,1,D,XL,PD,D
13:40:58,JSMR,RG,3870,1,D,XC,PD,D
13:40:58,JSMR,RG,3870,2,D,PD,PD,D
13:40:58,JSMR,RG,3870,15,D,PD,PD,D
13:40:58,JSMR,RG,3870,100,D,LS,PD,D
13:40:58,JSMR,RG,3870,20,D,YP,PD,D
13:40:58,JSMR,RG,3870,2,D,PD,PD,D
13:40:58,JSMR,RG,3870,1,D,PD,PD,D
13:40:58,JSMR,RG,3870,3,D,EP,PD,D
13:40:58,JSMR,RG,3870,5,D,PD,PD,D
13:40:58,JSMR,RG,3870,44,D,YP,PD,D
13:40:58,JSMR,RG,3870,1,D,NI,PD,D
13:40:58,JSMR,RG,3870,2,D,CC,PD,D
13:40:58,JSMR,RG,3870,1,D,CC,PD,D
13:40:58,JSMR,RG,3870,1,D,OD,PD,D
13:40:58,JSMR,RG,3870,5,D,PD,PD,D
13:40:58,JSMR,RG,3870,3,D,XC,PD,D
13:40:58,JSMR,RG,3870,150,D,IT,PD,D
13:40:58,JSMR,RG,3870,1,D,YP,PD,D
13:40:58,JSMR,RG,3870,2,D,CC,PD,D
13:40:58,JSMR,RG,3870,2,D,CC,PD,D
13:40:58,JSMR,RG,3870,5,D,PD,PD,D
13:40:58,JSMR,RG,3870,2,D,PD,PD,D
13:40:58,JSMR,RG,3870,1,D,CC,PD,D
13:40:58,JSMR,RG,3870,2,D,NI,PD,D
13:40:58,JSMR,RG,3870,136,D,PD,PD,D
13:39:53,JSMR,RG,3880,3,D,XL,MG,D
13:35:16,JSMR,RG,3880,10,D,YP,MG,D
13:35:16,JSMR,RG,3880,2,D,PD,MG,D
13:35:16,JSMR,RG,3880,25,D,CC,MG,D
13:35:16,JSMR,RG,3880,1,F,AK,MG,D
13:35:16,JSMR,RG,3880,2,F,AK,MG,D
13:35:16,JSMR,RG,3880,12,D,KZ,MG,D
13:35:16,JSMR,RG,3880,3,D,KZ,MG,D
13:35:16,JSMR,RG,3880,26,D,KZ,MG,D
13:35:16,JSMR,RG,3880,10,D,CC,MG,D
13:35:16,JSMR,RG,3880,1,F,CS,MG,D
13:35:16,JSMR,RG,3880,57,D,LG,MG,D
13:34:30,JSMR,RG,3890,1,D,XC,GR,D
13:33:14,JSMR,RG,3890,2,D,GR,GR,D
13:32:34,JSMR,RG,3880,8,D,LG,AK,F
13:32:33,JSMR,RG,3880,9,D,LG,CS,D
13:32:33,JSMR,RG,3880,13,D,LG,CS,D
13:32:33,JSMR,RG,3880,8,D,LG,CS,D
13:32:33,JSMR,RG,3880,1,D,LG,XL,D
13:32:33,JSMR,RG,3880,1,D,LG,KK,D
13:32:33,JSMR,RG,3880,10,D,LG,CS,D
13:32:33,JSMR,RG,3880,3,D,LG,CS,D
13:32:33,JSMR,RG,3880,1,D,LG,CS,D
13:32:33,JSMR,RG,3880,3,D,LG,CS,D
13:32:33,JSMR,RG,3880,3,D,LG,CS,D
13:32:33,JSMR,RG,3880,12,D,LG,CS,D
13:32:33,JSMR,RG,3880,142,D,LG,MG,D
13:32:25,JSMR,RG,3880,21,D,CC,MG,D
13:30:08,JSMR,RG,3880,1,D,CC,MG,D
13:30:06,JSMR,RG,3880,3,F,AK,MG,D
13:30:05,JSMR,RG,3880,27,D,XC,MG,D
13:30:04,JSMR,RG,3880,1,D,XL,MG,D
13:30:01,JSMR,RG,3880,1,D,PD,MG,D
11:28:05,JSMR,RG,3880,2,D,KK,MG,D
11:27:43,JSMR,RG,3880,8,D,KZ,MG,D
11:27:33,JSMR,RG,3880,2,F,AK,MG,D
11:27:18,JSMR,RG,3880,1,D,YP,MG,D
11:26:48,JSMR,RG,3880,1,F,AK,MG,D
11:25:49,JSMR,RG,3880,1,F,AK,MG,D
11:25:30,JSMR,RG,3880,2,D,CC,MG,D
11:24:03,JSMR,RG,3880,2,F,AK,MG,D
11:21:53,JSMR,RG,3880,1,F,CS,MG,D
11:20:12,JSMR,RG,3880,1,D,CC,MG,D
11:19:54,JSMR,RG,3880,30,D,XC,MG,D
11:19:50,JSMR,RG,3880,1,D,XC,MG,D
11:19:50,JSMR,RG,3870,14,D,PD,EP,D
11:19:50,JSMR,RG,3870,1,D,PD,EP,D
11:19:50,JSMR,RG,3870,4,D,PD,EP,D
11:19:50,JSMR,RG,3870,1,D,YP,EP,D
11:19:50,JSMR,RG,3870,4,D,XC,EP,D
11:19:50,JSMR,RG,3870,1,D,YP,EP,D
11:19:50,JSMR,RG,3870,5,D,EP,EP,D
11:19:50,JSMR,RG,3870,100,D,LG,EP,D
11:19:50,JSMR,RG,3870,20,D,PD,EP,D
11:19:50,JSMR,RG,3870,10,D,YP,EP,D
11:19:50,JSMR,RG,3870,1,D,CC,EP,D
11:19:50,JSMR,RG,3870,27,D,AG,EP,D
11:19:34,JSMR,RG,3880,2,D,KK,MG,D
11:17:22,JSMR,RG,3890,1,D,YP,GR,D
11:17:12,JSMR,RG,3880,1,D,YP,CS,D
11:17:12,JSMR,RG,3880,1,D,YP,YP,D
11:17:12,JSMR,RG,3880,1,D,YP,CS,D
11:17:12,JSMR,RG,3880,1,D,YP,CS,D
11:17:12,JSMR,RG,3880,8,D,YP,CS,D
11:17:12,JSMR,RG,3880,3,D,YP,CS,D
11:17:12,JSMR,RG,3880,15,D,YP,MG,D
11:16:39,JSMR,RG,3880,100,D,ZP,MG,D
11:16:31,JSMR,RG,3880,1,D,YP,MG,D
11:16:09,JSMR,RG,3870,1,D,AG,YP,D
11:15:27,JSMR,RG,3880,7,D,KZ,MG,D
11:15:27,JSMR,RG,3880,20,D,KZ,MG,D
11:15:27,JSMR,RG,3880,4,F,AK,MG,D
11:15:27,JSMR,RG,3880,1,F,AK,MG,D
11:15:27,JSMR,RG,3880,7,D,KZ,MG,D
11:15:27,JSMR,RG,3880,21,D,KZ,MG,D
11:15:27,JSMR,RG,3880,3,D,CC,MG,D
11:15:27,JSMR,RG,3880,3,D,CC,MG,D
11:15:27,JSMR,RG,3880,68,D,LG,MG,D
11:14:27,JSMR,RG,3880,5,D,LG,CS,D
11:14:27,JSMR,RG,3880,1,D,LG,CS,D
11:14:27,JSMR,RG,3880,15,D,LG,YB,D
11:14:27,JSMR,RG,3880,6,D,LG,CS,D
11:14:27,JSMR,RG,3880,3,D,LG,CS,D
11:14:27,JSMR,RG,3880,2,D,LG,CS,D
11:14:27,JSMR,RG,3880,8,D,LG,CS,D
11:14:27,JSMR,RG,3880,4,D,LG,CS,D
11:14:27,JSMR,RG,3880,5,D,LG,CS,D
11:14:27,JSMR,RG,3880,7,D,LG,CS,D
11:14:27,JSMR,RG,3880,147,D,LG,MG,D
11:12:25,JSMR,RG,3880,2,D,YP,MG,D
11:12:03,JSMR,RG,3880,4,F,AK,MG,D
11:08:26,JSMR,RG,3880,1,F,CS,MG,D
11:08:08,JSMR,RG,3870,40,D,AG,CS,D
11:07:46,JSMR,RG,3880,10,D,YJ,MG,D
11:06:33,JSMR,RG,3880,3,F,AK,MG,D
11:06:32,JSMR,RG,3880,1,D,YP,MG,D
11:06:06,JSMR,RG,3870,3,D,AG,CC,D
11:01:36,JSMR,RG,3870,35,D,AG,SQ,D
11:00:27,JSMR,RG,3870,94,D,AG,DR,D
11:00:27,JSMR,RG,3870,2,D,CC,DR,D
11:00:27,JSMR,RG,3870,3,D,YP,DR,D
11:00:27,JSMR,RG,3870,10,D,YP,DR,D
11:00:27,JSMR,RG,3870,1,D,XC,DR,D
11:00:27,JSMR,RG,3870,10,D,SQ,DR,D
11:00:27,JSMR,RG,3870,50,D,DR,DR,D
11:00:27,JSMR,RG,3870,1,D,NI,DR,D
11:00:27,JSMR,RG,3870,250,D,IT,DR,D
11:00:27,JSMR,RG,3870,5,D,XC,DR,D
11:00:27,JSMR,RG,3870,8,D,XC,DR,D
11:00:27,JSMR,RG,3870,25,D,PD,DR,D
11:00:27,JSMR,RG,3870,100,D,CC,DR,D
11:00:27,JSMR,RG,3870,6,D,PD,DR,D
11:00:27,JSMR,RG,3870,100,D,PD,DR,D
11:00:27,JSMR,RG,3870,1,D,DX,DR,D
11:00:27,JSMR,RG,3870,1,D,NI,DR,D
11:00:27,JSMR,RG,3870,5,D,NI,DR,D
11:00:27,JSMR,RG,3870,10,D,DX,DR,D
11:00:27,JSMR,RG,3870,10,D,YP,DR,D
11:00:27,JSMR,RG,3870,1,D,PD,DR,D
11:00:27,JSMR,RG,3870,1,D,NI,DR,D
11:00:27,JSMR,RG,3870,8,D,KK,DR,D
11:00:18,JSMR,RG,3880,4,F,AK,MG,D
11:00:09,JSMR,RG,3870,2,D,KK,YP,D
10:59:58,JSMR,RG,3870,2,D,XC,YP,D
10:59:58,JSMR,RG,3870,1,D,XC,YP,D
10:59:58,JSMR,RG,3870,2,D,PD,YP,D
10:59:58,JSMR,RG,3870,32,D,IF,YP,D
10:59:07,JSMR,RG,3880,1,D,YP,MG,D
10:58:27,JSMR,RG,3870,18,D,IF,YP,D
10:58:27,JSMR,RG,3870,100,D,EP,YP,D
10:58:27,JSMR,RG,3870,19,D,SQ,YP,D
10:58:23,JSMR,RG,3880,3,D,CC,MG,D
10:57:34,JSMR,RG,3880,2,F,PD,MG,D
10:57:26,JSMR,RG,3880,3,D,KZ,MG,D
10:57:25,JSMR,RG,3880,2,F,PD,MG,D
10:57:00,JSMR,RG,3880,9,D,KZ,MG,D
10:55:34,JSMR,RG,3880,35,D,YP,MG,D
10:54:42,JSMR,RG,3880,1,D,KK,MG,D
10:54:21,JSMR,RG,3880,7,D,OD,MG,D
10:52:27,JSMR,RG,3880,5,D,YP,MG,D
10:52:27,JSMR,RG,3880,1,D,YP,MG,D
10:52:27,JSMR,RG,3880,7,D,KZ,MG,D
10:52:27,JSMR,RG,3880,13,D,NI,MG,D
10:52:27,JSMR,RG,3880,20,D,KZ,MG,D
10:52:27,JSMR,RG,3880,10,D,KK,MG,D
10:52:27,JSMR,RG,3880,2,D,KK,MG,D
10:52:27,JSMR,RG,3880,1,F,CS,MG,D
10:52:27,JSMR,RG,3880,1,D,YP,MG,D
10:52:27,JSMR,RG,3880,1,F,AK,MG,D
10:52:27,JSMR,RG,3880,2,F,AK,MG,D
10:52:27,JSMR,RG,3880,2,D,KZ,MG,D
10:52:22,JSMR,RG,3880,5,D,KZ,NI,D
10:52:14,JSMR,RG,3880,1,D,KZ,CS,D
10:52:14,JSMR,RG,3880,9,D,KZ,CS,D
10:48:25,JSMR,RG,3880,6,D,KZ,CS,D
10:46:35,JSMR,RG,3890,1,D,YP,GR,D
10:46:20,JSMR,RG,3880,6,D,KZ,CS,D
10:45:20,JSMR,RG,3890,1,D,CC,GR,D
10:44:11,JSMR,RG,3890,1,D,YP,GR,D
10:43:54,JSMR,RG,3880,2,D,CC,XC,D
10:43:46,JSMR,RG,3880,1,D,CC,CS,D
10:43:46,JSMR,RG,3880,3,F,AK,CS,D
10:43:46,JSMR,RG,3880,2,F,AK,CS,D
10:41:49,JSMR,RG,3890,1,D,YP,GR,D
10:41:34,JSMR,RG,3880,2,F,AK,CS,D
10:40:10,JSMR,RG,3890,1,D,YP,GR,D
10:39:56,JSMR,RG,3880,1,F,AK,AK,F
10:39:07,JSMR,RG,3890,1,D,YP,GR,D
10:38:55,JSMR,RG,3880,1,F,CS,AK,F
10:38:54,JSMR,RG,3870,3,D,SQ,CS,D
10:38:54,JSMR,RG,3880,3,D,YP,CS,D
10:38:54,JSMR,RG,3880,4,D,YP,CS,D
10:38:54,JSMR,RG,3880,25,D,YP,YP,D
10:38:54,JSMR,RG,3880,1,D,YP,CS,D
10:38:54,JSMR,RG,3880,7,D,YP,CC,D
10:38:40,JSMR,RG,3880,6,D,EP,CS,D
10:38:40,JSMR,RG,3880,3,D,EP,CS,D
10:38:40,JSMR,RG,3880,1,D,EP,XC,D
10:38:40,JSMR,RG,3880,1,D,EP,PD,D
10:38:40,JSMR,RG,3880,4,D,EP,CS,D
10:38:40,JSMR,RG,3880,73,D,EP,MG,D
10:37:26,JSMR,RG,3880,20,D,NI,MG,D
10:36:43,JSMR,RG,3880,3,D,NI,MG,D
10:36:22,JSMR,RG,3880,10,D,YB,MG,D
10:35:14,JSMR,RG,3880,5,D,XC,MG,D
10:33:19,JSMR,RG,3880,2,D,XC,MG,D
10:33:14,JSMR,RG,3880,1,D,YP,MG,D
10:33:06,JSMR,RG,3880,4,D,KZ,MG,D
10:33:00,JSMR,RG,3880,13,D,KZ,MG,D
10:31:36,JSMR,RG,3880,200,D,AG,MG,D
10:31:36,JSMR,RG,3880,1,D,XC,MG,D
10:31:36,JSMR,RG,3880,2,F,AK,MG,D
10:31:36,JSMR,RG,3880,1,F,AK,MG,D
10:31:36,JSMR,RG,3880,1,D,XC,MG,D
10:31:36,JSMR,RG,3880,164,D,AG,MG,D
10:31:13,JSMR,RG,3890,1,D,XC,GR,D
10:30:57,JSMR,RG,3880,20,D,AG,YP,D
10:30:57,JSMR,RG,3880,116,D,AG,MG,D
10:30:41,JSMR,RG,3880,2,D,NI,MG,D
10:27:27,JSMR,RG,3880,1,D,CC,MG,D
10:24:57,JSMR,RG,3880,30,D,YB,MG,D
10:24:54,JSMR,RG,3880,4,D,KZ,MG,D
10:24:54,JSMR,RG,3880,12,D,KZ,MG,D
10:24:54,JSMR,RG,3880,10,D,YP,MG,D
10:24:54,JSMR,RG,3880,20,D,ZP,MG,D
10:24:54,JSMR,RG,3880,1,F,AK,MG,D
10:24:54,JSMR,RG,3880,1,F,AK,MG,D
10:24:54,JSMR,RG,3880,2,D,CC,MG,D
10:24:54,JSMR,RG,3880,1,F,CS,MG,D
10:22:49,JSMR,RG,3890,1,D,PD,KK,D
10:22:19,JSMR,RG,3890,1,D,YP,KK,D
10:22:07,JSMR,RG,3880,22,D,YP,CC,D
10:22:07,JSMR,RG,3880,80,D,YP,MG,D
10:21:03,JSMR,RG,3880,1,D,DH,MG,D
10:19:28,JSMR,RG,3880,1,D,PD,MG,D
10:17:18,JSMR,RG,3880,4,F,AK,MG,D
10:17:05,JSMR,RG,3880,8,D,KZ,MG,D
10:17:01,JSMR,RG,3880,3,D,KZ,MG,D
10:15:52,JSMR,RG,3880,1,D,XC,MG,D
10:12:31,JSMR,RG,3870,2,D,SQ,YU,D
10:11:58,JSMR,RG,3880,2,D,YP,MG,D
10:11:40,JSMR,RG,3870,5,D,SQ,PD,D
10:11:12,JSMR,RG,3880,30,D,CC,MG,D
10:11:09,JSMR,RG,3870,5,D,SQ,NI,D
10:09:12,JSMR,RG,3880,10,D,PD,MG,D
10:09:08,JSMR,RG,3880,16,D,KZ,MG,D
10:09:08,JSMR,RG,3880,1,F,AK,MG,D
10:09:08,JSMR,RG,3880,6,D,KZ,MG,D
10:09:08,JSMR,RG,3880,10,F,AK,MG,D
10:09:08,JSMR,RG,3880,1,F,CS,MG,D
10:09:08,JSMR,RG,3880,26,D,AG,MG,D
10:08:21,JSMR,RG,3880,18,D,AG,AK,F
10:08:20,JSMR,RG,3880,156,D,AG,MG,D
10:08:19,JSMR,RG,3880,5,D,CC,MG,D
10:06:59,JSMR,RG,3880,1,D,CC,MG,D
10:05:51,JSMR,RG,3880,2,D,CC,MG,D
10:05:51,JSMR,RG,3880,1,F,AK,MG,D
10:05:51,JSMR,RG,3880,1,F,AK,MG,D
10:05:51,JSMR,RG,3880,3,D,CC,MG,D
10:05:51,JSMR,RG,3880,31,D,YP,MG,D
10:05:14,JSMR,RG,3880,69,D,YP,MG,D
10:04:56,JSMR,RG,3880,6,D,KZ,MG,D
10:04:55,JSMR,RG,3880,17,D,KZ,MG,D
10:04:51,JSMR,RG,3880,108,D,KK,MG,D
10:04:51,JSMR,RG,3880,10,D,KK,CC,D
10:04:51,JSMR,RG,3880,50,D,KK,DH,D
10:04:51,JSMR,RG,3880,32,D,KK,MG,D
10:03:36,JSMR,RG,3880,10,D,KK,MG,D
10:02:37,JSMR,RG,3880,20,D,NI,MG,D
10:02:06,JSMR,RG,3880,5,D,DH,MG,D
10:01:27,JSMR,RG,3880,1,F,CS,MG,D
9:59:50,JSMR,RG,3880,10,D,YP,MG,D
9:59:14,JSMR,RG,3880,52,D,YP,MG,D
9:59:02,JSMR,RG,3870,11,D,SQ,YP,D
9:59:02,JSMR,RG,3870,41,D,IF,YP,D
9:57:05,JSMR,RG,3880,16,D,KZ,MG,D
9:56:31,JSMR,RG,3880,6,D,KZ,MG,D
9:55:42,JSMR,RG,3880,1,D,YU,MG,D
9:52:36,JSMR,RG,3880,2,D,CC,MG,D
9:52:07,JSMR,RG,3880,1,D,HP,MG,D
9:50:40,JSMR,RG,3880,16,D,NI,MG,D
9:49:20,JSMR,RG,3880,10,D,OD,MG,D
9:47:46,JSMR,RG,3880,3,D,XC,MG,D
9:47:46,JSMR,RG,3880,3,D,CC,MG,D
9:47:46,JSMR,RG,3880,2,F,AK,MG,D
9:47:46,JSMR,RG,3880,10,D,KZ,MG,D
9:46:35,JSMR,RG,3880,8,D,KZ,DR,D
9:46:35,JSMR,RG,3880,6,D,KZ,DR,D
9:46:35,JSMR,RG,3880,25,D,EP,DR,D
9:46:35,JSMR,RG,3880,50,D,NI,DR,D
9:46:35,JSMR,RG,3880,1,F,CS,DR,D
9:46:35,JSMR,RG,3880,80,D,YP,DR,D
9:46:35,JSMR,RG,3880,1,F,AK,DR,D
9:45:59,JSMR,RG,3880,1,D,KK,PD,D
9:45:59,JSMR,RG,3880,1,D,PD,PD,D
9:45:59,JSMR,RG,3880,1,D,AZ,PD,D
9:45:59,JSMR,RG,3880,1,F,AK,PD,D
9:45:59,JSMR,RG,3880,2,D,CC,PD,D
9:45:59,JSMR,RG,3880,4,D,YP,PD,D
9:45:49,JSMR,RG,3890,50,D,PD,DH,D
9:45:49,JSMR,RG,3890,1,D,PD,YB,D
9:45:49,JSMR,RG,3890,64,D,PD,MG,D
9:45:25,JSMR,RG,3890,10,D,CC,MG,D
9:42:30,JSMR,RG,3890,11,F,AK,MG,D
9:42:29,JSMR,RG,3890,1,D,AZ,MG,D
9:42:13,JSMR,RG,3890,1,D,KK,MG,D
9:40:45,JSMR,RG,3890,1,F,AK,MG,D
9:40:23,JSMR,RG,3880,71,D,YP,MG,D
9:40:23,JSMR,RG,3880,2,D,YP,MG,D
9:40:13,JSMR,RG,3880,1,D,DH,MG,D
9:39:45,JSMR,RG,3880,2,D,YP,MG,D
9:39:37,JSMR,RG,3880,2,D,YP,MG,D
9:39:36,JSMR,RG,3880,4,D,KZ,MG,D
9:39:35,JSMR,RG,3880,10,D,KZ,MG,D
9:39:34,JSMR,RG,3880,108,D,MG,MG,D
9:39:34,JSMR,RG,3880,1,D,MG,DH,D
9:39:34,JSMR,RG,3880,16,D,MG,DR,D
9:39:34,JSMR,RG,3880,3,D,MG,DR,D
9:39:34,JSMR,RG,3880,103,D,MG,CC,D
9:39:34,JSMR,RG,3880,3,D,MG,PD,D
9:39:34,JSMR,RG,3880,5,D,MG,XC,D
9:39:34,JSMR,RG,3880,18,D,MG,MG,D
9:38:43,JSMR,RG,3880,4,D,SQ,MG,D
9:38:41,JSMR,RG,3880,3,D,YP,MG,D
9:38:16,JSMR,RG,3880,50,D,NI,MG,D
9:37:01,JSMR,RG,3880,8,D,KZ,MG,D
9:37:00,JSMR,RG,3880,21,D,KZ,MG,D
9:36:57,JSMR,RG,3880,96,D,YP,MG,D
9:36:57,JSMR,RG,3880,3,D,YP,KK,D
9:36:57,JSMR,RG,3880,1,D,YP,DH,D
9:36:23,JSMR,RG,3880,1,D,CC,DH,D
9:34:41,JSMR,RG,3880,1,F,CS,DH,D
9:34:40,JSMR,RG,3880,100,D,YP,DH,D
9:33:55,JSMR,RG,3880,10,D,KK,DH,D
9:33:27,JSMR,RG,3880,1,D,PD,DH,D
9:32:41,JSMR,RG,3880,6,D,KZ,DH,D
9:32:40,JSMR,RG,3880,19,D,KZ,DH,D
9:32:38,JSMR,RG,3880,10,D,PD,DH,D
9:32:18,JSMR,RG,3880,1,D,KK,DH,D
9:31:44,JSMR,RG,3880,2,D,PD,DH,D
9:28:38,JSMR,RG,3880,25,D,CC,DH,D
9:28:03,JSMR,RG,3880,1,D,CC,DH,D
9:27:30,JSMR,RG,3880,1,D,PD,DH,D
9:27:23,JSMR,RG,3880,10,D,NI,DH,D
9:24:01,JSMR,RG,3880,1,D,XC,DH,D
9:21:43,JSMR,RG,3870,2,D,IF,PD,D
9:21:43,JSMR,RG,3870,10,D,YB,PD,D
9:21:43,JSMR,RG,3870,5,D,CC,PD,D
9:21:43,JSMR,RG,3870,2,F,AK,PD,D
9:21:43,JSMR,RG,3870,1,D,KK,PD,D
9:18:49,JSMR,RG,3870,1,D,MK,XC,D
9:18:49,JSMR,RG,3870,42,D,MK,DH,D
9:17:56,JSMR,RG,3870,10,D,DR,DH,D
9:17:53,JSMR,RG,3870,5,D,CC,DH,D
9:17:53,JSMR,RG,3870,1,D,YP,DH,D
9:17:53,JSMR,RG,3870,1,D,XC,DH,D
9:17:53,JSMR,RG,3870,3,D,PD,DH,D
9:17:53,JSMR,RG,3870,2,D,KK,DH,D
9:17:53,JSMR,RG,3870,1,F,AK,DH,D
9:17:53,JSMR,RG,3870,5,D,YP,DH,D
9:17:53,JSMR,RG,3870,1,D,EP,DH,D
9:17:53,JSMR,RG,3870,1,F,CS,DH,D
9:17:53,JSMR,RG,3870,11,D,KZ,DH,D
9:17:53,JSMR,RG,3870,1,D,XC,DH,D
9:17:53,JSMR,RG,3870,1,D,DH,DH,D
9:17:53,JSMR,RG,3870,1,F,OD,DH,D
9:17:53,JSMR,RG,3870,1,F,AK,DH,D
9:17:53,JSMR,RG,3870,113,D,NI,DH,D
9:16:25,JSMR,RG,3870,3,D,NI,GR,D
9:15:33,JSMR,RG,3870,1,D,NI,YP,D
9:14:00,JSMR,RG,3870,1,D,NI,EP,D
9:13:55,JSMR,RG,3870,7,D,NI,DH,D
9:13:32,JSMR,RG,3870,5,D,KZ,DH,D
9:13:32,JSMR,RG,3870,1,F,AK,DH,D
9:13:32,JSMR,RG,3870,29,D,DR,DH,D
9:13:32,JSMR,RG,3870,100,D,CC,DH,D
9:13:32,JSMR,RG,3870,1,D,KK,DH,D
9:13:32,JSMR,RG,3870,1,D,CC,DH,D
9:13:32,JSMR,RG,3870,4,D,KZ,DH,D
9:13:32,JSMR,RG,3870,1,D,YP,DH,D
9:13:32,JSMR,RG,3870,5,D,AI,DH,D
9:13:32,JSMR,RG,3870,25,D,YP,DH,D
9:13:32,JSMR,RG,3870,21,D,CC,DH,D
9:12:35,JSMR,RG,3880,10,D,YP,DH,D
9:12:35,JSMR,RG,3880,10,D,YP,MG,D
9:11:44,JSMR,RG,3880,30,D,DR,MG,D
9:11:35,JSMR,RG,3880,1,D,XC,MG,D
9:11:28,JSMR,RG,3880,10,D,YB,MG,D
9:10:50,JSMR,RG,3880,13,D,CC,MG,D
9:10:50,JSMR,RG,3880,2,D,XC,MG,D
9:10:50,JSMR,RG,3880,10,D,EP,MG,D
9:10:50,JSMR,RG,3880,1,F,AK,MG,D
9:10:50,JSMR,RG,3880,23,D,CC,MG,D
9:10:06,JSMR,RG,3880,77,D,CC,MG,D
9:10:02,JSMR,RG,3880,1,D,PD,MG,D
9:09:18,JSMR,RG,3880,1,D,CC,MG,D
9:09:18,JSMR,RG,3880,10,D,YP,MG,D
9:09:18,JSMR,RG,3880,1,F,AK,MG,D
9:09:18,JSMR,RG,3880,10,D,YP,MG,D
9:08:53,JSMR,RG,3880,40,D,YP,DH,D
9:08:09,JSMR,RG,3880,9,D,KZ,PD,D
9:07:59,JSMR,RG,3880,4,D,KZ,DH,D
9:07:38,JSMR,RG,3880,1,F,AK,YP,D
9:07:38,JSMR,RG,3880,1,D,YU,YP,D
9:07:38,JSMR,RG,3880,1,D,XC,YP,D
9:07:38,JSMR,RG,3880,1,D,YP,YP,D
9:07:38,JSMR,RG,3880,1,F,AK,YP,D
9:05:28,JSMR,RG,3890,1,D,CC,MG,D
9:05:01,JSMR,RG,3880,1,D,CC,PD,D
9:05:01,JSMR,RG,3880,5,D,KZ,PD,D
9:05:01,JSMR,RG,3880,3,D,IT,PD,D
9:04:29,JSMR,RG,3880,97,D,IT,MG,D
9:04:27,JSMR,RG,3870,99,D,CC,CC,D
9:04:27,JSMR,RG,3870,3,D,EP,CC,D
9:04:24,JSMR,RG,3870,1,D,EP,AZ,D
9:04:24,JSMR,RG,3870,1,D,XL,AZ,D
9:04:24,JSMR,RG,3870,3,D,GR,AZ,D
9:03:55,JSMR,RG,3880,1,F,AK,MG,D
9:03:55,JSMR,RG,3880,2,D,KK,MG,D
9:03:09,JSMR,RG,3880,4,D,YP,CC,D
9:02:58,JSMR,RG,3880,6,D,DH,CC,D
9:02:09,JSMR,RG,3880,6,D,DH,XC,D
9:01:58,JSMR,RG,3880,20,D,YP,DH,D
9:01:58,JSMR,RG,3880,1,F,CS,DH,D
9:01:58,JSMR,RG,3880,1,D,ZP,DH,D
9:01:58,JSMR,RG,3880,18,D,CC,DH,D
9:01:04,JSMR,RG,3880,10,D,CC,DH,D
9:01:01,JSMR,RG,3880,122,D,CC,YP,D
9:01:01,JSMR,RG,3880,6,D,KI,YP,D
9:00:42,JSMR,RG,3890,5,D,KK,MG,D
9:00:05,JSMR,RG,3890,6,F,AK,MG,D
8:59:00,JSMR,RG,3880,82,D,KI,MG,D
8:59:00,JSMR,RG,3880,1,D,KI,PD,D
8:59:00,JSMR,RG,3880,11,D,KI,YP,D
8:59:00,JSMR,RG,3880,50,D,KI,YP,D
8:59:00,JSMR,RG,3880,1,F,ZP,YP,D