Time,Stock,Brd,Price,Qty,BT,BC,SC,ST
15:12:25,JSMR,RG,3830,1,D,YP,CC,D
15:10:58,JSMR,RG,3830,1,D,YP,YP,D
15:10:55,JSMR,RG,3830,1,D,YP,YP,D
15:10:48,JSMR,RG,3830,1,D,YP,YP,D
15:00:00,JSMR,RG,3830,2,D,YP,PD,D
15:00:00,JSMR,RG,3830,25,D,YP,YP,D
15:00:00,JSMR,RG,3830,5,D,YP,NI,D
15:00:00,JSMR,RG,3830,1,D,YP,DR,D
15:00:00,JSMR,RG,3830,132,D,YP,ZP,F
15:00:00,JSMR,RG,3830,1,D,YP,ZP,F
15:00:00,JSMR,RG,3830,5,D,YP,ZP,F
15:00:00,JSMR,RG,3830,50,D,DR,ZP,F
15:00:00,JSMR,RG,3830,5,D,CC,ZP,F
15:00:00,JSMR,RG,3830,25,D,GR,ZP,F
15:00:00,JSMR,RG,3830,1,D,PD,ZP,F
15:00:00,JSMR,RG,3830,100,D,IT,ZP,F
15:00:00,JSMR,RG,3830,2,D,XC,ZP,F
15:00:00,JSMR,RG,3830,3,D,XC,ZP,F
15:00:00,JSMR,RG,3830,2,D,NI,ZP,F
15:00:00,JSMR,RG,3830,2,D,CC,ZP,F
15:00:00,JSMR,RG,3830,5,D,NI,ZP,F
15:00:00,JSMR,RG,3830,60,D,IT,ZP,F
15:00:00,JSMR,RG,3830,100,D,OD,ZP,F
15:00:00,JSMR,RG,3830,100,D,OD,ZP,F
15:00:00,JSMR,RG,3830,200,D,CC,ZP,F
15:00:00,JSMR,RG,3830,8,D,CC,ZP,F
15:00:00,JSMR,RG,3830,300,D,YB,ZP,F
15:00:00,JSMR,RG,3830,100,D,ES,ZP,F
15:00:00,JSMR,RG,3830,1,D,KK,ZP,F
15:00:00,JSMR,RG,3830,30,D,YP,ZP,F
15:00:00,JSMR,RG,3830,200,D,CC,ZP,F
15:00:00,JSMR,RG,3830,2,D,DH,ZP,F
15:00:00,JSMR,RG,3830,51,D,YP,ZP,F
15:00:00,JSMR,RG,3830,500,D,PD,ZP,F
15:00:00,JSMR,RG,3830,300,D,HD,ZP,F
15:00:00,JSMR,RG,3830,6,D,YP,ZP,F
15:00:00,JSMR,RG,3830,5,D,YP,ZP,F
15:00:00,JSMR,RG,3830,5,D,YP,ZP,F
15:00:00,JSMR,RG,3830,4,D,YP,ZP,F
15:00:00,JSMR,RG,3830,206,F,ZP,ZP,F
15:00:00,JSMR,RG,3830,2,F,ZP,BK,F
15:00:00,JSMR,RG,3830,104,F,ZP,CG,F
15:00:00,JSMR,RG,3830,29,F,AK,CG,F
15:00:00,JSMR,RG,3830,4,F,CS,CG,F
15:00:00,JSMR,RG,3830,18,D,BQ,CG,F
15:00:00,JSMR,RG,3830,1,D,BQ,AK,F
15:00:00,JSMR,RG,3830,3,D,BQ,AK,F
15:00:00,JSMR,RG,3830,98,D,BQ,AK,F
15:00:00,JSMR,RG,3830,94,D,PD,AK,F
15:00:00,JSMR,RG,3830,86,D,PD,AK,F
14:49:51,JSMR,RG,3830,1,D,IT,ZP,F
14:49:38,JSMR,RG,3830,10,D,IT,ZP,F
14:49:38,JSMR,RG,3840,1,D,SQ,ZP,F
14:49:35,JSMR,RG,3830,7,D,IT,ZP,F
14:49:35,JSMR,RG,3840,100,D,ZP,ZP,F
14:49:29,JSMR,RG,3860,286,D,CC,DX,D
14:49:29,JSMR,RG,3860,654,D,CC,DX,D
14:49:29,JSMR,RG,3840,30,D,CC,IF,D
14:49:29,JSMR,RG,3840,30,D,CC,MK,D
14:49:19,JSMR,RG,3830,2,D,IT,ZP,F
14:49:19,JSMR,RG,3840,2,D,XC,ZP,F
14:49:19,JSMR,RG,3840,25,D,OD,ZP,F
14:49:19,JSMR,RG,3840,1,D,PD,ZP,F
14:49:19,JSMR,RG,3850,38,D,ES,ZP,F
14:49:15,JSMR,RG,3860,2,D,BK,DX,D
14:49:13,JSMR,RG,3850,12,D,ES,DR,D
14:49:10,JSMR,RG,3860,211,D,BB,DX,D
14:49:07,JSMR,RG,3860,104,D,BB,DX,D
14:48:57,JSMR,RG,3850,1,D,BB,YP,D
14:48:53,JSMR,RG,3860,21,D,BB,DX,D
14:48:49,JSMR,RG,3860,8,D,BB,DX,D
14:48:49,JSMR,RG,3860,3,D,BB,PD,D
14:48:49,JSMR,RG,3860,1,D,BB,ZP,F
14:48:48,JSMR,RG,3860,8,D,BB,ZP,F
14:48:47,JSMR,RG,3850,7,D,BB,YP,D
14:48:47,JSMR,RG,3850,8,D,BK,YP,D
14:48:38,JSMR,RG,3850,10,D,BB,YP,D
14:48:38,JSMR,RG,3850,1,D,AT,YP,D
14:48:36,JSMR,RG,3850,7,D,BK,YP,D
14:48:28,JSMR,RG,3850,34,D,LG,YP,D
14:48:14,JSMR,RG,3850,4,F,AK,YP,D
14:48:12,JSMR,RG,3850,7,D,IF,YP,D
14:47:25,JSMR,RG,3850,21,F,BK,YP,D
14:47:25,JSMR,RG,3850,44,F,BK,YP,D
14:47:25,JSMR,RG,3850,3,D,BK,YP,D
14:47:25,JSMR,RG,3850,10,D,BB,YP,D
14:47:25,JSMR,RG,3850,12,D,MK,YP,D
14:47:21,JSMR,RG,3850,8,D,MK,DR,D
14:47:20,JSMR,RG,3860,8,F,BK,ZP,F
14:47:15,JSMR,RG,3860,26,F,BK,ZP,F
14:47:14,JSMR,RG,3840,139,D,BB,CC,D
14:47:14,JSMR,RG,3840,6,D,NI,CC,D
14:47:14,JSMR,RG,3840,55,F,YP,CC,D
14:47:08,JSMR,RG,3840,195,F,YP,CC,D
14:47:08,JSMR,RG,3840,5,D,YP,CC,D
14:47:04,JSMR,RG,3840,24,D,YP,CC,D
14:47:04,JSMR,RG,3840,6,D,YP,CC,D
14:47:04,JSMR,RG,3840,10,D,XC,CC,D
14:47:04,JSMR,RG,3840,98,D,OD,CC,D
14:47:04,JSMR,RG,3850,67,F,BK,CC,D
14:47:04,JSMR,RG,3850,6,D,BK,CC,D
14:47:04,JSMR,RG,3850,4,D,BB,CC,D
14:47:04,JSMR,RG,3850,8,D,YP,CC,D
14:47:03,JSMR,RG,3860,9,F,BK,ZP,F
14:47:02,JSMR,RG,3850,23,D,YP,DR,D
14:47:02,JSMR,RG,3850,19,D,YP,ZP,F
14:46:59,JSMR,RG,3850,9,F,BK,ZP,F
14:46:59,JSMR,RG,3850,5,D,BK,ZP,F
14:46:59,JSMR,RG,3850,3,D,BK,BK,F
14:46:55,JSMR,RG,3840,2,D,OD,CC,D
14:46:55,JSMR,RG,3840,2,D,PD,CC,D
14:46:55,JSMR,RG,3840,1,D,KK,CC,D
14:46:55,JSMR,RG,3840,5,D,DR,CC,D
14:46:55,JSMR,RG,3840,10,D,CC,CC,D
14:46:55,JSMR,RG,3840,50,D,GR,CC,D
14:46:55,JSMR,RG,3840,1,D,PD,CC,D
14:46:55,JSMR,RG,3840,3,D,DR,CC,D
14:46:55,JSMR,RG,3840,15,D,GR,CC,D
14:46:55,JSMR,RG,3840,5,D,SQ,CC,D
14:46:55,JSMR,RG,3840,2,D,KK,CC,D
14:46:55,JSMR,RG,3840,1,D,NI,CC,D
14:46:55,JSMR,RG,3840,53,D,ZP,CC,D
14:46:46,JSMR,RG,3840,1,D,ZP,YP,D
14:46:35,JSMR,RG,3850,2,D,IF,CC,D
14:46:14,JSMR,RG,3840,96,D,ZP,ZP,F
14:46:14,JSMR,RG,3840,13,D,DX,ZP,F
14:46:11,JSMR,RG,3850,8,D,BK,CC,D
14:45:33,JSMR,RG,3850,1,D,XC,CC,D
14:45:33,JSMR,RG,3850,1,F,CS,CC,D
14:45:33,JSMR,RG,3850,10,D,NI,CC,D
14:45:33,JSMR,RG,3850,3,D,XC,CC,D
14:45:33,JSMR,RG,3850,1,D,PD,CC,D
14:45:33,JSMR,RG,3850,111,D,BB,CC,D
14:45:33,JSMR,RG,3850,4,D,BK,CC,D
14:45:33,JSMR,RG,3850,4,D,CS,CC,D
14:45:33,JSMR,RG,3850,26,D,BB,CC,D
14:45:29,JSMR,RG,3850,30,D,BB,NI,D
14:45:29,JSMR,RG,3850,44,D,BB,AG,D
14:45:29,JSMR,RG,3850,56,D,CC,AG,D
14:45:26,JSMR,RG,3850,100,D,CC,AG,D
14:45:23,JSMR,RG,3850,300,D,CC,CC,D
14:45:19,JSMR,RG,3850,102,D,CC,ZP,F
14:45:18,JSMR,RG,3860,4,D,NI,CC,D
14:45:10,JSMR,RG,3860,2,D,CC,CC,D
14:45:09,JSMR,RG,3850,100,D,CC,CC,D
14:44:55,JSMR,RG,3860,9,D,BK,DX,D
14:44:55,JSMR,RG,3850,152,D,CC,CC,D
14:44:50,JSMR,RG,3850,138,D,CC,ZP,F
14:44:49,JSMR,RG,3860,83,D,CC,DX,D
14:44:48,JSMR,RG,3860,26,D,CC,DX,D
14:44:33,JSMR,RG,3860,70,D,YU,DX,D
14:44:32,JSMR,RG,3860,10,D,YU,DX,D
14:44:09,JSMR,RG,3850,52,D,CC,ZP,F
14:44:09,JSMR,RG,3850,1,D,BK,ZP,F
14:44:09,JSMR,RG,3850,4,D,DR,ZP,F
14:44:09,JSMR,RG,3850,15,D,CS,ZP,F
14:44:09,JSMR,RG,3850,8,D,YU,ZP,F
14:44:09,JSMR,RG,3850,22,D,YU,ZP,F
14:43:59,JSMR,RG,3850,59,D,YU,CC,D
14:43:59,JSMR,RG,3850,6,D,BB,CC,D
14:43:56,JSMR,RG,3860,8,D,CC,DX,D
14:43:53,JSMR,RG,3860,43,D,CC,DX,D
14:43:37,JSMR,RG,3850,107,D,BB,ZP,F
14:43:37,JSMR,RG,3850,25,D,BB,CC,D
14:43:37,JSMR,RG,3850,5,D,BK,CC,D
14:43:37,JSMR,RG,3850,4,D,YP,CC,D
14:43:37,JSMR,RG,3850,10,D,YU,CC,D
14:43:37,JSMR,RG,3850,7,D,YU,CC,D
14:43:34,JSMR,RG,3860,8,D,CC,DX,D
14:43:33,JSMR,RG,3860,8,D,BK,DX,D
14:43:17,JSMR,RG,3860,55,D,CC,DX,D
14:43:13,JSMR,RG,3850,52,D,YU,CC,D
14:43:10,JSMR,RG,3860,10,D,CC,DX,D
14:42:56,JSMR,RG,3860,7,D,BK,DX,D
14:42:51,JSMR,RG,3850,4,D,YU,CC,D
14:42:51,JSMR,RG,3850,59,D,BB,CC,D
14:42:46,JSMR,RG,3860,9,D,CC,DX,D
14:42:35,JSMR,RG,3860,54,D,CC,DX,D
14:42:30,JSMR,RG,3860,131,D,LG,DX,D
14:42:29,JSMR,RG,3850,2,F,BK,CC,D
14:42:29,JSMR,RG,3850,5,F,CS,CC,D
14:42:29,JSMR,RG,3850,13,D,YP,CC,D
14:42:29,JSMR,RG,3850,1,D,XC,CC,D
14:42:29,JSMR,RG,3850,9,D,YU,CC,D
14:42:29,JSMR,RG,3850,29,D,YU,CC,D
14:42:22,JSMR,RG,3860,9,D,CC,DX,D
14:42:07,JSMR,RG,3850,47,D,YU,CC,D
14:42:07,JSMR,RG,3850,7,D,BK,CC,D
14:41:56,JSMR,RG,3860,8,D,CC,DX,D
14:41:55,JSMR,RG,3860,60,D,CC,DX,D
14:41:45,JSMR,RG,3850,1,D,BK,CC,D
14:41:45,JSMR,RG,3850,2,D,PD,CC,D
14:41:45,JSMR,RG,3850,31,F,BK,CC,D
14:41:45,JSMR,RG,3850,15,D,BB,CC,D
14:41:34,JSMR,RG,3860,9,D,CC,DX,D
14:41:32,JSMR,RG,3850,51,D,BB,YU,D
14:41:23,JSMR,RG,3850,35,D,BB,CC,D
14:41:23,JSMR,RG,3850,7,D,CS,CC,D
14:41:23,JSMR,RG,3850,24,F,BK,CC,D
14:41:13,JSMR,RG,3860,64,D,CC,DX,D
14:41:10,JSMR,RG,3850,5,F,BK,ZP,F
14:41:10,JSMR,RG,3850,3,D,YU,ZP,F
14:41:10,JSMR,RG,3860,11,D,CC,DX,D
14:40:59,JSMR,RG,3850,64,D,YU,CC,D
14:40:59,JSMR,RG,3850,3,D,YU,CC,D
14:40:46,JSMR,RG,3860,8,D,CC,DX,D
14:40:35,JSMR,RG,3850,5,D,YU,CC,D
14:40:35,JSMR,RG,3850,9,D,BK,CC,D
14:40:35,JSMR,RG,3850,16,D,CD,CC,D
14:40:35,JSMR,RG,3850,13,F,BK,CC,D
14:40:35,JSMR,RG,3850,11,F,ZP,CC,D
14:40:31,JSMR,RG,3860,52,D,CC,DX,D
14:40:22,JSMR,RG,3860,11,D,CC,DX,D
14:40:13,JSMR,RG,3850,35,F,ZP,CC,D
14:40:13,JSMR,RG,3850,12,D,BB,CC,D
14:40:13,JSMR,RG,3850,10,D,DH,CC,D
14:39:58,JSMR,RG,3860,8,D,CC,DX,D
14:39:50,JSMR,RG,3850,69,F,BK,CC,D
14:39:50,JSMR,RG,3850,12,D,BB,CC,D
14:39:50,JSMR,RG,3850,19,D,YP,CC,D
14:39:35,JSMR,RG,3850,6,D,YP,AK,F
14:39:35,JSMR,RG,3850,1,D,YP,AK,F
14:39:35,JSMR,RG,3850,54,D,YP,CC,D
14:39:35,JSMR,RG,3850,30,D,YP,DR,D
14:39:35,JSMR,RG,3850,19,D,YP,YU,D
14:39:35,JSMR,RG,3850,17,D,YP,YU,D
14:39:35,JSMR,RG,3850,14,D,YP,ZP,F
14:39:35,JSMR,RG,3850,48,D,YP,CC,D
14:39:32,JSMR,RG,3850,1,D,BB,CC,D
14:39:27,JSMR,RG,3840,37,D,DX,CC,D
14:39:27,JSMR,RG,3840,5,D,EP,CC,D
14:39:27,JSMR,RG,3840,4,D,CC,CC,D
14:39:27,JSMR,RG,3840,1,D,KK,CC,D
14:39:27,JSMR,RG,3840,1,D,PD,CC,D
14:39:27,JSMR,RG,3840,1,D,CC,CC,D
14:39:27,JSMR,RG,3840,5,D,CC,CC,D
14:39:21,JSMR,RG,3850,54,D,CC,CC,D
14:39:21,JSMR,RG,3850,9,D,CC,CC,D
14:39:21,JSMR,RG,3850,2,D,PD,CC,D
14:39:21,JSMR,RG,3850,36,F,BK,CC,D
14:39:20,JSMR,RG,3860,2,D,EP,DX,D
14:39:15,JSMR,RG,3850,100,D,BB,CC,D
14:39:09,JSMR,RG,3850,10,D,BK,CC,D
14:39:09,JSMR,RG,3850,9,D,CC,CC,D
14:39:09,JSMR,RG,3850,72,D,YU,CC,D
14:39:09,JSMR,RG,3850,9,D,YU,CC,D
14:39:08,JSMR,RG,3860,33,D,CC,DX,D
14:39:05,JSMR,RG,3850,19,D,CC,CC,D
14:39:05,JSMR,RG,3850,6,D,CS,CC,D
14:39:05,JSMR,RG,3850,18,F,BK,CC,D
14:39:05,JSMR,RG,3850,17,D,BB,CC,D
14:38:46,JSMR,RG,3860,10,D,CC,DX,D
14:38:43,JSMR,RG,3860,2,D,KK,DX,D
14:38:41,JSMR,RG,3850,25,D,BB,CC,D
14:38:41,JSMR,RG,3850,9,D,BK,CC,D
14:38:41,JSMR,RG,3850,21,F,BK,CC,D
14:38:31,JSMR,RG,3860,8,D,CC,DX,D
14:38:22,JSMR,RG,3860,11,D,CC,DX,D
14:38:17,JSMR,RG,3850,49,D,CC,CC,D
14:38:17,JSMR,RG,3850,14,F,BK,CC,D
14:38:06,JSMR,RG,3850,34,F,BK,CC,D
14:38:06,JSMR,RG,3850,66,D,BB,CC,D
14:38:01,JSMR,RG,3850,32,D,BB,CC,D
14:38:01,JSMR,RG,3850,8,D,BK,CC,D
14:38:01,JSMR,RG,3850,10,D,YU,CC,D
14:38:01,JSMR,RG,3850,63,D,YU,CC,D
14:38:01,JSMR,RG,3850,10,F,BK,CC,D
14:38:01,JSMR,RG,3850,3,F,CS,CC,D
14:38:01,JSMR,RG,3850,24,D,HD,CC,D
14:37:58,JSMR,RG,3860,8,D,CC,DX,D
14:37:55,JSMR,RG,3850,1,D,HD,CC,D
14:37:55,JSMR,RG,3850,37,F,BK,CC,D
14:37:55,JSMR,RG,3850,6,D,CS,CC,D
14:37:55,JSMR,RG,3850,10,D,BB,CC,D
14:37:47,JSMR,RG,3860,54,D,CC,DX,D
14:37:34,JSMR,RG,3860,10,D,CC,DX,D
14:37:31,JSMR,RG,3850,55,D,BB,CC,D
14:37:30,JSMR,RG,3850,26,D,BB,YU,D
14:37:30,JSMR,RG,3850,7,D,BK,YU,D
14:37:10,JSMR,RG,3860,8,D,CC,DX,D
14:37:07,JSMR,RG,3860,55,D,CC,DX,D
14:37:07,JSMR,RG,3850,1,D,BK,CC,D
14:37:07,JSMR,RG,3850,1,D,KK,CC,D
14:37:07,JSMR,RG,3850,1,F,BK,CC,D
14:37:07,JSMR,RG,3850,10,F,BK,CC,D
14:37:07,JSMR,RG,3850,10,D,YP,CC,D
14:37:07,JSMR,RG,3850,43,D,YU,CC,D
14:36:49,JSMR,RG,3860,10,D,YP,DX,D
14:36:48,JSMR,RG,3860,9,D,CC,DX,D
14:36:45,JSMR,RG,3850,37,D,YU,CC,D
14:36:45,JSMR,RG,3850,10,D,YU,CC,D
14:36:45,JSMR,RG,3850,9,D,BB,CC,D
14:36:23,JSMR,RG,3850,58,D,BB,CC,D
14:36:20,JSMR,RG,3860,7,D,LG,DX,D
14:36:16,JSMR,RG,3850,4,D,BB,ZP,F
14:36:10,JSMR,RG,3850,17,D,BB,CC,D
14:36:10,JSMR,RG,3850,45,F,BK,CC,D
14:36:10,JSMR,RG,3850,10,D,CC,CC,D
14:36:10,JSMR,RG,3850,49,D,CC,CC,D
14:36:10,JSMR,RG,3850,18,F,BK,CC,D
14:36:10,JSMR,RG,3850,11,D,CS,CC,D
14:36:04,JSMR,RG,3850,1,F,CS,CC,D
14:36:04,JSMR,RG,3850,40,D,CD,CC,D
14:36:04,JSMR,RG,3850,19,F,BK,CC,D
14:36:04,JSMR,RG,3850,92,F,BK,CC,D
14:36:04,JSMR,RG,3850,13,D,BK,CC,D
14:36:04,JSMR,RG,3850,135,D,BB,CC,D
14:36:01,JSMR,RG,3850,56,D,BB,CC,D
14:36:00,JSMR,RG,3860,2,D,CC,DX,D
14:36:00,JSMR,RG,3860,5,D,CC,PD,D
14:36:00,JSMR,RG,3860,5,D,CC,CC,D
14:35:47,JSMR,RG,3860,57,D,CC,CC,D
14:35:37,JSMR,RG,3850,7,D,BB,CC,D
14:35:37,JSMR,RG,3850,8,F,BK,CC,D
14:35:37,JSMR,RG,3850,25,D,NI,CC,D
14:35:37,JSMR,RG,3850,3,D,DR,CC,D
14:35:37,JSMR,RG,3850,1,F,CS,CC,D
14:35:37,JSMR,RG,3850,1,D,BK,CC,D
14:35:37,JSMR,RG,3850,9,D,CS,CC,D
14:35:37,JSMR,RG,3850,2,D,YU,CC,D
14:35:34,JSMR,RG,3860,8,D,CC,CC,D
14:35:15,JSMR,RG,3850,7,D,YU,CC,D
14:35:15,JSMR,RG,3850,57,D,YU,CC,D
14:35:12,JSMR,RG,3860,10,D,CC,CC,D
14:35:08,JSMR,RG,3850,17,D,YU,YP,D
14:35:08,JSMR,RG,3850,7,D,PD,YP,D
14:35:08,JSMR,RG,3850,1,D,LG,YP,D
14:35:05,JSMR,RG,3860,50,D,CC,CC,D
14:35:01,JSMR,RG,3860,70,D,YU,CC,D
14:35:01,JSMR,RG,3860,64,D,YU,CC,D
14:35:01,JSMR,RG,3850,9,D,LG,YU,D
14:35:01,JSMR,RG,3850,2,F,CS,YU,D
14:35:01,JSMR,RG,3850,12,D,BK,YU,D
14:35:01,JSMR,RG,3850,10,D,YU,YU,D
14:35:01,JSMR,RG,3850,3,D,YU,YU,D
14:35:00,JSMR,RG,3860,18,D,YU,CC,D
14:34:51,JSMR,RG,3850,58,D,YU,CC,D
14:34:46,JSMR,RG,3860,11,D,CC,CC,D
14:34:29,JSMR,RG,3850,10,D,YU,CC,D
14:34:29,JSMR,RG,3850,10,D,BK,CC,D
14:34:29,JSMR,RG,3850,1,D,PD,CC,D
14:34:29,JSMR,RG,3850,35,F,BK,CC,D
14:34:29,JSMR,RG,3850,13,D,DR,CC,D
14:34:25,JSMR,RG,3860,48,D,CC,CC,D
14:34:22,JSMR,RG,3860,9,D,CC,CC,D
14:34:22,JSMR,RG,3860,1,D,CC,AK,F
14:34:07,JSMR,RG,3850,26,D,BB,CC,D
14:33:58,JSMR,RG,3860,8,D,CC,CC,D
14:33:51,JSMR,RG,3860,16,F,BK,CC,D
14:33:49,JSMR,RG,3860,10,D,PD,CC,D
14:33:49,JSMR,RG,3860,16,D,PD,ZP,F
14:33:45,JSMR,RG,3860,37,D,CC,ZP,F
14:33:45,JSMR,RG,3860,11,D,CC,YU,D
14:33:43,JSMR,RG,3860,5,F,BK,YU,D
14:33:43,JSMR,RG,3860,2,F,BK,AK,F
14:33:43,JSMR,RG,3860,2,F,BK,AK,F
14:33:43,JSMR,RG,3860,1,F,BK,AK,F
14:33:43,JSMR,RG,3860,4,F,BK,BK,F
14:33:43,JSMR,RG,3860,4,F,BK,DR,D
14:33:40,JSMR,RG,3850,55,D,BB,CC,D
14:33:39,JSMR,RG,3860,11,F,BK,DR,D
14:33:34,JSMR,RG,3860,43,F,BK,DR,D
14:33:34,JSMR,RG,3860,10,D,CC,DR,D
14:33:31,JSMR,RG,3860,19,D,BB,DR,D
14:33:31,JSMR,RG,3860,281,D,BB,DX,D
14:33:19,JSMR,RG,3860,9,F,BK,DX,D
14:33:18,JSMR,RG,3850,60,D,BB,CC,D
14:33:12,JSMR,RG,3860,9,D,CC,DX,D
14:33:10,JSMR,RG,3860,9,F,BK,DX,D
14:33:05,JSMR,RG,3860,51,D,CC,DX,D
14:32:55,JSMR,RG,3850,58,D,BB,CC,D
14:32:48,JSMR,RG,3860,10,D,CC,DX,D
14:32:33,JSMR,RG,3850,43,D,BB,CC,D
14:32:33,JSMR,RG,3850,2,D,EP,CC,D
14:32:33,JSMR,RG,3850,8,D,YP,CC,D
14:32:25,JSMR,RG,3860,47,D,CC,DX,D
14:32:24,JSMR,RG,3860,9,D,CC,DX,D
14:32:11,JSMR,RG,3850,67,D,YP,CC,D
14:32:00,JSMR,RG,3850,35,D,YP,YU,D
14:32:00,JSMR,RG,3860,9,D,CC,DX,D
14:31:47,JSMR,RG,3850,50,D,YP,CC,D
14:31:45,JSMR,RG,3860,60,D,CC,DX,D
14:31:36,JSMR,RG,3860,10,D,CC,DX,D
14:31:23,JSMR,RG,3850,40,D,YP,CC,D
14:31:23,JSMR,RG,3850,19,F,ZP,CC,D
14:31:12,JSMR,RG,3860,10,D,CC,DX,D
14:31:03,JSMR,RG,3860,54,D,CC,DX,D
14:30:58,JSMR,RG,3850,52,F,ZP,CC,D
14:30:58,JSMR,RG,3850,9,D,BK,CC,D
14:30:46,JSMR,RG,3860,9,D,CC,DX,D
14:30:34,JSMR,RG,3850,7,D,BK,CC,D
14:30:34,JSMR,RG,3850,49,D,YU,CC,D
14:30:24,JSMR,RG,3860,38,D,CC,DX,D
14:30:24,JSMR,RG,3860,9,D,YU,DX,D
14:30:24,JSMR,RG,3860,77,D,YU,DX,D
14:30:24,JSMR,RG,3860,156,D,CC,DX,D
14:30:24,JSMR,RG,3860,51,D,CC,DX,D
14:30:24,JSMR,RG,3860,6,D,CS,DX,D
14:30:24,JSMR,RG,3860,1,F,CS,DX,D
14:30:24,JSMR,RG,3860,10,D,CC,DX,D
14:30:24,JSMR,RG,3860,15,D,GR,DX,D
14:30:24,JSMR,RG,3860,21,D,BK,DX,D
14:30:24,JSMR,RG,3860,39,F,AK,DX,D
14:30:11,JSMR,RG,3860,28,F,AK,CC,D
14:30:11,JSMR,RG,3860,4,D,CS,CC,D
14:30:11,JSMR,RG,3860,24,D,BB,CC,D
14:29:47,JSMR,RG,3860,102,D,BB,DR,D
14:29:46,JSMR,RG,3860,58,D,BB,CC,D
14:29:22,JSMR,RG,3860,60,D,BB,CC,D
14:29:22,JSMR,RG,3860,56,D,BB,CC,D
14:29:22,JSMR,RG,3860,2,D,CS,CC,D
14:29:22,JSMR,RG,3860,2,D,CS,CC,D
14:29:22,JSMR,RG,3860,10,D,CC,CC,D
14:29:22,JSMR,RG,3860,2,D,YU,CC,D
14:29:22,JSMR,RG,3860,1,F,CS,CC,D
14:29:22,JSMR,RG,3860,2,F,CS,CC,D
14:29:22,JSMR,RG,3860,8,D,YU,CC,D
14:29:22,JSMR,RG,3860,62,D,YU,CC,D
14:29:22,JSMR,RG,3860,5,D,BK,CC,D
14:29:00,JSMR,RG,3860,49,D,BK,CC,D
14:29:00,JSMR,RG,3860,8,D,CS,CC,D
14:29:00,JSMR,RG,3860,6,F,AK,CC,D
14:29:00,JSMR,RG,3870,2,D,EP,DX,D
14:28:38,JSMR,RG,3860,58,F,AK,CC,D
14:28:16,JSMR,RG,3860,3,F,AK,CC,D
14:28:16,JSMR,RG,3860,5,D,CS,CC,D
14:28:16,JSMR,RG,3860,2,F,CS,CC,D
14:28:16,JSMR,RG,3860,9,D,CC,CC,D
14:28:16,JSMR,RG,3860,10,D,YU,CC,D
14:28:16,JSMR,RG,3860,26,D,YU,CC,D
14:28:11,JSMR,RG,3860,45,D,YU,CC,D
14:28:11,JSMR,RG,3860,55,D,CC,CC,D
14:28:04,JSMR,RG,3860,100,D,CC,CC,D
14:27:52,JSMR,RG,3860,100,D,CC,CC,D
14:27:52,JSMR,RG,3860,64,D,CC,CC,D
14:27:52,JSMR,RG,3860,16,D,CC,YU,D
14:27:52,JSMR,RG,3860,2,D,CC,AK,F
14:27:52,JSMR,RG,3860,100,D,CC,CC,D
14:27:52,JSMR,RG,3860,15,D,CC,YU,D
14:27:52,JSMR,RG,3860,7,D,CC,AK,F
14:27:52,JSMR,RG,3860,500,D,CC,DX,D
14:27:52,JSMR,RG,3860,41,D,CC,CC,D
14:27:45,JSMR,RG,3860,58,D,CC,CC,D
14:27:32,JSMR,RG,3860,10,D,CC,CC,D
14:27:28,JSMR,RG,3850,15,D,YU,CC,D
14:27:28,JSMR,RG,3850,9,D,YU,CC,D
14:27:28,JSMR,RG,3850,1,D,CC,CC,D
14:27:28,JSMR,RG,3850,5,D,KK,CC,D
14:27:28,JSMR,RG,3850,21,D,BK,CC,D
14:27:08,JSMR,RG,3860,10,D,CC,CC,D
14:27:06,JSMR,RG,3850,60,D,BB,CC,D
14:27:05,JSMR,RG,3860,52,D,CC,CC,D
14:27:04,JSMR,RG,3860,5,D,NI,CC,D
14:26:46,JSMR,RG,3860,9,D,CC,CC,D
14:26:44,JSMR,RG,3850,79,D,BB,CC,D
14:26:40,JSMR,RG,3860,15,D,YU,CC,D
14:26:40,JSMR,RG,3860,4,D,YU,YU,D
14:26:40,JSMR,RG,3860,15,D,YU,YU,D
14:26:40,JSMR,RG,3860,134,D,YU,DX,D
14:26:25,JSMR,RG,3860,50,D,CC,DX,D
14:26:23,JSMR,RG,3850,11,D,BB,CC,D
14:26:22,JSMR,RG,3850,22,D,BB,CC,D
14:26:22,JSMR,RG,3860,9,D,CC,DX,D
14:26:00,JSMR,RG,3850,19,D,BB,CC,D
14:26:00,JSMR,RG,3850,44,F,BK,CC,D
14:25:58,JSMR,RG,3860,9,D,CC,DX,D
14:25:45,JSMR,RG,3860,50,D,CC,DX,D
14:25:36,JSMR,RG,3850,54,F,BK,CC,D
14:25:34,JSMR,RG,3860,9,D,CC,DX,D
14:25:28,JSMR,RG,3850,26,F,BK,CC,D
14:25:28,JSMR,RG,3850,25,D,BK,CC,D
14:25:28,JSMR,RG,3850,7,D,CS,CC,D
14:25:28,JSMR,RG,3850,4,D,CS,CC,D
14:25:28,JSMR,RG,3850,3,F,CS,CC,D
14:25:28,JSMR,RG,3850,8,D,BB,CC,D
14:25:10,JSMR,RG,3860,9,D,CC,DX,D
14:25:05,JSMR,RG,3860,51,D,CC,DX,D
14:25:01,JSMR,RG,3850,7,D,BB,YU,D
14:25:01,JSMR,RG,3850,29,D,BQ,YU,D
14:24:46,JSMR,RG,3860,9,D,CC,DX,D
14:24:45,JSMR,RG,3860,8,D,BK,DX,D
14:23:31,JSMR,RG,3860,1,D,XC,DX,D
14:23:15,JSMR,RG,3860,50,D,HP,DX,D
14:21:44,JSMR,RG,3860,111,D,BB,DX,D
14:21:44,JSMR,RG,3860,189,D,BB,LS,D
14:21:16,JSMR,RG,3850,1,D,BB,AK,F
14:21:16,JSMR,RG,3850,1,D,BB,AK,F
14:21:16,JSMR,RG,3850,1,D,BB,AK,F
14:21:16,JSMR,RG,3850,2,D,BB,AK,F
14:21:14,JSMR,RG,3850,1,D,BB,AK,F
14:21:14,JSMR,RG,3850,16,D,BB,YU,D
14:21:14,JSMR,RG,3850,15,D,BB,EP,D
14:21:14,JSMR,RG,3850,1,D,BB,AK,F
14:21:14,JSMR,RG,3850,115,D,BB,DR,D
14:21:14,JSMR,RG,3850,92,D,BB,CC,D
14:20:30,JSMR,RG,3850,58,D,XA,CC,D
14:20:30,JSMR,RG,3850,1,D,XA,AK,F
14:20:30,JSMR,RG,3850,41,D,XA,CC,D
14:18:54,JSMR,RG,3840,9,D,CC,KK,D
14:18:54,JSMR,RG,3840,1,D,NI,KK,D
14:18:53,JSMR,RG,3840,1,D,NI,YJ,D
14:18:30,JSMR,RG,3850,101,D,BB,CC,D
14:18:22,JSMR,RG,3850,8,D,IF,CC,D
14:18:22,JSMR,RG,3850,5,D,IF,BK,F
14:18:22,JSMR,RG,3850,18,D,IF,YU,D
14:18:22,JSMR,RG,3850,15,D,IF,YU,D
14:18:22,JSMR,RG,3850,4,D,IF,CC,D
14:18:12,JSMR,RG,3850,9,F,BK,CC,D
14:18:12,JSMR,RG,3850,5,D,CC,CC,D
14:18:12,JSMR,RG,3850,9,F,ZP,CC,D
14:18:12,JSMR,RG,3850,10,D,YU,CC,D
14:18:12,JSMR,RG,3850,80,D,YU,CC,D
14:18:12,JSMR,RG,3850,46,F,BK,CC,D
14:18:12,JSMR,RG,3850,1,D,GR,CC,D
14:18:12,JSMR,RG,3850,2,F,CS,CC,D
14:18:12,JSMR,RG,3850,5,D,DR,CC,D
14:18:12,JSMR,RG,3850,9,D,CS,CC,D
14:18:12,JSMR,RG,3850,20,D,BB,CC,D
14:17:29,JSMR,RG,3850,30,D,BB,CC,D
14:17:29,JSMR,RG,3850,1,F,ZP,CC,D
14:17:29,JSMR,RG,3850,6,D,DR,CC,D
14:17:29,JSMR,RG,3850,9,D,YU,CC,D
14:17:29,JSMR,RG,3850,61,D,YU,CC,D
14:17:29,JSMR,RG,3850,23,D,DR,CC,D
14:17:29,JSMR,RG,3850,13,D,DH,CC,D
14:17:29,JSMR,RG,3850,13,D,DR,CC,D
14:17:29,JSMR,RG,3850,25,D,YP,CC,D
14:17:29,JSMR,RG,3850,1,D,NI,CC,D
14:17:29,JSMR,RG,3850,2,D,RO,CC,D
14:17:29,JSMR,RG,3850,30,D,DR,CC,D
14:17:29,JSMR,RG,3850,50,D,EP,CC,D
14:17:29,JSMR,RG,3850,2,D,YP,CC,D
14:17:29,JSMR,RG,3850,1,D,PD,CC,D
14:17:29,JSMR,RG,3850,25,D,PD,CC,D
14:17:29,JSMR,RG,3850,30,D,PD,CC,D
14:17:29,JSMR,RG,3850,1,D,PD,CC,D
14:17:29,JSMR,RG,3850,5,D,DR,CC,D
14:17:29,JSMR,RG,3850,2,D,PD,CC,D
14:17:29,JSMR,RG,3850,100,D,OD,CC,D
14:17:29,JSMR,RG,3850,1,D,YP,CC,D
14:17:29,JSMR,RG,3850,20,D,GR,CC,D
14:17:29,JSMR,RG,3850,1,D,PD,CC,D
14:17:29,JSMR,RG,3850,5,D,YP,CC,D
14:17:29,JSMR,RG,3850,10,D,OD,CC,D
14:17:29,JSMR,RG,3850,1,D,NI,CC,D
14:17:29,JSMR,RG,3850,2,D,XC,CC,D
14:17:29,JSMR,RG,3850,5,D,PD,CC,D
14:17:29,JSMR,RG,3850,23,D,DR,CC,D
14:17:29,JSMR,RG,3850,2,D,CC,CC,D
14:16:58,JSMR,RG,3860,11,D,BB,LS,D
14:16:47,JSMR,RG,3860,1,D,XC,NI,D
14:16:28,JSMR,RG,3860,3,D,DR,DX,D
14:15:55,JSMR,RG,3860,5,D,PD,DX,D
14:15:26,JSMR,RG,3860,100,D,YU,DX,D
14:15:17,JSMR,RG,3860,16,D,BK,DX,D
14:15:17,JSMR,RG,3860,247,D,BB,DX,D
14:15:17,JSMR,RG,3860,78,D,YU,DX,D
14:15:17,JSMR,RG,3860,9,D,YU,DX,D
14:15:17,JSMR,RG,3860,16,D,XC,DX,D
14:15:17,JSMR,RG,3860,198,D,BB,DX,D
14:15:17,JSMR,RG,3860,1,F,CS,DX,D
14:15:17,JSMR,RG,3860,16,D,BK,DX,D
14:15:17,JSMR,RG,3860,18,D,BK,DX,D
14:15:17,JSMR,RG,3860,3,D,CS,DX,D
14:15:17,JSMR,RG,3860,8,D,YU,DX,D
14:15:17,JSMR,RG,3860,70,D,YU,DX,D
14:15:17,JSMR,RG,3860,1,F,CS,DX,D
14:15:17,JSMR,RG,3860,8,F,ZP,DX,D
14:15:17,JSMR,RG,3860,16,D,BK,DX,D
14:15:17,JSMR,RG,3860,687,D,CC,DX,D
14:15:02,JSMR,RG,3860,35,D,CC,YU,D
14:12:06,JSMR,RG,3870,1,D,DR,DX,D
14:11:12,JSMR,RG,3860,81,D,CC,DR,D
14:11:12,JSMR,RG,3860,197,D,CC,CC,D
14:11:02,JSMR,RG,3860,10,F,BK,CC,D
14:11:02,JSMR,RG,3860,9,D,BK,CC,D
14:11:02,JSMR,RG,3860,9,D,CC,CC,D
14:11:02,JSMR,RG,3860,77,D,PD,CC,D
14:11:02,JSMR,RG,3860,5,D,CS,CC,D
14:11:02,JSMR,RG,3860,193,D,CC,CC,D
14:10:38,JSMR,RG,3860,1,D,CC,AK,F
14:10:38,JSMR,RG,3860,5,D,CC,BK,F
14:10:38,JSMR,RG,3860,3,D,CC,AK,F
14:10:38,JSMR,RG,3860,2,D,CC,AK,F
14:10:38,JSMR,RG,3860,15,D,CC,YU,D
14:10:38,JSMR,RG,3860,60,D,CC,DR,D
14:10:38,JSMR,RG,3860,54,D,CC,DX,D
14:09:58,JSMR,RG,3860,2,F,CS,DX,D
14:09:57,JSMR,RG,3860,283,D,CC,DX,D
14:09:57,JSMR,RG,3860,90,D,BB,DX,D
14:09:57,JSMR,RG,3860,16,D,BK,DX,D
14:09:57,JSMR,RG,3860,7,D,CS,DX,D
14:09:57,JSMR,RG,3860,3,D,YP,DX,D
14:09:57,JSMR,RG,3860,5,D,SQ,DX,D
14:09:57,JSMR,RG,3860,9,D,SQ,DX,D
14:09:57,JSMR,RG,3860,1,D,YP,DX,D
14:09:57,JSMR,RG,3860,9,D,BK,DX,D
14:09:57,JSMR,RG,3860,10,D,YU,DX,D
14:09:57,JSMR,RG,3860,64,D,YU,DX,D
14:09:57,JSMR,RG,3860,79,D,BB,DX,D
14:09:57,JSMR,RG,3860,2,D,YP,DX,D
14:09:57,JSMR,RG,3860,331,D,CC,DX,D
14:09:57,JSMR,RG,3860,1,F,CS,DX,D
14:09:57,JSMR,RG,3860,34,D,BB,DX,D
14:08:20,JSMR,RG,3860,36,D,BB,YU,D
14:07:10,JSMR,RG,3860,30,D,BB,OD,D
14:06:11,JSMR,RG,3860,117,D,BB,DX,D
14:06:11,JSMR,RG,3860,10,D,PD,DX,D
14:06:11,JSMR,RG,3860,12,F,ZP,DX,D
14:06:11,JSMR,RG,3860,331,D,CC,DX,D
14:06:11,JSMR,RG,3860,10,D,CS,DX,D
14:06:11,JSMR,RG,3860,20,D,YU,DX,D
14:06:10,JSMR,RG,3860,20,D,YU,DR,D
14:06:00,JSMR,RG,3860,34,D,YU,DX,D
14:06:00,JSMR,RG,3860,10,D,YU,DX,D
14:06:00,JSMR,RG,3860,2,F,CS,DX,D
14:06:00,JSMR,RG,3860,20,D,BK,DX,D
14:06:00,JSMR,RG,3860,1,D,KK,DX,D
14:06:00,JSMR,RG,3860,19,D,BK,DX,D
14:06:00,JSMR,RG,3860,8,D,YU,DX,D
14:06:00,JSMR,RG,3860,80,D,YU,DX,D
14:06:00,JSMR,RG,3860,7,D,CS,DX,D
14:06:00,JSMR,RG,3860,18,D,BK,DX,D
14:06:00,JSMR,RG,3860,1,F,CS,DX,D
14:06:00,JSMR,RG,3860,2,D,YB,DX,D
14:06:00,JSMR,RG,3860,65,D,YU,DX,D
14:06:00,JSMR,RG,3860,10,D,YU,DX,D
14:06:00,JSMR,RG,3860,13,D,BK,DX,D
14:06:00,JSMR,RG,3860,133,D,BB,DX,D
14:06:00,JSMR,RG,3860,11,F,ZP,DX,D
14:06:00,JSMR,RG,3860,15,D,BK,DX,D
14:06:00,JSMR,RG,3860,230,D,BB,DX,D
14:06:00,JSMR,RG,3860,1,D,NI,DX,D
14:06:00,JSMR,RG,3860,2,D,NI,DX,D
14:06:00,JSMR,RG,3860,1,D,PD,DX,D
14:06:00,JSMR,RG,3860,1,D,OD,DX,D
14:06:00,JSMR,RG,3860,2,D,YP,DX,D
14:06:00,JSMR,RG,3860,25,D,PD,DX,D
14:06:00,JSMR,RG,3860,30,D,YP,DX,D
14:06:00,JSMR,RG,3860,1,D,PD,DX,D
14:06:00,JSMR,RG,3860,1,D,XC,DX,D
14:06:00,JSMR,RG,3860,50,D,IF,DX,D
14:06:00,JSMR,RG,3860,331,D,CC,DX,D
14:06:00,JSMR,RG,3860,2,D,PD,DX,D
14:06:00,JSMR,RG,3860,5,D,YP,DX,D
14:06:00,JSMR,RG,3860,1,D,YP,DX,D
14:06:00,JSMR,RG,3860,10,D,DR,DX,D
14:06:00,JSMR,RG,3860,10,D,NI,DX,D
14:06:00,JSMR,RG,3860,348,D,CC,DX,D
14:05:48,JSMR,RG,3870,10,D,BK,DX,D
14:03:40,JSMR,RG,3860,19,D,CC,DR,D
14:03:40,JSMR,RG,3860,1,D,CC,DR,D
14:03:05,JSMR,RG,3870,25,D,DR,DX,D
14:02:32,JSMR,RG,3870,1,D,PD,DX,D
14:02:02,JSMR,RG,3870,25,D,YP,DX,D
14:01:42,JSMR,RG,3870,50,D,IF,DX,D
14:00:34,JSMR,RG,3870,7,D,BB,DX,D
13:59:32,JSMR,RG,3870,1,F,CS,DX,D
13:59:32,JSMR,RG,3870,9,D,BK,DX,D
13:59:32,JSMR,RG,3870,3,D,CC,DX,D
13:59:32,JSMR,RG,3870,3,D,LG,DX,D
13:59:32,JSMR,RG,3870,11,D,CC,DX,D
13:59:32,JSMR,RG,3870,25,F,BK,DX,D
13:59:32,JSMR,RG,3870,1,D,KK,DX,D
13:59:32,JSMR,RG,3870,56,D,CC,DX,D
13:58:12,JSMR,RG,3870,24,D,CC,YP,D
13:58:12,JSMR,RG,3870,4,D,CS,YP,D
13:58:12,JSMR,RG,3870,7,D,PD,YP,D
13:58:07,JSMR,RG,3870,8,D,PD,YU,D
13:58:07,JSMR,RG,3870,10,D,PD,NI,D
13:58:07,JSMR,RG,3870,1,D,PD,AK,F
13:58:07,JSMR,RG,3870,16,D,PD,YU,D
13:58:07,JSMR,RG,3870,8,D,PD,YU,D
13:57:37,JSMR,RG,3870,3,D,DH,YU,D
13:57:32,JSMR,RG,3870,7,D,PD,YU,D
13:57:32,JSMR,RG,3870,19,D,PD,YU,D
13:57:32,JSMR,RG,3870,74,D,PD,DX,D
13:57:19,JSMR,RG,3870,55,D,CC,DX,D
13:57:19,JSMR,RG,3870,111,D,CC,DX,D
13:57:19,JSMR,RG,3870,111,D,CC,DX,D
13:57:19,JSMR,RG,3870,1,F,BK,DX,D
13:57:19,JSMR,RG,3870,14,D,CC,DX,D
13:57:19,JSMR,RG,3870,1,F,CS,DX,D
13:57:19,JSMR,RG,3870,111,D,CC,DX,D
13:57:19,JSMR,RG,3870,1,D,XC,DX,D
13:57:19,JSMR,RG,3870,21,F,BK,DX,D
13:57:14,JSMR,RG,3870,35,F,BK,DX,D
13:57:14,JSMR,RG,3870,69,D,CC,DX,D
13:57:14,JSMR,RG,3870,40,D,IF,DX,D
13:57:14,JSMR,RG,3870,5,D,YU,DX,D
13:57:14,JSMR,RG,3870,53,F,BK,DX,D
13:57:14,JSMR,RG,3870,2,F,CS,DX,D
13:57:14,JSMR,RG,3870,5,D,CS,DX,D
13:57:14,JSMR,RG,3870,40,D,MK,DX,D
13:57:14,JSMR,RG,3870,19,F,ZP,DX,D
13:57:14,JSMR,RG,3870,9,D,YU,DX,D
13:57:14,JSMR,RG,3870,77,D,YU,DX,D
13:57:14,JSMR,RG,3870,5,D,KK,DX,D
13:57:14,JSMR,RG,3870,1,D,CC,DX,D
13:57:14,JSMR,RG,3870,5,D,YP,DX,D
13:57:14,JSMR,RG,3870,13,D,YP,DX,D
13:57:14,JSMR,RG,3870,1,D,PD,DX,D
13:57:14,JSMR,RG,3870,50,D,IF,DX,D
13:57:14,JSMR,RG,3870,71,D,CC,DX,D
13:57:02,JSMR,RG,3880,4,D,CC,CC,D
13:57:02,JSMR,RG,3880,10,D,CC,DR,D
13:57:02,JSMR,RG,3870,30,D,CC,CC,D
13:56:17,JSMR,RG,3870,5,D,CC,KK,D
13:56:15,JSMR,RG,3870,5,D,CC,DR,D
13:56:15,JSMR,RG,3870,2,D,PD,DR,D
13:56:15,JSMR,RG,3870,5,D,YP,DR,D
13:56:05,JSMR,RG,3880,107,D,PD,DR,D
13:56:05,JSMR,RG,3880,1,D,PD,AK,F
13:56:05,JSMR,RG,3880,1,D,PD,AK,F
13:56:05,JSMR,RG,3880,1,D,PD,AK,F
13:56:05,JSMR,RG,3880,19,D,PD,YU,D
13:56:05,JSMR,RG,3880,5,D,PD,BK,F
13:56:05,JSMR,RG,3880,199,D,PD,CC,D
13:54:58,JSMR,RG,3880,4,D,BK,CC,D
13:54:57,JSMR,RG,3880,1,D,CS,CC,D
13:54:57,JSMR,RG,3880,14,D,CC,CC,D
13:54:57,JSMR,RG,3880,2,D,CS,CC,D
13:54:57,JSMR,RG,3880,64,D,DR,CC,D
13:54:57,JSMR,RG,3880,73,D,CC,CC,D
13:54:57,JSMR,RG,3880,24,D,BK,CC,D
13:54:57,JSMR,RG,3880,76,D,YU,CC,D
13:54:57,JSMR,RG,3880,10,D,YU,CC,D
13:54:57,JSMR,RG,3880,6,D,CS,CC,D
13:54:57,JSMR,RG,3880,237,D,BB,CC,D
13:54:57,JSMR,RG,3880,1,F,CS,CC,D
13:54:57,JSMR,RG,3880,23,D,BK,CC,D
13:54:57,JSMR,RG,3880,1,F,CS,CC,D
13:54:57,JSMR,RG,3880,9,D,CS,CC,D
13:54:57,JSMR,RG,3880,10,D,YU,CC,D
13:54:57,JSMR,RG,3880,71,D,YU,CC,D
13:54:57,JSMR,RG,3880,23,D,BK,CC,D
13:54:57,JSMR,RG,3880,23,D,BK,CC,D
13:54:57,JSMR,RG,3880,148,D,BB,CC,D
13:54:57,JSMR,RG,3880,1,D,NI,CC,D
13:54:57,JSMR,RG,3880,10,D,DR,CC,D
13:54:57,JSMR,RG,3880,1,D,NI,CC,D
13:54:57,JSMR,RG,3880,7,D,PD,CC,D
13:54:57,JSMR,RG,3880,100,D,PD,CC,D
13:54:57,JSMR,RG,3880,60,D,PD,CC,D
13:54:57,JSMR,RG,3880,5,D,PD,CC,D
13:54:57,JSMR,RG,3880,1,D,DX,CC,D
13:54:57,JSMR,RG,3880,1,D,RO,CC,D
13:54:57,JSMR,RG,3880,5,D,DR,CC,D
13:54:57,JSMR,RG,3880,150,D,IF,CC,D
13:54:57,JSMR,RG,3880,320,D,CC,CC,D
13:54:57,JSMR,RG,3880,2,D,YP,CC,D
13:54:57,JSMR,RG,3880,3,D,CC,CC,D
13:54:57,JSMR,RG,3880,5,D,YP,CC,D
13:54:57,JSMR,RG,3880,1,D,YJ,CC,D
13:54:57,JSMR,RG,3880,309,D,CC,CC,D
13:54:39,JSMR,RG,3890,9,D,BK,DX,D
13:54:32,JSMR,RG,3890,14,D,CC,DX,D
13:53:50,JSMR,RG,3880,10,D,CC,KK,D
13:53:45,JSMR,RG,3890,1,D,AT,DX,D
13:53:42,JSMR,RG,3890,10,D,CC,DX,D
13:53:40,JSMR,RG,3880,51,D,CC,DR,D
13:53:24,JSMR,RG,3890,70,D,CC,DX,D
13:53:16,JSMR,RG,3890,15,D,CC,DX,D
13:52:42,JSMR,RG,3890,6,D,CS,DX,D
13:52:31,JSMR,RG,3880,34,D,CC,YU,D
13:51:58,JSMR,RG,3890,13,D,CC,DX,D
13:51:16,JSMR,RG,3890,76,D,CC,DX,D
13:51:09,JSMR,RG,3890,1,D,YJ,DX,D
13:50:44,JSMR,RG,3890,13,D,CC,DX,D
13:50:18,JSMR,RG,3890,14,D,CS,DX,D
13:48:52,JSMR,RG,3890,2,F,CS,DX,D
13:48:52,JSMR,RG,3890,1,D,PD,DX,D
13:48:52,JSMR,RG,3890,13,D,CC,DX,D
13:48:52,JSMR,RG,3890,1,D,EP,DX,D
13:48:52,JSMR,RG,3890,9,D,BK,DX,D
13:48:52,JSMR,RG,3890,8,D,YU,DX,D
13:48:52,JSMR,RG,3890,67,D,YU,DX,D
13:48:52,JSMR,RG,3890,84,D,CC,DX,D
13:48:22,JSMR,RG,3890,1,D,XC,NI,D
13:48:06,JSMR,RG,3900,13,D,CC,DX,D
13:47:30,JSMR,RG,3890,5,F,BK,YU,D
13:47:30,JSMR,RG,3890,17,D,BB,YU,D
13:47:30,JSMR,RG,3890,10,D,CS,YU,D
13:46:51,JSMR,RG,3890,2,D,CS,CC,D
13:46:14,JSMR,RG,3890,4,D,BK,CC,D
13:46:14,JSMR,RG,3890,289,F,BK,CC,D
13:46:14,JSMR,RG,3890,16,D,CC,CC,D
13:46:14,JSMR,RG,3890,1,F,CS,CC,D
13:46:14,JSMR,RG,3890,84,D,CC,CC,D
13:46:14,JSMR,RG,3890,95,D,BB,CC,D
13:46:14,JSMR,RG,3890,10,D,YU,CC,D
13:46:14,JSMR,RG,3890,66,D,YU,CC,D
13:46:14,JSMR,RG,3890,373,D,BB,CC,D
13:46:14,JSMR,RG,3890,62,F,ZP,CC,D
13:46:12,JSMR,RG,3900,156,F,BK,DX,D
13:46:10,JSMR,RG,3890,38,F,ZP,CC,D
13:46:10,JSMR,RG,3890,10,D,BK,CC,D
13:46:10,JSMR,RG,3890,444,D,CC,CC,D
13:46:10,JSMR,RG,3890,3,D,CC,CC,D
13:46:10,JSMR,RG,3890,50,D,PD,CC,D
13:46:10,JSMR,RG,3890,10,D,CC,CC,D
13:46:10,JSMR,RG,3890,20,D,PD,CC,D
13:46:10,JSMR,RG,3890,1,D,CC,CC,D
13:46:10,JSMR,RG,3890,1099,D,CC,CC,D
13:45:37,JSMR,RG,3890,1,D,CC,YP,D
13:45:28,JSMR,RG,3900,14,D,CC,DX,D
13:44:12,JSMR,RG,3900,247,D,CC,DX,D
13:44:12,JSMR,RG,3900,144,D,CC,DX,D
13:44:12,JSMR,RG,3900,226,D,CC,DX,D
13:44:06,JSMR,RG,3900,25,D,CC,DX,D
13:44:06,JSMR,RG,3900,251,D,CC,DX,D
13:44:06,JSMR,RG,3900,1,F,CS,DX,D
13:44:06,JSMR,RG,3900,5,D,CC,DX,D
13:44:06,JSMR,RG,3900,27,D,CC,DX,D
13:44:06,JSMR,RG,3900,15,D,CC,DX,D
13:44:06,JSMR,RG,3900,251,D,CC,DX,D
13:44:06,JSMR,RG,3900,2,F,CS,DX,D
13:44:06,JSMR,RG,3900,27,D,BK,DX,D
13:44:06,JSMR,RG,3900,81,D,YU,DX,D
13:44:06,JSMR,RG,3900,9,D,YU,DX,D
13:44:06,JSMR,RG,3900,154,D,CC,DX,D
13:44:06,JSMR,RG,3900,26,D,BK,DX,D
13:44:06,JSMR,RG,3900,1,F,CS,DX,D
13:44:06,JSMR,RG,3900,9,D,CS,DX,D
13:44:06,JSMR,RG,3900,2,D,EP,DX,D
13:44:06,JSMR,RG,3900,8,D,HP,DX,D
13:44:06,JSMR,RG,3900,63,D,YU,DX,D
13:44:06,JSMR,RG,3900,9,D,YU,DX,D
13:44:06,JSMR,RG,3900,8,D,BK,DX,D
13:44:06,JSMR,RG,3900,1000,D,BB,DX,D
13:44:06,JSMR,RG,3900,2,F,CS,DX,D
13:44:06,JSMR,RG,3900,24,F,ZP,DX,D
13:41:55,JSMR,RG,3900,2,F,ZP,KK,D
13:41:09,JSMR,RG,3910,2,D,CC,NI,D
13:41:09,JSMR,RG,3910,1,D,CC,YU,D
13:37:27,JSMR,RG,3910,5,D,KK,YU,D
13:37:25,JSMR,RG,3910,10,D,NI,YU,D
13:36:37,JSMR,RG,3920,325,D,BB,CC,D
13:36:37,JSMR,RG,3920,1,D,BB,YP,D
13:36:37,JSMR,RG,3920,1,D,BB,YP,D
13:36:37,JSMR,RG,3920,10,D,BB,OD,D
13:36:37,JSMR,RG,3920,1,D,BB,XC,D
13:36:37,JSMR,RG,3920,2,D,BB,CC,D
13:36:37,JSMR,RG,3920,20,D,BB,DH,D
13:36:37,JSMR,RG,3920,4,D,BB,KK,D
13:36:37,JSMR,RG,3920,10,D,BB,EP,D
13:36:37,JSMR,RG,3920,35,D,BB,CC,D
13:36:37,JSMR,RG,3920,20,D,BB,KK,D
13:36:37,JSMR,RG,3920,15,D,BB,EP,D
13:36:37,JSMR,RG,3920,10,D,BB,PD,D
13:36:37,JSMR,RG,3920,17,D,BB,YJ,D
13:36:37,JSMR,RG,3920,4,D,BB,XC,D
13:36:37,JSMR,RG,3920,1,D,BB,CC,D
13:36:37,JSMR,RG,3920,30,D,BB,IP,D
13:36:37,JSMR,RG,3920,50,D,BB,LG,D
13:36:37,JSMR,RG,3920,1,D,BB,CC,D
13:36:37,JSMR,RG,3920,1,D,BB,DH,D
13:36:37,JSMR,RG,3920,10,D,BB,GR,D
13:36:37,JSMR,RG,3920,50,D,BB,GR,D
13:36:37,JSMR,RG,3920,200,D,BB,DX,D
13:36:37,JSMR,RG,3920,5,D,BB,CC,D
13:36:37,JSMR,RG,3920,1,D,BB,PD,D
13:36:37,JSMR,RG,3920,5,D,BB,KK,D
13:36:37,JSMR,RG,3920,1,D,BB,NI,D
13:36:37,JSMR,RG,3920,1,D,BB,SQ,D
13:36:37,JSMR,RG,3920,5,D,BB,KK,D
13:36:37,JSMR,RG,3920,20,D,BB,SQ,D
13:36:37,JSMR,RG,3920,1,D,BB,YU,D
13:36:37,JSMR,RG,3920,2,D,BB,PD,D
13:36:37,JSMR,RG,3920,300,D,BB,KK,D
13:36:37,JSMR,RG,3920,20,D,BB,OD,D
13:36:37,JSMR,RG,3920,1,D,BB,YP,D
13:36:37,JSMR,RG,3920,10,D,BB,CC,D
13:36:37,JSMR,RG,3920,200,D,BB,DX,D
13:36:37,JSMR,RG,3920,56,D,BB,YB,D
13:36:37,JSMR,RG,3920,1,D,BB,PD,D
13:36:37,JSMR,RG,3920,50,D,BB,LG,D
13:36:37,JSMR,RG,3920,131,D,BB,AI,D
13:36:37,JSMR,RG,3910,32,D,BB,PD,D
13:36:37,JSMR,RG,3910,2,D,BB,AK,F
13:36:37,JSMR,RG,3910,500,D,BB,DX,D
13:36:37,JSMR,RG,3910,19,D,BB,YU,D
13:36:37,JSMR,RG,3910,15,D,BB,YU,D
13:36:37,JSMR,RG,3910,1500,D,BB,CC,D
13:36:37,JSMR,RG,3910,1,D,BB,YP,D
13:36:37,JSMR,RG,3910,9,D,BB,AK,F
13:36:37,JSMR,RG,3910,3,D,BB,AK,F
13:36:37,JSMR,RG,3910,5,D,BB,AT,D
13:36:37,JSMR,RG,3910,5,D,BB,XC,D
13:36:37,JSMR,RG,3910,1,D,BB,XC,D
13:36:37,JSMR,RG,3910,6,D,BB,CC,F
13:36:37,JSMR,RG,3910,30,D,BB,PD,D
13:36:37,JSMR,RG,3910,15,D,BB,PD,D
13:36:37,JSMR,RG,3910,3,D,BB,DR,D
13:36:37,JSMR,RG,3910,1,D,BB,XC,D
13:36:37,JSMR,RG,3910,1,D,BB,PD,D
13:36:37,JSMR,RG,3910,10,D,BB,CC,D
13:36:37,JSMR,RG,3910,47,D,BB,DR,D
13:36:37,JSMR,RG,3910,1,D,BB,NI,D
13:36:37,JSMR,RG,3910,2,D,BB,KK,D
13:36:37,JSMR,RG,3910,5,D,BB,BK,F
13:36:37,JSMR,RG,3910,734,D,BB,DX,D
13:36:37,JSMR,RG,3900,209,D,BB,DR,D
13:36:37,JSMR,RG,3900,216,D,BB,DX,D
13:36:33,JSMR,RG,3900,2,F,CS,DX,D
13:36:33,JSMR,RG,3900,26,D,BK,DX,D
13:36:33,JSMR,RG,3900,10,D,YU,DX,D
13:36:33,JSMR,RG,3900,65,D,YU,DX,D
13:36:33,JSMR,RG,3900,10,D,YU,DX,D
13:36:33,JSMR,RG,3900,74,D,YU,DX,D
13:36:33,JSMR,RG,3900,50,F,ZP,DX,D
13:36:33,JSMR,RG,3900,3,D,YP,DX,D
13:36:33,JSMR,RG,3900,20,D,PD,DX,D
13:36:33,JSMR,RG,3900,1,D,CC,DX,D
13:36:33,JSMR,RG,3900,2,D,DR,DX,D
13:36:33,JSMR,RG,3900,68,D,BK,DX,D
13:36:33,JSMR,RG,3900,2,D,CS,DX,D
13:36:33,JSMR,RG,3900,3,D,CS,DX,D
13:36:33,JSMR,RG,3900,10,D,OD,DX,D
13:36:33,JSMR,RG,3900,10,D,OD,DX,D
13:36:33,JSMR,RG,3900,2,D,CS,DX,D
13:36:33,JSMR,RG,3900,2,D,CS,DX,D
13:36:33,JSMR,RG,3900,1,F,CS,DX,D
13:36:33,JSMR,RG,3900,1,F,CS,DX,D
13:36:33,JSMR,RG,3900,3,D,CS,DX,D
13:36:33,JSMR,RG,3900,1,D,AT,DX,D
13:36:33,JSMR,RG,3900,1,F,CS,DX,D
13:36:33,JSMR,RG,3900,2,D,CS,DX,D
13:36:33,JSMR,RG,3900,2,D,CS,DX,D
13:36:33,JSMR,RG,3900,10,D,DR,DX,D
13:36:33,JSMR,RG,3900,1,D,CS,DX,D
13:36:33,JSMR,RG,3900,1,D,CS,DX,D
13:36:33,JSMR,RG,3900,2,D,CS,DX,D
13:36:33,JSMR,RG,3900,3,D,CS,DX,D
13:36:33,JSMR,RG,3900,2,D,CS,DX,D
13:36:33,JSMR,RG,3900,2,D,CS,DX,D
13:36:33,JSMR,RG,3900,1,D,CS,DX,D
13:36:33,JSMR,RG,3900,1,F,CS,DX,D
13:36:33,JSMR,RG,3900,3,D,CS,DX,D
13:36:33,JSMR,RG,3900,1,D,CS,DX,D
13:36:33,JSMR,RG,3900,1,D,CS,DX,D
13:36:33,JSMR,RG,3900,2,D,CS,DX,D
13:36:33,JSMR,RG,3900,2,D,CS,DX,D
13:36:33,JSMR,RG,3900,2,D,CS,DX,D
13:36:33,JSMR,RG,3900,1,F,CS,DX,D
13:36:33,JSMR,RG,3900,1,D,CS,DX,D
13:36:33,JSMR,RG,3900,1377,D,CC,DX,D
13:36:31,JSMR,RG,3910,9,D,BK,DX,D
13:36:14,JSMR,RG,3900,173,D,CC,CC,D
13:36:14,JSMR,RG,3900,2,D,CC,PD,D
13:36:00,JSMR,RG,3900,7,D,CC,SQ,D
13:36:00,JSMR,RG,3900,1,D,CC,EP,D
13:35:45,JSMR,RG,3910,8,D,BK,DX,D
13:35:01,JSMR,RG,3910,144,D,YU,DX,D
13:35:01,JSMR,RG,3900,33,D,CC,YU,D
13:35:01,JSMR,RG,3910,18,D,YU,DX,D
13:34:47,JSMR,RG,3910,10,D,BK,DX,D
13:33:58,JSMR,RG,3910,1,D,NI,DX,D
13:30:33,JSMR,RG,3910,5,D,NI,DX,D
13:30:19,JSMR,RG,3900,1,D,CC,YP,D
13:30:06,JSMR,RG,3900,1,D,CC,SQ,D
13:30:05,JSMR,RG,3900,2,D,CC,PD,D
13:30:05,JSMR,RG,3910,18,D,EP,DX,D
13:30:04,JSMR,RG,3900,19,D,CC,YU,D
13:30:04,JSMR,RG,3910,53,D,YU,DX,D
13:30:04,JSMR,RG,3910,22,D,YU,YP,D
13:30:04,JSMR,RG,3910,8,D,YU,YP,D
13:30:04,JSMR,RG,3910,1,D,YU,IP,D
13:30:03,JSMR,RG,3910,14,D,PD,IP,D
13:30:03,JSMR,RG,3910,1,D,PD,PD,D
13:30:03,JSMR,RG,3910,12,D,PD,CC,D
13:30:03,JSMR,RG,3910,2,D,EP,CC,D
11:29:54,JSMR,RG,3910,3,D,BK,CC,D
11:29:36,JSMR,RG,3910,3,F,CS,CC,D
11:29:36,JSMR,RG,3910,1,F,CS,YP,D
11:29:31,JSMR,RG,3910,4,F,BK,YP,D
11:29:31,JSMR,RG,3910,10,F,BK,DX,D
11:29:31,JSMR,RG,3910,6,D,BK,DX,D
11:29:28,JSMR,RG,3910,40,D,OD,DX,D
11:29:27,JSMR,RG,3900,20,D,CC,DR,D
11:28:57,JSMR,RG,3910,8,D,BK,DX,D
11:28:23,JSMR,RG,3910,9,D,BK,DX,D
11:28:21,JSMR,RG,3900,10,D,CC,GR,D
11:27:44,JSMR,RG,3910,9,D,BK,DX,D
11:27:31,JSMR,RG,3900,1,D,CC,YP,D
11:27:29,JSMR,RG,3900,1,D,CC,NI,D
11:27:04,JSMR,RG,3910,10,D,BK,DX,D
11:26:37,JSMR,RG,3910,8,D,BK,DX,D
11:26:06,JSMR,RG,3910,9,D,BK,DX,D
11:25:59,JSMR,RG,3910,7,D,NI,DX,D
11:25:27,JSMR,RG,3910,17,F,BK,DX,D
11:25:24,JSMR,RG,3910,9,D,BK,DX,D
11:24:47,JSMR,RG,3910,9,D,BK,DX,D
11:24:38,JSMR,RG,3910,9,F,BK,DX,D
11:24:35,JSMR,RG,3910,35,F,BK,DX,D
11:24:33,JSMR,RG,3910,25,D,YU,DX,D
11:24:31,JSMR,RG,3910,203,D,YU,DX,D
11:23:48,JSMR,RG,3910,10,D,BK,DX,D
11:22:56,JSMR,RG,3910,9,D,BK,DX,D
11:22:42,JSMR,RG,3900,10,D,CC,GR,D
11:22:05,JSMR,RG,3910,9,D,BK,DX,D
11:22:04,JSMR,RG,3900,400,D,CC,YP,D
11:22:00,JSMR,RG,3910,49,D,YU,DX,D
11:22:00,JSMR,RG,3910,74,D,YU,DX,D
11:22:00,JSMR,RG,3910,17,D,YU,DX,D
11:21:08,JSMR,RG,3910,10,D,BK,DX,D
11:20:19,JSMR,RG,3900,1,D,CC,YP,D
11:19:16,JSMR,RG,3900,1,D,CC,DR,D
11:19:01,JSMR,RG,3910,2,D,AZ,DX,D
11:18:37,JSMR,RG,3910,1,D,DH,DX,D
11:18:20,JSMR,RG,3910,1,F,CS,DX,D
11:18:20,JSMR,RG,3910,1,D,OD,DX,D
11:18:20,JSMR,RG,3910,2,D,PD,DX,D
11:18:20,JSMR,RG,3910,1,F,CS,DX,D
11:18:20,JSMR,RG,3910,27,D,BK,DX,D
11:18:20,JSMR,RG,3910,6,F,ZP,DX,D
11:18:20,JSMR,RG,3910,25,D,YP,DX,D
11:18:20,JSMR,RG,3910,174,F,BK,DX,D
11:18:20,JSMR,RG,3910,63,F,AK,DX,D
11:18:20,JSMR,RG,3910,1,F,CS,DX,D
11:18:20,JSMR,RG,3910,95,D,CC,DX,D
11:18:13,JSMR,RG,3920,18,F,BK,AI,D
11:18:10,JSMR,RG,3920,29,F,BK,AI,D
11:18:07,JSMR,RG,3910,200,D,CC,PD,D
11:18:04,JSMR,RG,3920,9,F,BK,AI,D
11:18:01,JSMR,RG,3920,13,F,BK,AI,D
11:18:01,JSMR,RG,3920,2,F,BK,DR,D
11:18:01,JSMR,RG,3920,1,F,BK,PD,D
11:18:01,JSMR,RG,3920,7,F,BK,XC,D
11:18:00,JSMR,RG,3920,23,D,YU,XC,D
11:18:00,JSMR,RG,3920,10,D,YU,PD,D
11:18:00,JSMR,RG,3920,101,D,YU,DR,D
11:18:00,JSMR,RG,3920,17,D,YU,DR,D
11:17:41,JSMR,RG,3920,9,D,BK,DR,D
11:17:32,JSMR,RG,3910,5,D,CC,CC,D
11:17:22,JSMR,RG,3910,34,D,CC,YP,D
11:17:16,JSMR,RG,3920,15,F,BK,DR,D
11:17:14,JSMR,RG,3920,12,F,BK,DR,D
11:17:11,JSMR,RG,3910,150,D,CC,IF,D
11:17:06,JSMR,RG,3920,16,F,BK,DR,D
11:17:01,JSMR,RG,3920,16,F,BK,DR,D
11:16:56,JSMR,RG,3920,14,F,BK,DR,D
11:16:56,JSMR,RG,3920,2,F,BK,YP,D
11:16:56,JSMR,RG,3920,5,F,BK,KK,D
11:16:56,JSMR,RG,3920,5,F,BK,YU,D
11:16:56,JSMR,RG,3920,1,F,BK,NI,D
11:16:56,JSMR,RG,3920,1,F,BK,YP,D
11:16:56,JSMR,RG,3920,50,F,BK,DX,D
11:16:56,JSMR,RG,3910,500,D,CC,CC,D
11:16:50,JSMR,RG,3920,12,F,BK,DX,D
11:16:46,JSMR,RG,3920,32,F,BK,DX,D
11:16:42,JSMR,RG,3910,207,D,CC,CC,D
11:14:51,JSMR,RG,3920,6,F,BK,DX,D
11:14:51,JSMR,RG,3920,3,F,BK,YP,D
11:14:47,JSMR,RG,3910,35,D,CC,YP,D
11:14:31,JSMR,RG,3910,50,D,CC,KK,D
11:14:26,JSMR,RG,3920,17,F,BK,YP,D
11:14:22,JSMR,RG,3920,29,F,BK,YP,D
11:14:19,JSMR,RG,3910,1,D,CC,PD,D
11:14:19,JSMR,RG,3910,25,D,CC,KK,D
11:14:19,JSMR,RG,3910,9,D,CC,CC,D
11:14:19,JSMR,RG,3910,10,D,CC,CC,D
11:14:19,JSMR,RG,3910,10,D,CC,CC,D
11:14:19,JSMR,RG,3910,68,D,CC,DR,D
11:14:19,JSMR,RG,3910,1,D,CC,XC,D
11:14:19,JSMR,RG,3910,22,D,CC,PD,D
11:14:19,JSMR,RG,3910,10,D,CC,PD,D
11:14:19,JSMR,RG,3910,50,D,CC,GR,D
11:14:19,JSMR,RG,3910,5,D,CC,KK,D
11:14:19,JSMR,RG,3910,13,D,CC,YP,D
11:14:08,JSMR,RG,3910,15,F,BK,YP,D
11:14:04,JSMR,RG,3910,23,F,BK,YP,D
11:14:00,JSMR,RG,3910,127,D,YU,YP,D
11:14:00,JSMR,RG,3910,16,D,YU,YP,D
11:13:54,JSMR,RG,3910,10,F,BK,YP,D
11:13:51,JSMR,RG,3910,113,D,CC,YP,D
11:13:47,JSMR,RG,3910,17,F,BK,YP,D
11:13:42,JSMR,RG,3910,18,F,BK,YP,D
11:13:36,JSMR,RG,3910,103,F,BK,YP,D
11:13:34,JSMR,RG,3910,30,D,CC,YP,D
11:13:34,JSMR,RG,3910,225,D,CC,ZP,D
11:13:34,JSMR,RG,3910,5,D,CC,YP,D
11:13:34,JSMR,RG,3910,200,D,CC,DX,D
11:13:34,JSMR,RG,3910,30,D,CC,DR,D
11:13:34,JSMR,RG,3910,30,D,CC,IF,D
11:13:34,JSMR,RG,3910,30,D,CC,MK,D
11:13:34,JSMR,RG,3910,6,D,CC,XC,D
11:13:34,JSMR,RG,3910,1,D,CC,NI,D
11:13:34,JSMR,RG,3910,1,D,CC,XC,D
11:13:34,JSMR,RG,3910,10,D,CC,IP,D
11:13:34,JSMR,RG,3910,66,D,CC,DX,D
11:13:27,JSMR,RG,3910,19,F,BK,DX,D
11:13:23,JSMR,RG,3910,15,F,BK,DX,D
11:13:23,JSMR,RG,3910,25,F,BK,NI,D
11:13:23,JSMR,RG,3910,6,F,BK,NI,D
11:13:23,JSMR,RG,3910,1,F,BK,YP,D
11:13:23,JSMR,RG,3910,30,F,BK,PD,D
11:13:21,JSMR,RG,3910,66,F,AK,PD,D
11:13:21,JSMR,RG,3900,26,D,CC,TP,D
11:13:21,JSMR,RG,3900,1,D,CC,NI,D
11:13:21,JSMR,RG,3900,1,D,CC,AK,F
11:13:21,JSMR,RG,3900,68,D,CC,DR,D
11:13:21,JSMR,RG,3900,1,D,CC,AK,F
11:13:21,JSMR,RG,3900,5,D,CC,XC,D
11:13:21,JSMR,RG,3900,1,D,CC,AK,F
11:13:21,JSMR,RG,3900,5,D,CC,BK,F
11:13:21,JSMR,RG,3900,200,D,CC,DX,D
11:13:21,JSMR,RG,3900,132,D,CC,DX,D
11:11:47,JSMR,RG,3900,5,D,CS,DX,D
11:11:41,JSMR,RG,3900,25,D,YP,DX,D
11:10:07,JSMR,RG,3900,18,F,BK,DX,D
11:10:05,JSMR,RG,3900,20,F,BK,DX,D
11:10:03,JSMR,RG,3890,1,D,CC,YP,D
11:10:02,JSMR,RG,3900,1,D,YU,AK,F
11:10:02,JSMR,RG,3900,128,D,YU,DR,D
11:10:01,JSMR,RG,3900,4,D,YU,DR,D
11:10:01,JSMR,RG,3900,13,D,YU,PD,D
11:07:58,JSMR,RG,3890,2,D,CC,DR,D
11:07:24,JSMR,RG,3890,1,D,CC,NI,D
11:06:43,JSMR,RG,3900,7,F,BK,PD,D
11:06:43,JSMR,RG,3900,1,F,BK,XC,D
11:06:38,JSMR,RG,3900,2,F,BK,XC,D
11:06:38,JSMR,RG,3900,8,F,BK,GR,D
11:06:37,JSMR,RG,3900,17,D,KK,GR,D
11:06:37,JSMR,RG,3900,4,D,KK,KK,D
11:06:37,JSMR,RG,3900,7,D,KK,YP,D
11:06:37,JSMR,RG,3900,15,D,KK,CC,D
11:06:37,JSMR,RG,3900,1,D,KK,IF,D
11:06:37,JSMR,RG,3900,1,D,KK,XC,D
11:06:37,JSMR,RG,3900,2,D,KK,KK,D
11:06:37,JSMR,RG,3900,3,D,KK,YP,D
11:06:37,JSMR,RG,3900,71,D,KK,DX,D
11:05:55,JSMR,RG,3890,55,D,CC,DR,D
11:05:31,JSMR,RG,3900,6,D,PD,DX,D
11:03:20,JSMR,RG,3900,17,D,YU,DX,D
11:03:20,JSMR,RG,3900,106,D,YU,DX,D
11:03:20,JSMR,RG,3900,1,D,YU,EP,D
11:03:20,JSMR,RG,3900,1,D,YU,ZP,D
11:03:20,JSMR,RG,3900,5,D,YU,CC,D
11:03:20,JSMR,RG,3900,6,D,YU,CC,D
11:01:18,JSMR,RG,3890,21,D,CC,OD,D
11:00:52,JSMR,RG,3890,75,D,CC,CC,D
11:00:07,JSMR,RG,3890,25,D,CC,CC,D
11:00:07,JSMR,RG,3890,1,D,CC,AK,F
11:00:07,JSMR,RG,3890,1,D,CC,AK,F
11:00:07,JSMR,RG,3890,200,D,CC,DX,D
11:00:06,JSMR,RG,3880,5,D,CC,CC,D
10:58:40,JSMR,RG,3890,1,D,CS,YP,D
10:58:40,JSMR,RG,3890,22,D,CC,YP,D
10:58:40,JSMR,RG,3890,19,D,CC,YP,D
10:58:40,JSMR,RG,3890,32,F,ZP,YP,D
10:58:40,JSMR,RG,3890,175,F,BK,YP,D
10:58:40,JSMR,RG,3890,3,D,CS,YP,D
10:58:40,JSMR,RG,3890,1,F,CS,YP,D
10:58:40,JSMR,RG,3890,247,D,CC,YP,D
10:57:34,JSMR,RG,3900,13,F,BK,CC,D
10:57:31,JSMR,RG,3900,21,F,BK,CC,D
10:57:30,JSMR,RG,3900,10,D,YU,CC,D
10:57:30,JSMR,RG,3900,115,D,YU,DX,D
10:57:30,JSMR,RG,3900,16,D,YU,DX,D
10:55:31,JSMR,RG,3890,5,D,CC,SQ,D
10:55:30,JSMR,RG,3900,3,D,HP,DX,D
10:55:25,JSMR,RG,3890,2,D,CC,OD,D
10:55:01,JSMR,RG,3890,100,D,CC,YU,D
10:54:58,JSMR,RG,3890,100,D,CC,OD,D
10:54:57,JSMR,RG,3890,15,D,CC,GR,D
10:54:57,JSMR,RG,3890,1,D,CC,AK,F
10:54:57,JSMR,RG,3890,196,D,CC,AG,D
10:54:46,JSMR,RG,3880,100,D,CC,PD,D
10:54:10,JSMR,RG,3880,20,D,CC,CC,D
10:54:09,JSMR,RG,3880,100,D,CC,GR,D
10:53:14,JSMR,RG,3890,1,D,CS,AG,D
10:53:14,JSMR,RG,3890,1,D,CS,AG,D
10:53:13,JSMR,RG,3890,1,D,CS,AG,D
10:53:13,JSMR,RG,3890,1,F,BK,AG,D
10:52:58,JSMR,RG,3890,8,F,BK,DX,D
10:52:58,JSMR,RG,3890,1,D,CS,DX,D
10:52:58,JSMR,RG,3890,2,D,CS,DX,D
10:52:57,JSMR,RG,3890,1,D,CS,DX,D
10:52:57,JSMR,RG,3890,41,F,BK,DX,D
10:52:57,JSMR,RG,3890,3,D,CS,DX,D
10:52:57,JSMR,RG,3890,1,F,CS,DX,D
10:52:57,JSMR,RG,3890,2,D,CS,DX,D
10:52:57,JSMR,RG,3890,21,D,CC,DX,D
10:52:57,JSMR,RG,3890,18,D,CC,DX,D
10:52:57,JSMR,RG,3890,2,F,BK,DX,D
10:52:30,JSMR,RG,3900,16,D,YU,DX,D
10:52:30,JSMR,RG,3900,50,D,YU,DX,D
10:52:30,JSMR,RG,3900,5,D,YU,OD,D
10:52:30,JSMR,RG,3900,76,D,YU,AT,D
10:51:58,JSMR,RG,3890,6,F,BK,YP,D
10:51:58,JSMR,RG,3890,3,D,CS,YP,D
10:51:58,JSMR,RG,3890,1,F,CS,YP,D
10:50:43,JSMR,RG,3890,1,D,CC,DR,D
10:50:05,JSMR,RG,3890,63,D,CC,DR,D
10:50:05,JSMR,RG,3890,35,D,CC,AI,D
10:50:05,JSMR,RG,3890,15,D,CC,IP,D
10:50:05,JSMR,RG,3890,1,D,CC,AK,F
10:50:05,JSMR,RG,3890,1,D,CC,AK,F
10:50:05,JSMR,RG,3890,1,D,CC,AK,F
10:50:05,JSMR,RG,3890,97,D,CC,DR,D
10:50:05,JSMR,RG,3890,417,D,CC,DX,D
10:48:00,JSMR,RG,3890,15,D,CS,DX,D
10:47:38,JSMR,RG,3880,9,D,CC,DR,D
10:47:18,JSMR,RG,3890,5,D,CS,DX,D
10:47:18,JSMR,RG,3890,7,F,BK,DX,D
10:47:18,JSMR,RG,3890,7,D,BK,DX,D
10:47:18,JSMR,RG,3890,49,D,YU,DX,D
10:47:12,JSMR,RG,3890,20,D,YU,CC,D
10:47:12,JSMR,RG,3890,9,D,YU,CC,D
10:47:12,JSMR,RG,3890,71,D,CC,CC,D
10:47:06,JSMR,RG,3890,9,D,CC,DX,D
10:47:06,JSMR,RG,3890,20,D,CC,DX,D
10:47:06,JSMR,RG,3890,1,F,CS,DX,D
10:47:06,JSMR,RG,3890,12,D,YP,DX,D
10:47:06,JSMR,RG,3890,10,D,PD,DX,D
10:47:06,JSMR,RG,3890,1,F,CS,DX,D
10:47:06,JSMR,RG,3890,10,D,YP,DX,D
10:47:06,JSMR,RG,3890,38,F,ZP,DX,D
10:47:06,JSMR,RG,3890,1,F,CS,DX,D
10:47:06,JSMR,RG,3890,12,F,BK,DX,D
10:47:06,JSMR,RG,3890,44,D,BK,DX,D
10:47:06,JSMR,RG,3890,8,D,YU,DX,D
10:47:06,JSMR,RG,3890,71,D,YU,DX,D
10:47:06,JSMR,RG,3890,1,F,CS,DX,D
10:47:06,JSMR,RG,3890,262,D,CC,DX,D
10:46:23,JSMR,RG,3890,100,D,CC,GR,D
10:46:13,JSMR,RG,3900,10,D,BK,AT,D
10:45:44,JSMR,RG,3900,1,D,CC,AT,D
10:45:38,JSMR,RG,3890,40,D,CC,DR,D
10:45:13,JSMR,RG,3900,8,D,BK,AT,D
10:45:01,JSMR,RG,3890,5,D,CC,NI,D
10:44:13,JSMR,RG,3890,1,D,CC,XC,D
10:44:11,JSMR,RG,3900,9,D,BK,AT,D
10:44:00,JSMR,RG,3900,116,D,YU,AT,D
10:44:00,JSMR,RG,3900,16,D,YU,AT,D
10:43:44,JSMR,RG,3890,5,D,CC,XC,D
10:43:05,JSMR,RG,3900,9,D,BK,AT,D
10:42:39,JSMR,RG,3900,6,D,XC,AT,D
10:42:05,JSMR,RG,3900,8,D,BK,AT,D
10:41:01,JSMR,RG,3900,9,D,BK,AT,D
10:40:00,JSMR,RG,3900,132,D,YU,AT,D
10:40:00,JSMR,RG,3900,7,D,YU,CC,D
10:40:00,JSMR,RG,3900,17,D,YU,CC,D
10:39:52,JSMR,RG,3900,6,D,BK,CC,D
10:39:52,JSMR,RG,3900,4,D,BK,NI,D
10:38:38,JSMR,RG,3900,1,D,BK,NI,D
10:38:38,JSMR,RG,3900,9,D,BK,DX,D
10:37:51,JSMR,RG,3890,1,D,CC,NI,D
10:37:25,JSMR,RG,3900,2,D,GR,DX,D
10:37:24,JSMR,RG,3900,10,D,BK,DX,D
10:36:44,JSMR,RG,3900,9,F,BK,DX,D
10:36:41,JSMR,RG,3900,2,D,XC,DX,D
10:36:41,JSMR,RG,3900,13,F,BK,DX,D
10:36:40,JSMR,RG,3900,55,D,YU,DX,D
10:36:40,JSMR,RG,3900,1,D,YU,YP,D
10:36:40,JSMR,RG,3900,25,D,YU,PD,D
10:36:40,JSMR,RG,3900,10,D,YU,AZ,D
10:36:40,JSMR,RG,3900,3,D,YU,CC,D
10:36:40,JSMR,RG,3900,1,D,YU,LG,D
10:36:40,JSMR,RG,3900,1,D,YU,YP,D
10:36:40,JSMR,RG,3900,18,D,YU,DX,D
10:36:40,JSMR,RG,3900,16,D,YU,DX,D
10:36:24,JSMR,RG,3900,11,F,BK,DX,D
10:36:22,JSMR,RG,3900,9,D,BK,DX,D
10:35:27,JSMR,RG,3890,1,D,CC,AK,F
10:35:27,JSMR,RG,3890,200,D,CC,DX,D
10:35:27,JSMR,RG,3890,8,D,CC,DX,D
10:35:19,JSMR,RG,3890,100,D,CC,DX,D
10:34:40,JSMR,RG,3890,1,D,PD,DX,D
10:32:41,JSMR,RG,3880,18,D,CC,YP,D
10:32:22,JSMR,RG,3880,1,D,CC,AK,F
10:32:22,JSMR,RG,3880,1,D,CC,AK,F
10:32:22,JSMR,RG,3880,25,D,CC,NI,D
10:32:22,JSMR,RG,3880,200,D,CC,DX,D
10:32:22,JSMR,RG,3880,5,D,CC,DX,D
10:32:14,JSMR,RG,3880,1,D,XC,DX,D
10:31:49,JSMR,RG,3880,1,F,CS,DX,D
10:31:49,JSMR,RG,3880,9,D,BK,DX,D
10:31:49,JSMR,RG,3880,10,D,BK,DX,D
10:31:49,JSMR,RG,3880,1,F,CS,DX,D
10:31:49,JSMR,RG,3880,9,D,BK,DX,D
10:31:49,JSMR,RG,3880,55,D,YU,DX,D
10:31:49,JSMR,RG,3880,9,D,YU,DX,D
10:31:49,JSMR,RG,3880,9,F,BK,DX,D
10:31:49,JSMR,RG,3880,9,D,BK,DX,D
10:31:49,JSMR,RG,3880,82,D,CC,DX,D
10:31:40,JSMR,RG,3890,91,D,YU,DX,D
10:31:40,JSMR,RG,3890,40,D,YU,DX,D
10:31:40,JSMR,RG,3890,16,D,YU,DX,D
10:30:04,JSMR,RG,3890,1,D,CC,DX,D
10:29:29,JSMR,RG,3880,135,D,CC,OD,D
10:29:12,JSMR,RG,3880,10,D,CC,EP,D
10:28:36,JSMR,RG,3880,1,D,CC,KK,D
10:28:13,JSMR,RG,3880,1,D,CC,XC,D
10:27:23,JSMR,RG,3880,10,D,CC,YP,D
10:26:55,JSMR,RG,3880,33,D,CC,PD,D
10:26:31,JSMR,RG,3880,31,D,BK,PD,D
10:26:31,JSMR,RG,3880,1,F,CS,PD,D
10:26:31,JSMR,RG,3880,335,D,CC,PD,D
10:26:23,JSMR,RG,3880,20,D,CC,SQ,D
10:25:34,JSMR,RG,3880,7,D,CC,CC,D
10:25:34,JSMR,RG,3880,37,D,CC,XC,D
10:25:34,JSMR,RG,3880,1,D,CC,AK,F
10:25:34,JSMR,RG,3880,213,D,CC,DR,D
10:25:34,JSMR,RG,3880,62,D,CC,CC,D
10:23:53,JSMR,RG,3880,43,F,ZP,CC,D
10:23:53,JSMR,RG,3880,11,D,XC,CC,D
10:23:53,JSMR,RG,3880,4,D,BK,CC,D
10:23:50,JSMR,RG,3880,6,D,BK,SQ,D
10:23:50,JSMR,RG,3880,8,D,YU,SQ,D
10:23:50,JSMR,RG,3880,46,D,YU,SQ,D
10:23:46,JSMR,RG,3880,20,D,YU,PD,D
10:23:34,JSMR,RG,3880,3,D,YU,YP,D
10:21:56,JSMR,RG,3890,12,D,BK,DX,D
10:21:56,JSMR,RG,3890,1,F,CS,DX,D
10:21:56,JSMR,RG,3890,50,D,PD,DX,D
10:21:56,JSMR,RG,3890,9,D,BK,DX,D
10:21:56,JSMR,RG,3890,63,D,YU,DX,D
10:21:56,JSMR,RG,3890,9,D,YU,DX,D
10:21:56,JSMR,RG,3890,9,D,BK,DX,D
10:21:56,JSMR,RG,3890,53,F,AK,DX,D
10:21:56,JSMR,RG,3890,10,D,BK,DX,D
10:21:56,JSMR,RG,3890,27,D,CC,DX,D
10:19:02,JSMR,RG,3890,1,D,CC,AK,F
10:19:02,JSMR,RG,3890,1,D,CC,YP,D
10:19:02,JSMR,RG,3890,1,D,CC,KK,D
10:19:02,JSMR,RG,3890,100,D,CC,DX,D
10:19:02,JSMR,RG,3890,5,D,CC,BK,F
10:19:02,JSMR,RG,3890,4,D,CC,XC,D
10:19:02,JSMR,RG,3890,86,D,CC,XC,D
10:19:02,JSMR,RG,3870,1,D,NI,OD,D
10:18:37,JSMR,RG,3880,200,D,CC,DU,D
10:18:37,JSMR,RG,3880,1,D,CC,XC,D
10:17:52,JSMR,RG,3880,1,D,PD,AK,F
10:17:52,JSMR,RG,3880,1,D,PD,AK,F
10:17:52,JSMR,RG,3880,1,D,PD,AK,F
10:17:52,JSMR,RG,3880,1,D,PD,AK,F
10:17:52,JSMR,RG,3880,1,D,PD,AK,F
10:17:52,JSMR,RG,3880,5,D,PD,BK,F
10:17:52,JSMR,RG,3880,27,D,PD,DR,D
10:17:52,JSMR,RG,3880,51,D,PD,DX,D
10:17:42,JSMR,RG,3880,49,D,IF,DX,D
10:17:42,JSMR,RG,3880,1,D,IF,XC,D
10:17:16,JSMR,RG,3880,22,D,PD,XC,D
10:17:16,JSMR,RG,3880,5,D,YP,XC,D
10:17:13,JSMR,RG,3880,4,D,BK,DX,D
10:17:13,JSMR,RG,3880,1,F,CS,DX,D
10:17:13,JSMR,RG,3880,95,D,IF,DX,D
10:17:11,JSMR,RG,3880,1,D,IF,XC,D
10:16:56,JSMR,RG,3880,4,D,IF,YU,D
10:16:56,JSMR,RG,3880,9,D,BK,YU,D
10:16:56,JSMR,RG,3880,2,D,PD,YU,D
10:16:56,JSMR,RG,3880,21,D,BK,YU,D
10:16:56,JSMR,RG,3880,1,F,CS,YU,D
10:16:56,JSMR,RG,3880,56,D,YU,YU,D
10:16:56,JSMR,RG,3880,7,D,YU,YU,D
10:16:55,JSMR,RG,3890,8,D,BK,XC,D
10:16:23,JSMR,RG,3880,1,D,YU,XC,D
10:14:10,JSMR,RG,3880,6,D,BK,CC,D
10:14:10,JSMR,RG,3880,4,D,GR,CC,D
10:14:06,JSMR,RG,3880,1,D,GR,KK,D
10:12:37,JSMR,RG,3890,2,F,CS,XC,D
10:12:37,JSMR,RG,3890,4,D,BK,XC,D
10:11:41,JSMR,RG,3890,1,D,BK,YP,D
10:11:39,JSMR,RG,3890,4,D,BK,CC,D
10:11:39,JSMR,RG,3890,11,D,YU,CC,D
10:11:14,JSMR,RG,3890,6,D,YU,KK,D
10:11:04,JSMR,RG,3890,44,D,YU,CC,D
10:11:04,JSMR,RG,3890,8,D,YU,CC,D
10:11:04,JSMR,RG,3890,18,D,YU,CC,D
10:10:51,JSMR,RG,3890,45,D,YU,SQ,D
10:10:51,JSMR,RG,3890,5,D,YU,SQ,D
10:10:12,JSMR,RG,3890,3,D,YU,KK,D
10:10:12,JSMR,RG,3890,10,D,YU,KK,D
10:10:12,JSMR,RG,3890,7,D,YU,KK,D
10:10:01,JSMR,RG,3900,2,D,XC,DX,D
10:09:57,JSMR,RG,3890,1,D,YU,YP,D
10:09:47,JSMR,RG,3900,1,F,CS,DX,D
10:09:47,JSMR,RG,3900,1,D,DR,DX,D
10:09:47,JSMR,RG,3900,100,D,CC,DX,D
10:09:47,JSMR,RG,3900,2,F,CS,DX,D
10:09:47,JSMR,RG,3900,12,D,BK,DX,D
10:09:47,JSMR,RG,3900,9,D,YU,DX,D
10:09:47,JSMR,RG,3900,19,D,YU,DX,D
10:09:16,JSMR,RG,3900,45,D,YU,GR,D
10:09:16,JSMR,RG,3900,19,D,BK,GR,D
10:09:16,JSMR,RG,3900,1,D,XC,GR,D
10:09:16,JSMR,RG,3900,1,D,XC,GR,D
10:09:16,JSMR,RG,3900,434,D,CC,GR,D
10:09:12,JSMR,RG,3900,8,D,CC,XC,D
10:09:03,JSMR,RG,3900,50,D,CC,YU,D
10:08:21,JSMR,RG,3900,40,D,CC,OD,D
10:07:57,JSMR,RG,3900,5,D,CC,XC,D
10:07:46,JSMR,RG,3900,1,D,CC,YP,D
10:07:34,JSMR,RG,3900,52,D,CC,DR,D
10:07:00,JSMR,RG,3910,2,D,XC,PD,D
10:07:00,JSMR,RG,3910,2,F,ZP,PD,D
10:06:52,JSMR,RG,3920,1,D,EP,YP,D
10:06:44,JSMR,RG,3910,5,F,ZP,YP,D
10:06:39,JSMR,RG,3910,21,F,ZP,CP,D
10:06:39,JSMR,RG,3910,6,F,CS,CP,D
10:06:39,JSMR,RG,3910,23,D,CC,CP,D
10:06:25,JSMR,RG,3910,177,D,CC,YP,D
10:06:25,JSMR,RG,3910,1,F,CS,YP,D
10:06:25,JSMR,RG,3910,70,D,YU,YP,D
10:06:25,JSMR,RG,3910,8,D,YU,YP,D
10:06:25,JSMR,RG,3910,127,D,YP,YP,D
10:06:25,JSMR,RG,3910,14,D,BK,YP,D
10:06:25,JSMR,RG,3910,17,F,ZP,YP,D
10:06:25,JSMR,RG,3910,13,D,BK,YP,D
10:06:25,JSMR,RG,3910,73,D,CC,YP,D
10:06:22,JSMR,RG,3910,15,D,CC,YP,D
10:06:07,JSMR,RG,3910,2,D,CC,PD,D
10:06:03,JSMR,RG,3910,2,D,CC,CC,D
10:06:02,JSMR,RG,3910,100,D,CC,CP,D
10:06:01,JSMR,RG,3910,26,D,CC,XC,D
10:05:59,JSMR,RG,3910,1,D,CC,YP,D
10:05:58,JSMR,RG,3910,20,D,CC,PD,D
10:05:45,JSMR,RG,3910,3,D,CC,YP,D
10:05:39,JSMR,RG,3910,50,D,CC,CP,D
10:05:27,JSMR,RG,3910,9,D,CC,XC,D
10:05:05,JSMR,RG,3910,1,D,CC,XC,D
10:04:46,JSMR,RG,3910,12,D,CC,YP,D
10:04:42,JSMR,RG,3920,10,D,PD,YP,D
10:04:30,JSMR,RG,3910,100,D,CC,CC,D
10:04:28,JSMR,RG,3910,10,D,CC,PD,D
10:04:13,JSMR,RG,3910,1,D,CC,YB,D
10:04:09,JSMR,RG,3920,42,D,YP,YP,D
10:04:09,JSMR,RG,3920,50,D,YP,GR,D
10:04:09,JSMR,RG,3920,20,D,YP,KK,D
10:04:09,JSMR,RG,3920,15,D,YP,KK,D
10:04:03,JSMR,RG,3910,10,D,CC,XC,D
10:04:02,JSMR,RG,3910,10,D,CC,GR,D
10:03:51,JSMR,RG,3910,100,D,CC,ZP,D
10:03:27,JSMR,RG,3920,1,D,XC,KK,D
10:03:10,JSMR,RG,3920,9,D,YP,KK,D
10:03:10,JSMR,RG,3920,2,D,YP,OD,D
10:03:10,JSMR,RG,3920,8,D,YP,NI,D
10:03:10,JSMR,RG,3920,2,D,YP,CC,D
10:03:10,JSMR,RG,3920,6,D,YP,ZP,F
10:03:05,JSMR,RG,3920,33,D,CC,ZP,F
10:03:05,JSMR,RG,3920,15,D,CC,PD,D
10:03:05,JSMR,RG,3920,84,D,CC,DX,D
10:02:57,JSMR,RG,3910,9,D,CC,SQ,D
10:02:55,JSMR,RG,3920,16,D,CC,DX,D
10:02:55,JSMR,RG,3920,5,D,CC,TP,D
10:02:55,JSMR,RG,3920,5,D,CC,YP,D
10:02:55,JSMR,RG,3920,10,D,CC,XC,D
10:02:55,JSMR,RG,3920,10,D,CC,CC,D
10:02:55,JSMR,RG,3920,1,D,CC,KK,D
10:02:55,JSMR,RG,3920,1,D,CC,YP,D
10:02:55,JSMR,RG,3920,5,D,CC,PD,D
10:02:55,JSMR,RG,3920,5,D,CC,YP,D
10:02:55,JSMR,RG,3920,20,D,CC,YP,D
10:02:55,JSMR,RG,3920,84,D,CC,IF,D
10:02:40,JSMR,RG,3910,1,D,CC,KK,D
10:02:30,JSMR,RG,3910,40,D,CC,CC,D
10:02:30,JSMR,RG,3920,66,D,YU,IF,D
10:02:30,JSMR,RG,3920,10,D,YU,GR,D
10:02:30,JSMR,RG,3920,25,D,YU,AZ,D
10:02:30,JSMR,RG,3920,15,D,YU,YU,D
10:02:30,JSMR,RG,3920,15,D,YU,YU,D
10:02:30,JSMR,RG,3920,1,D,YU,PD,D
10:02:28,JSMR,RG,3910,10,D,CC,SQ,D
10:02:28,JSMR,RG,3910,40,D,CC,ZP,F
10:02:28,JSMR,RG,3910,300,D,CC,AT,D
10:02:28,JSMR,RG,3910,100,D,CC,DX,D
10:02:28,JSMR,RG,3910,20,D,CC,ZP,F
10:02:28,JSMR,RG,3910,1,D,CC,NI,D
10:02:28,JSMR,RG,3910,100,D,CC,NI,D
10:02:28,JSMR,RG,3910,5,D,CC,YP,D
10:02:28,JSMR,RG,3910,6,D,CC,YP,D
10:02:28,JSMR,RG,3910,3,D,CC,CC,D
10:02:28,JSMR,RG,3910,1,D,CC,CC,D
10:02:28,JSMR,RG,3910,1,D,CC,PD,D
10:02:28,JSMR,RG,3910,25,D,CC,YP,D
10:02:28,JSMR,RG,3910,1,D,CC,YP,D
10:02:28,JSMR,RG,3910,1,D,CC,PD,D
10:02:28,JSMR,RG,3910,41,D,CC,PD,D
10:02:19,JSMR,RG,3900,100,D,CC,GR,D
10:02:12,JSMR,RG,3900,18,D,CC,ZP,F
10:02:12,JSMR,RG,3900,180,D,CC,AT,D
10:02:03,JSMR,RG,3900,1,F,CS,AT,D
10:02:03,JSMR,RG,3900,1,F,CS,AT,D
10:02:03,JSMR,RG,3900,1,F,CS,AT,D
10:02:03,JSMR,RG,3900,2,F,CS,AT,D
10:02:03,JSMR,RG,3900,3,F,CS,AT,D
10:02:03,JSMR,RG,3900,22,D,CC,AT,D
10:02:03,JSMR,RG,3900,90,F,ZP,AT,D
10:01:55,JSMR,RG,3900,10,F,ZP,DX,D
10:01:55,JSMR,RG,3900,44,D,BK,DX,D
10:01:55,JSMR,RG,3900,1,F,CS,DX,D
10:01:55,JSMR,RG,3900,2,F,CS,DX,D
10:01:55,JSMR,RG,3900,1,F,CS,DX,D
10:01:55,JSMR,RG,3900,42,D,BB,DX,D
10:01:47,JSMR,RG,3900,200,D,BB,DX,D
10:01:28,JSMR,RG,3910,9,D,BK,PD,D
10:01:01,JSMR,RG,3900,18,D,BB,ZP,F
10:01:01,JSMR,RG,3900,9,D,BB,YP,D
10:01:01,JSMR,RG,3900,75,D,BB,ZP,F
10:01:01,JSMR,RG,3900,13,D,BB,YP,D
10:01:01,JSMR,RG,3900,50,D,BB,SQ,D
10:01:01,JSMR,RG,3900,20,D,BB,PD,D
10:01:01,JSMR,RG,3900,2,D,BB,CC,D
10:01:01,JSMR,RG,3900,3,D,BB,DR,D
10:01:01,JSMR,RG,3900,24,D,BB,XC,D
10:01:01,JSMR,RG,3900,1,D,BB,PD,D
10:01:01,JSMR,RG,3900,5,D,BB,TP,D
10:01:01,JSMR,RG,3900,20,D,BB,CC,D
10:01:01,JSMR,RG,3900,20,D,BB,CC,D
10:01:01,JSMR,RG,3900,2,D,BB,XC,D
10:01:01,JSMR,RG,3900,10,D,BB,CC,D
10:01:01,JSMR,RG,3900,20,D,BB,PD,D
10:01:01,JSMR,RG,3900,5,D,BB,SQ,D
10:01:01,JSMR,RG,3900,50,D,BB,YP,D
10:01:01,JSMR,RG,3900,100,D,BB,LG,D
10:01:01,JSMR,RG,3900,5,D,BB,YP,D
10:01:01,JSMR,RG,3900,2,D,BB,SQ,D
10:01:01,JSMR,RG,3900,10,D,BB,CC,D
10:01:01,JSMR,RG,3900,2,D,BB,GR,D
10:01:01,JSMR,RG,3900,7,D,BB,HP,D
10:01:01,JSMR,RG,3900,20,D,BB,SQ,D
10:01:01,JSMR,RG,3900,2,D,BB,OD,D
10:01:01,JSMR,RG,3900,10,D,BB,CP,D
10:01:01,JSMR,RG,3900,20,D,BB,OD,D
10:01:01,JSMR,RG,3900,200,D,BB,CC,D
10:01:01,JSMR,RG,3900,10,D,BB,EP,D
10:01:01,JSMR,RG,3900,51,D,BB,EP,D
10:01:01,JSMR,RG,3900,1,D,BB,XC,D
10:01:01,JSMR,RG,3900,100,D,BB,IT,D
10:01:01,JSMR,RG,3900,1,D,BB,YP,D
10:01:01,JSMR,RG,3900,50,D,BB,CC,D
10:01:01,JSMR,RG,3900,260,D,BB,IF,D
10:01:01,JSMR,RG,3900,5,D,BB,PD,D
10:01:01,JSMR,RG,3900,15,D,BB,PD,D
10:01:01,JSMR,RG,3900,5,D,BB,HP,D
10:01:01,JSMR,RG,3900,1,D,BB,PD,D
10:01:01,JSMR,RG,3890,5,D,BB,SQ,D
10:01:01,JSMR,RG,3890,1,D,BB,YP,D
10:01:01,JSMR,RG,3890,11,D,BB,XC,D
10:01:01,JSMR,RG,3890,20,D,BB,XC,D
10:01:01,JSMR,RG,3890,15,D,BB,EP,D
10:01:01,JSMR,RG,3890,200,D,BB,DX,D
10:01:01,JSMR,RG,3890,100,D,BB,LG,D
10:01:01,JSMR,RG,3890,1,D,BB,YP,D
10:01:01,JSMR,RG,3890,2,D,BB,YP,D
10:01:01,JSMR,RG,3890,10,D,BB,CC,D
10:01:01,JSMR,RG,3890,1,D,BB,PD,D
10:01:01,JSMR,RG,3890,2,D,BB,CC,D
10:01:01,JSMR,RG,3890,500,D,BB,CC,D
10:01:01,JSMR,RG,3890,1,D,BB,PD,D
10:01:01,JSMR,RG,3890,1,D,BB,KK,D
10:01:01,JSMR,RG,3890,5,D,BB,YP,D
10:01:01,JSMR,RG,3890,25,D,BB,YP,D
10:01:01,JSMR,RG,3890,1,D,BB,YP,D
10:01:01,JSMR,RG,3890,1,D,BB,YP,D
10:01:01,JSMR,RG,3890,20,D,BB,SQ,D
10:01:01,JSMR,RG,3880,30,D,BB,SQ,D
10:01:01,JSMR,RG,3880,100,D,BB,LG,D
10:01:01,JSMR,RG,3880,8,D,BB,YP,D
10:01:01,JSMR,RG,3880,2,D,BB,PD,D
10:01:01,JSMR,RG,3880,100,D,BB,LG,D
10:01:01,JSMR,RG,3880,10,D,BB,PD,D
10:01:01,JSMR,RG,3880,10,D,BB,YP,D
10:01:01,JSMR,RG,3880,9,D,BB,XC,D
10:01:01,JSMR,RG,3880,2,D,BB,ZP,F
10:01:01,JSMR,RG,3880,1,D,BB,YP,D
10:01:01,JSMR,RG,3880,200,D,BB,DX,D
10:01:01,JSMR,RG,3880,5,D,BB,SQ,D
10:01:01,JSMR,RG,3880,1,D,BB,PD,D
10:01:01,JSMR,RG,3880,10,D,BB,DR,D
10:01:01,JSMR,RG,3880,5,D,BB,TP,D
10:01:01,JSMR,RG,3880,226,D,BB,KK,D
10:01:01,JSMR,RG,3880,144,D,BB,KK,D
10:01:01,JSMR,RG,3870,1,D,BB,AK,F
10:01:01,JSMR,RG,3870,132,D,BB,DR,D
10:01:01,JSMR,RG,3870,54,D,BB,ZP,F
10:01:01,JSMR,RG,3870,7,D,BB,YP,D
10:01:01,JSMR,RG,3870,2,D,BB,YB,D
10:01:01,JSMR,RG,3870,2,D,BB,PD,D
10:01:01,JSMR,RG,3870,100,D,BB,DX,D
10:01:01,JSMR,RG,3870,1,D,BB,YP,D
10:01:01,JSMR,RG,3870,1,D,BB,YP,D
10:01:01,JSMR,RG,3870,100,D,BB,DX,D
10:01:01,JSMR,RG,3870,18,D,BB,ZP,F
10:01:01,JSMR,RG,3870,1,D,BB,YP,D
10:01:01,JSMR,RG,3870,200,D,BB,DX,D
10:01:01,JSMR,RG,3870,130,D,BB,DR,D
10:00:59,JSMR,RG,3870,28,D,CC,DR,D
10:00:30,JSMR,RG,3870,1,D,BB,DR,D
10:00:28,JSMR,RG,3870,4,F,CS,DR,D
10:00:26,JSMR,RG,3870,3,D,BB,DR,D
10:00:25,JSMR,RG,3860,1,D,CC,DR,D
10:00:24,JSMR,RG,3870,9,D,BK,DR,D
10:00:19,JSMR,RG,3870,5,D,BB,DR,D
10:00:17,JSMR,RG,3860,20,D,CC,IT,D
10:00:01,JSMR,RG,3870,2,D,BB,DR,D
9:59:44,JSMR,RG,3870,10,D,EP,DR,D
9:59:22,JSMR,RG,3870,1,D,CC,DR,D
9:59:19,JSMR,RG,3870,3,D,BB,DR,D
9:59:13,JSMR,RG,3870,9,D,BK,DR,D
9:58:19,JSMR,RG,3870,2,D,BB,DR,D
9:58:17,JSMR,RG,3870,8,D,BK,DR,D
9:58:03,JSMR,RG,3870,39,D,BB,DR,D
9:58:00,JSMR,RG,3870,46,D,YU,DR,D
9:58:00,JSMR,RG,3870,93,D,YU,SQ,D
9:58:00,JSMR,RG,3870,17,D,YU,SQ,D
9:57:47,JSMR,RG,3870,12,D,BB,SQ,D
9:57:45,JSMR,RG,3860,50,D,CC,MU,D
9:57:33,JSMR,RG,3870,58,D,BB,SQ,D
9:57:31,JSMR,RG,3860,5,D,CC,EP,D
9:57:31,JSMR,RG,3860,1,D,CC,AK,F
9:57:31,JSMR,RG,3860,1,D,CC,PD,D
9:57:31,JSMR,RG,3860,35,D,CC,ZP,F
9:57:31,JSMR,RG,3860,1,D,CC,AK,F
9:57:31,JSMR,RG,3860,6,D,CC,XC,D
9:57:31,JSMR,RG,3860,181,D,CC,DX,D
9:57:20,JSMR,RG,3860,2,F,CS,DX,D
9:57:19,JSMR,RG,3860,3,D,BB,DX,D
9:57:19,JSMR,RG,3860,1,D,DR,DX,D
9:57:07,JSMR,RG,3860,9,D,BK,DX,D
9:56:42,JSMR,RG,3860,4,D,BB,DX,D
9:56:42,JSMR,RG,3860,3,D,BB,DH,D
9:56:35,JSMR,RG,3860,29,D,CC,DH,D
9:56:15,JSMR,RG,3860,2,D,BB,DH,D
9:56:03,JSMR,RG,3860,9,D,BK,DH,D
9:55:59,JSMR,RG,3860,1,D,BB,DH,D
9:55:58,JSMR,RG,3860,2,F,CS,DH,D
9:55:51,JSMR,RG,3860,13,D,BB,DH,D
9:55:40,JSMR,RG,3850,52,D,YU,DR,D
9:54:55,JSMR,RG,3860,2,D,BB,DH,D
9:54:54,JSMR,RG,3860,9,D,BK,DH,D
9:54:28,JSMR,RG,3860,25,D,BB,DH,D
9:54:26,JSMR,RG,3860,5,D,ZP,DH,D
9:54:26,JSMR,RG,3860,10,D,ZP,CC,D
9:54:26,JSMR,RG,3860,1,D,ZP,AK,F
9:54:26,JSMR,RG,3860,43,D,ZP,ZP,F
9:54:26,JSMR,RG,3860,41,D,ZP,KK,D
9:54:26,JSMR,RG,3850,2,D,YU,DH,D
9:54:01,JSMR,RG,3860,9,D,BB,KK,D
9:54:01,JSMR,RG,3860,26,D,BB,LG,D
9:54:00,JSMR,RG,3860,74,D,YU,LG,D
9:54:00,JSMR,RG,3860,5,D,YU,BK,F
9:54:00,JSMR,RG,3860,2,D,YU,AK,F
9:54:00,JSMR,RG,3860,1,D,YU,AK,F
9:54:00,JSMR,RG,3860,1,D,YU,AK,F
9:54:00,JSMR,RG,3860,40,D,YU,DR,D
9:54:00,JSMR,RG,3860,17,D,YU,DR,D
9:52:33,JSMR,RG,3860,1,D,BB,DR,D
9:52:31,JSMR,RG,3860,6,D,BB,DR,D
9:52:30,JSMR,RG,3860,4,D,BB,DR,D
9:52:29,JSMR,RG,3860,28,D,CC,DR,D
9:52:01,JSMR,RG,3860,14,D,YP,DR,D
9:52:00,JSMR,RG,3860,2,D,BB,DR,D
9:51:46,JSMR,RG,3860,10,D,CC,DR,D
9:51:17,JSMR,RG,3860,12,D,BB,DR,D
9:51:15,JSMR,RG,3850,5,D,YU,DR,D
9:51:15,JSMR,RG,3850,1,D,PD,DR,D
9:51:15,JSMR,RG,3850,8,D,YU,DR,D
9:51:15,JSMR,RG,3850,34,D,YU,DR,D
9:49:39,JSMR,RG,3860,25,D,BB,DR,D
9:49:38,JSMR,RG,3850,31,D,YU,LG,D
9:49:38,JSMR,RG,3850,57,F,ZP,LG,D
9:49:38,JSMR,RG,3850,5,D,YP,LG,D
9:49:38,JSMR,RG,3850,5,D,CC,LG,D
9:49:38,JSMR,RG,3850,2,D,PD,LG,D
9:49:21,JSMR,RG,3860,1,D,BB,DR,D
9:49:17,JSMR,RG,3860,1,D,BB,DR,D
9:49:16,JSMR,RG,3860,2,D,BB,DR,D
9:49:15,JSMR,RG,3860,6,D,BB,DR,D
9:49:14,JSMR,RG,3860,15,D,BB,DR,D
9:49:14,JSMR,RG,3860,40,D,BB,DX,D
9:49:13,JSMR,RG,3860,1,F,CS,DX,D
9:49:13,JSMR,RG,3860,2,F,CS,DX,D
9:49:13,JSMR,RG,3860,6,F,CS,DX,D
9:49:13,JSMR,RG,3860,26,D,XC,DX,D
9:49:13,JSMR,RG,3860,12,D,BK,DX,D
9:49:13,JSMR,RG,3860,20,D,BB,DX,D
9:49:13,JSMR,RG,3860,1,F,CS,DX,D
9:49:13,JSMR,RG,3860,61,D,YU,DX,D
9:49:13,JSMR,RG,3860,8,D,YU,DX,D
9:49:13,JSMR,RG,3860,12,D,BK,DX,D
9:49:13,JSMR,RG,3860,12,D,BK,DX,D
9:49:13,JSMR,RG,3860,150,D,PD,DX,D
9:49:13,JSMR,RG,3860,1,D,PD,DX,D
9:49:13,JSMR,RG,3860,9,D,BK,DX,D
9:49:13,JSMR,RG,3860,4,F,CS,DX,D
9:49:13,JSMR,RG,3860,35,D,OD,DX,D
9:48:27,JSMR,RG,3870,2,D,BB,SQ,D
9:48:26,JSMR,RG,3860,5,D,OD,NI,D
9:48:25,JSMR,RG,3870,6,D,BB,SQ,D
9:48:23,JSMR,RG,3870,26,D,CC,SQ,D
9:48:22,JSMR,RG,3870,2,D,BB,SQ,D
9:48:17,JSMR,RG,3870,9,D,BK,SQ,D
9:48:00,JSMR,RG,3870,1,D,BB,SQ,D
9:47:19,JSMR,RG,3870,2,D,DH,SQ,D
9:47:11,JSMR,RG,3870,2,D,BB,SQ,D
9:47:02,JSMR,RG,3870,10,D,BK,SQ,D
9:46:00,JSMR,RG,3870,3,D,BB,SQ,D
9:45:57,JSMR,RG,3870,9,D,BK,SQ,D
9:44:30,JSMR,RG,3870,7,D,BB,SQ,D
9:44:24,JSMR,RG,3870,30,D,PD,SQ,D
9:44:17,JSMR,RG,3870,2,D,BB,SQ,D
9:44:15,JSMR,RG,3870,9,D,CC,SQ,D
9:42:48,JSMR,RG,3870,2,D,BB,TP,D
9:42:46,JSMR,RG,3860,5,D,CC,PD,D
9:42:40,JSMR,RG,3870,1,D,BB,TP,D
9:42:38,JSMR,RG,3860,5,D,CC,DH,D
9:42:28,JSMR,RG,3870,5,D,BB,TP,D
9:42:26,JSMR,RG,3860,3,D,CC,PD,D
9:42:26,JSMR,RG,3860,17,D,BK,PD,D
9:42:15,JSMR,RG,3870,1,D,BB,TP,D
9:42:00,JSMR,RG,3860,2,D,BK,LS,D
9:42:00,JSMR,RG,3860,1,F,CS,LS,D
9:41:32,JSMR,RG,3870,11,D,BB,TP,D
9:41:32,JSMR,RG,3870,25,D,BB,NI,D
9:41:27,JSMR,RG,3860,21,D,BB,DR,D
9:41:27,JSMR,RG,3860,229,D,CC,DR,D
9:40:14,JSMR,RG,3870,1,D,BB,NI,D
9:40:02,JSMR,RG,3870,33,D,BB,NI,D
9:40:02,JSMR,RG,3870,1,D,BB,DX,D
9:40:02,JSMR,RG,3870,4,D,BB,DX,D
9:40:01,JSMR,RG,3870,95,D,YU,DX,D
9:40:01,JSMR,RG,3870,5,D,YU,TP,D
9:40:01,JSMR,RG,3870,3,D,YU,ZP,F
9:40:01,JSMR,RG,3870,5,D,YU,XC,D
9:40:01,JSMR,RG,3870,20,D,YU,SQ,D
9:40:01,JSMR,RG,3870,12,D,YU,DX,D
9:40:00,JSMR,RG,3870,18,D,YU,DX,D
9:39:54,JSMR,RG,3870,26,D,BB,DX,D
9:39:53,JSMR,RG,3860,27,D,CC,ZP,F
9:39:53,JSMR,RG,3860,77,D,CC,DX,D
9:39:40,JSMR,RG,3860,1,D,BB,DX,D
9:39:24,JSMR,RG,3860,1,F,CS,DX,D
9:39:24,JSMR,RG,3860,4,D,BB,DX,D
9:39:24,JSMR,RG,3860,1,D,NI,DX,D
9:39:24,JSMR,RG,3860,10,D,BK,DX,D
9:39:24,JSMR,RG,3860,3,F,CS,DX,D
9:39:24,JSMR,RG,3860,3,D,XC,DX,D
9:38:53,JSMR,RG,3870,3,D,BB,DX,D
9:38:52,JSMR,RG,3860,11,D,XC,ZP,F
9:37:58,JSMR,RG,3860,1,D,BB,ZP,F
9:37:58,JSMR,RG,3860,14,D,BB,YJ,D
9:37:57,JSMR,RG,3860,11,D,BK,YJ,D
9:37:56,JSMR,RG,3860,10,D,CC,YJ,D
9:37:56,JSMR,RG,3860,1,D,YJ,YJ,D
9:37:56,JSMR,RG,3860,26,D,CC,YJ,D
9:37:56,JSMR,RG,3860,9,D,BK,YJ,D
9:37:56,JSMR,RG,3860,2,F,CS,YJ,D
9:37:56,JSMR,RG,3860,2,F,CS,YJ,D
9:37:56,JSMR,RG,3860,5,D,BB,YJ,D
9:37:56,JSMR,RG,3860,20,D,IF,YJ,D
9:36:37,JSMR,RG,3870,2,D,BB,DX,D
9:36:36,JSMR,RG,3860,10,D,IF,DX,D
9:36:17,JSMR,RG,3860,18,D,BB,DX,D
9:36:16,JSMR,RG,3860,2,F,CS,DX,D
9:36:16,JSMR,RG,3860,1,F,CS,DX,D
9:36:15,JSMR,RG,3860,30,D,MK,DX,D
9:36:15,JSMR,RG,3860,31,D,BK,DX,D
9:36:15,JSMR,RG,3860,1,F,CS,DX,D
9:36:15,JSMR,RG,3860,2,F,CS,DX,D
9:36:15,JSMR,RG,3860,5,D,YU,DX,D
9:36:01,JSMR,RG,3870,9,D,BB,DX,D
9:36:01,JSMR,RG,3870,25,D,BB,DX,D
9:36:00,JSMR,RG,3860,1,D,YU,AK,F
9:36:00,JSMR,RG,3860,10,D,YU,NI,D
9:36:00,JSMR,RG,3860,15,D,YU,CC,D
9:36:00,JSMR,RG,3860,14,D,YU,ZP,F
9:36:00,JSMR,RG,3860,75,D,YU,DX,D
9:36:00,JSMR,RG,3860,16,D,YU,DX,D
9:36:00,JSMR,RG,3860,2,F,CS,DX,D
9:35:57,JSMR,RG,3860,5,D,BB,DX,D
9:35:55,JSMR,RG,3860,2,D,CC,DX,D
9:35:55,JSMR,RG,3860,1,D,CC,AK,F
9:35:55,JSMR,RG,3860,7,D,CC,YP,D
9:35:55,JSMR,RG,3860,13,D,CC,AI,D
9:35:27,JSMR,RG,3860,1,D,BB,AI,D
9:35:25,JSMR,RG,3860,2,D,BB,AI,D
9:35:24,JSMR,RG,3860,3,D,CC,AI,D
9:35:18,JSMR,RG,3860,8,D,BK,AI,D
9:34:17,JSMR,RG,3860,1,D,XC,AI,D
9:33:41,JSMR,RG,3860,1,D,BB,AI,D
9:33:09,JSMR,RG,3860,1,D,XC,AI,D
9:32:29,JSMR,RG,3860,1,D,BB,AI,D
9:32:24,JSMR,RG,3860,4,D,CC,AI,D
9:32:01,JSMR,RG,3860,1,D,BB,AI,D
9:31:56,JSMR,RG,3860,5,D,CC,AI,D
9:31:52,JSMR,RG,3860,1,D,BB,AI,D
9:31:51,JSMR,RG,3860,1,D,BB,AI,D
9:31:50,JSMR,RG,3850,5,D,DR,CC,D
9:31:36,JSMR,RG,3860,5,D,YP,AI,D
9:31:31,JSMR,RG,3860,1,D,BB,AI,D
9:31:29,JSMR,RG,3860,1,D,YP,AI,D
9:31:29,JSMR,RG,3860,1,D,YP,PD,D
9:31:29,JSMR,RG,3860,1,D,YP,ZP,F
9:30:55,JSMR,RG,3860,3,D,BB,ZP,F
9:30:53,JSMR,RG,3860,10,D,SQ,DX,D
9:30:48,JSMR,RG,3860,25,D,BB,DX,D
9:30:47,JSMR,RG,3850,1,D,PD,ES,D
9:30:47,JSMR,RG,3850,99,D,YP,ES,D
9:30:11,JSMR,RG,3850,1,D,YP,CP,D
9:30:00,JSMR,RG,3860,1,D,XC,DX,D
9:29:45,JSMR,RG,3860,1,D,YJ,DX,D
9:29:32,JSMR,RG,3860,12,D,BB,DX,D
9:29:31,JSMR,RG,3860,20,D,BB,DX,D
9:29:29,JSMR,RG,3860,1,D,BB,DX,D
9:29:29,JSMR,RG,3860,1,F,CS,DX,D
9:29:29,JSMR,RG,3860,10,D,BK,DX,D
9:29:29,JSMR,RG,3860,3,D,DR,DX,D
9:29:29,JSMR,RG,3860,10,D,XC,DX,D
9:29:29,JSMR,RG,3860,20,D,CC,DX,D
9:29:29,JSMR,RG,3860,2,D,LG,DX,D
9:29:29,JSMR,RG,3860,71,F,ZP,DX,D
9:29:29,JSMR,RG,3860,2,D,NI,DX,D
9:29:29,JSMR,RG,3860,11,D,BB,DX,D
9:29:26,JSMR,RG,3870,1,D,BB,DX,D
9:29:25,JSMR,RG,3870,1,D,BB,DX,D
9:29:25,JSMR,RG,3870,1,F,CS,DX,D
9:29:25,JSMR,RG,3870,1,F,CS,DX,D
9:29:25,JSMR,RG,3870,1,D,CC,DX,D
9:29:24,JSMR,RG,3880,10,D,LG,KK,D
9:29:20,JSMR,RG,3870,1,D,CC,XC,D
9:29:09,JSMR,RG,3870,4,D,CC,XC,D
9:28:57,JSMR,RG,3880,8,D,BB,KK,D
9:28:55,JSMR,RG,3870,19,D,CC,DX,D
9:28:55,JSMR,RG,3870,1,F,CS,DX,D
9:28:55,JSMR,RG,3870,14,D,CC,DX,D
9:28:52,JSMR,RG,3880,1,D,BB,KK,D
9:28:47,JSMR,RG,3870,1,D,CC,YP,D
9:28:39,JSMR,RG,3880,3,D,BB,KK,D
9:28:38,JSMR,RG,3870,1,D,YU,PD,D
9:28:38,JSMR,RG,3870,5,D,SQ,PD,D
9:28:38,JSMR,RG,3870,3,D,CC,PD,D
9:28:38,JSMR,RG,3870,4,D,NI,PD,D
9:28:34,JSMR,RG,3880,31,D,BB,KK,D
9:28:32,JSMR,RG,3870,9,D,NI,PD,D
9:28:32,JSMR,RG,3870,5,D,CC,PD,D
9:28:32,JSMR,RG,3870,111,D,YP,PD,D
9:28:09,JSMR,RG,3880,36,D,BB,KK,D
9:28:03,JSMR,RG,3880,1,F,CS,KK,D
9:28:02,JSMR,RG,3880,1,F,CS,KK,D
9:28:02,JSMR,RG,3880,11,D,BK,KK,D
9:28:02,JSMR,RG,3880,1,F,CS,KK,D
9:28:02,JSMR,RG,3880,25,D,BB,KK,D
9:28:02,JSMR,RG,3880,3,F,CS,KK,D
9:28:02,JSMR,RG,3880,2,F,CS,KK,D
9:28:02,JSMR,RG,3880,1,F,CS,KK,D
9:28:02,JSMR,RG,3880,57,D,YU,KK,D
9:28:02,JSMR,RG,3880,9,D,YU,KK,D
9:28:02,JSMR,RG,3880,5,D,YJ,KK,D
9:28:02,JSMR,RG,3880,11,D,BK,KK,D
9:28:02,JSMR,RG,3880,20,D,YP,KK,D
9:28:02,JSMR,RG,3880,1,F,CS,KK,D
9:28:02,JSMR,RG,3880,65,D,YU,KK,D
9:28:02,JSMR,RG,3880,8,D,YU,KK,D
9:28:02,JSMR,RG,3880,46,D,YU,KK,D
9:27:56,JSMR,RG,3880,3,D,YU,PD,D
9:27:47,JSMR,RG,3880,9,D,YU,DR,D
9:27:47,JSMR,RG,3880,8,D,YU,DR,D
9:27:47,JSMR,RG,3880,31,D,BK,DR,D
9:27:47,JSMR,RG,3880,1,F,CS,DR,D
9:27:47,JSMR,RG,3880,1,D,TP,DR,D
9:27:44,JSMR,RG,3880,1,D,TP,PD,D
9:27:19,JSMR,RG,3880,3,D,TP,XC,D
9:27:19,JSMR,RG,3880,1,D,TP,AK,F
9:27:19,JSMR,RG,3880,1,D,TP,YP,D
9:27:19,JSMR,RG,3880,18,D,TP,LG,D
9:27:18,JSMR,RG,3880,2,F,CS,LG,D
9:27:17,JSMR,RG,3880,26,D,CC,LG,D
9:26:55,JSMR,RG,3880,54,D,LG,LG,D
9:26:55,JSMR,RG,3880,1,D,LG,NI,D
9:26:55,JSMR,RG,3880,1,D,LG,NI,D
9:26:55,JSMR,RG,3880,6,D,LG,ZP,F
9:26:55,JSMR,RG,3880,15,D,LG,YB,D
9:26:55,JSMR,RG,3880,5,D,LG,LS,D
9:26:55,JSMR,RG,3880,1,D,LG,PD,D
9:26:55,JSMR,RG,3880,17,D,LG,CC,D
9:26:47,JSMR,RG,3880,9,D,BK,CC,D
9:26:08,JSMR,RG,3880,5,D,YJ,CC,D
9:25:49,JSMR,RG,3880,8,D,BK,CC,D
9:25:32,JSMR,RG,3880,2,D,BB,CC,D
9:25:27,JSMR,RG,3880,5,D,TF,CC,D
9:25:24,JSMR,RG,3880,54,D,BB,CC,D
9:25:24,JSMR,RG,3880,3,D,BB,CC,D
9:25:24,JSMR,RG,3880,1,D,BB,OD,D
9:25:24,JSMR,RG,3880,14,D,BB,KK,D
9:25:10,JSMR,RG,3880,10,D,SQ,KK,D
9:25:00,JSMR,RG,3880,16,D,YU,KK,D
9:25:00,JSMR,RG,3880,12,D,YU,ZP,F
9:25:00,JSMR,RG,3880,1,D,YU,KK,D
9:25:00,JSMR,RG,3880,1,D,YU,PC,D
9:25:00,JSMR,RG,3880,25,D,YU,HD,D
9:25:00,JSMR,RG,3880,10,D,YU,YP,D
9:25:00,JSMR,RG,3880,5,D,YU,YP,D
9:25:00,JSMR,RG,3880,50,D,YU,AI,D
9:25:00,JSMR,RG,3880,1,D,YU,YP,D
9:25:00,JSMR,RG,3880,5,D,YU,YP,D
9:25:00,JSMR,RG,3880,1,D,YU,YP,D
9:25:00,JSMR,RG,3880,5,D,YU,CC,D
9:25:00,JSMR,RG,3880,5,D,YU,CC,D
9:25:00,JSMR,RG,3880,12,D,YU,SQ,D
9:23:45,JSMR,RG,3870,2,D,YP,AZ,D
9:23:45,JSMR,RG,3870,5,D,YP,YU,D
9:23:45,JSMR,RG,3870,1,D,YP,AK,F
9:23:45,JSMR,RG,3870,1,D,YP,PD,D
9:23:45,JSMR,RG,3870,1,D,YP,DH,D
9:23:45,JSMR,RG,3870,1,D,YP,ZP,F
9:23:45,JSMR,RG,3870,1,D,YP,XC,D
9:23:45,JSMR,RG,3870,2,D,YP,CC,D
9:23:45,JSMR,RG,3870,1,D,YP,CC,D
9:23:45,JSMR,RG,3870,3,D,YP,SQ,D
9:22:50,JSMR,RG,3870,2,D,YJ,SQ,D
9:22:50,JSMR,RG,3870,3,D,YJ,GR,D
9:22:21,JSMR,RG,3870,10,D,SQ,GR,D
9:22:17,JSMR,RG,3860,3,D,BB,CC,D
9:22:09,JSMR,RG,3870,1,D,YP,GR,D
9:22:03,JSMR,RG,3870,1,D,OD,GR,D
9:21:59,JSMR,RG,3870,10,D,CC,GR,D
9:21:46,JSMR,RG,3870,1,D,DH,GR,D
9:21:44,JSMR,RG,3870,2,F,CS,GR,D
9:21:44,JSMR,RG,3870,1,F,CS,GR,D
9:21:44,JSMR,RG,3870,1,F,CS,GR,D
9:21:44,JSMR,RG,3870,1,F,CS,GR,D
9:21:44,JSMR,RG,3870,1,F,CS,GR,D
9:21:44,JSMR,RG,3870,18,D,BK,GR,D
9:21:42,JSMR,RG,3870,9,D,BK,SQ,D
9:21:38,JSMR,RG,3870,6,D,BK,YP,D
9:21:38,JSMR,RG,3870,2,F,CS,YP,D
9:21:38,JSMR,RG,3870,1,F,CS,YP,D
9:21:38,JSMR,RG,3870,1,D,CC,YP,D
9:21:25,JSMR,RG,3870,5,D,CC,YP,D
9:21:22,JSMR,RG,3870,20,D,CC,NI,D
9:21:21,JSMR,RG,3870,1,D,CC,KK,D
9:21:21,JSMR,RG,3870,6,D,YU,KK,D
9:21:10,JSMR,RG,3880,8,D,BK,SQ,D
9:21:07,JSMR,RG,3870,1,F,CS,EP,D
9:21:07,JSMR,RG,3870,1,F,CS,EP,D
9:21:07,JSMR,RG,3870,3,D,KK,EP,D
9:21:05,JSMR,RG,3870,12,D,KK,ZP,F
9:21:03,JSMR,RG,3870,1,D,XC,ZP,F
9:21:03,JSMR,RG,3870,2,D,NI,ZP,F
9:21:02,JSMR,RG,3870,1,F,CS,ZP,F
9:21:02,JSMR,RG,3870,2,D,EP,ZP,F
9:21:02,JSMR,RG,3870,8,D,EP,GR,D
9:21:01,JSMR,RG,3870,92,D,AG,GR,D
9:21:01,JSMR,RG,3870,2,D,AG,ZP,F
9:21:01,JSMR,RG,3870,10,D,AG,KK,D
9:21:01,JSMR,RG,3870,10,D,AG,DR,D
9:21:01,JSMR,RG,3870,50,D,AG,AT,D
9:21:01,JSMR,RG,3870,1,D,AG,YP,D
9:21:01,JSMR,RG,3870,15,D,AG,XC,D
9:21:01,JSMR,RG,3870,1,D,AG,YP,D
9:21:01,JSMR,RG,3870,19,D,AG,SQ,D
9:20:50,JSMR,RG,3870,1,D,CC,SQ,D
9:20:41,JSMR,RG,3860,1,D,BB,AZ,D
9:20:34,JSMR,RG,3860,14,D,BB,ZP,F
9:20:34,JSMR,RG,3860,17,D,BB,ZP,F
9:20:34,JSMR,RG,3860,1,D,BB,YP,D
9:20:34,JSMR,RG,3860,1,D,BB,YP,D
9:20:34,JSMR,RG,3860,6,D,BB,CC,D
9:20:34,JSMR,RG,3860,246,D,BB,IF,D
9:20:34,JSMR,RG,3860,14,D,BB,IF,D
9:20:34,JSMR,RG,3860,11,D,BB,SQ,D
9:20:27,JSMR,RG,3850,9,D,YU,GR,D
9:20:27,JSMR,RG,3850,91,D,PD,GR,D
9:20:05,JSMR,RG,3860,9,D,BB,SQ,D
9:20:04,JSMR,RG,3850,34,D,PD,AI,D
9:20:03,JSMR,RG,3850,4,D,BB,AI,D
9:20:03,JSMR,RG,3850,1,F,CS,AI,D
9:20:02,JSMR,RG,3850,17,D,CC,AI,D
9:19:56,JSMR,RG,3850,1,D,BB,AI,D
9:19:56,JSMR,RG,3850,1,F,CS,AI,D
9:19:47,JSMR,RG,3850,8,D,BB,AI,D
9:19:47,JSMR,RG,3850,1,D,BB,XC,D
9:19:47,JSMR,RG,3850,11,D,BB,EP,D
9:19:47,JSMR,RG,3850,5,D,BB,ZP,F
9:19:46,JSMR,RG,3850,3,D,NI,ZP,F
9:19:45,JSMR,RG,3850,10,D,TF,ZP,F
9:19:45,JSMR,RG,3850,10,D,TF,DR,D
9:19:45,JSMR,RG,3850,6,D,TF,EP,D
9:19:45,JSMR,RG,3850,74,D,TF,AG,D
9:19:17,JSMR,RG,3850,26,D,BB,AG,D
9:19:17,JSMR,RG,3850,10,D,BB,NI,D
9:19:17,JSMR,RG,3850,1,D,BB,YP,D
9:19:17,JSMR,RG,3850,1,D,BB,YP,D
9:19:17,JSMR,RG,3850,50,D,BB,AT,D
9:19:17,JSMR,RG,3850,8,D,BB,PD,D
9:19:16,JSMR,RG,3850,1,F,CS,PD,D
9:19:16,JSMR,RG,3850,1,F,CS,PD,D
9:19:16,JSMR,RG,3850,1,F,CS,YB,D
9:19:16,JSMR,RG,3840,47,D,CC,ZP,F
9:19:15,JSMR,RG,3840,1,D,CC,AK,F
9:19:15,JSMR,RG,3840,20,D,CC,CC,D
9:19:15,JSMR,RG,3840,10,D,CC,DR,D
9:19:15,JSMR,RG,3840,5,D,CC,BK,F
9:19:15,JSMR,RG,3840,12,D,CC,ZP,F
9:19:15,JSMR,RG,3840,20,D,CC,ZP,F
9:19:15,JSMR,RG,3840,1,D,CC,KK,D
9:19:15,JSMR,RG,3840,1,D,CC,YP,D
9:19:15,JSMR,RG,3840,1,D,CC,YP,D
9:19:15,JSMR,RG,3840,263,D,CC,IF,D
9:18:06,JSMR,RG,3840,2,D,OD,IF,D
9:17:54,JSMR,RG,3840,2,D,BB,YU,D
9:17:53,JSMR,RG,3830,7,D,IT,AZ,D
9:17:46,JSMR,RG,3840,3,D,BB,YU,D
9:17:44,JSMR,RG,3830,13,D,IT,ZP,F
9:17:41,JSMR,RG,3830,1,D,BB,ZP,F
9:17:37,JSMR,RG,3830,1,F,CS,ZP,F
9:17:23,JSMR,RG,3830,2,D,BB,ZP,F
9:17:23,JSMR,RG,3830,4,D,BB,YP,D
9:17:23,JSMR,RG,3830,1,D,BB,AG,D
9:17:17,JSMR,RG,3830,30,D,PD,AG,D
9:17:06,JSMR,RG,3830,1,D,BB,AG,D
9:17:02,JSMR,RG,3830,4,F,CS,AG,D
9:17:02,JSMR,RG,3830,64,D,BB,AG,D
9:17:02,JSMR,RG,3830,1,D,BB,YP,D
9:17:01,JSMR,RG,3820,4,D,TF,ZP,F
9:17:01,JSMR,RG,3820,50,D,TF,OD,D
9:17:01,JSMR,RG,3820,10,D,TF,PD,D
9:17:01,JSMR,RG,3820,3,D,TF,NI,D
9:17:01,JSMR,RG,3820,194,D,TF,IF,D
9:16:47,JSMR,RG,3820,6,D,BB,IF,D
9:16:45,JSMR,RG,3820,24,D,CC,IF,D
9:16:27,JSMR,RG,3820,2,D,BB,IF,D
9:16:21,JSMR,RG,3820,8,D,KK,IF,D
9:15:39,JSMR,RG,3820,13,D,BB,IF,D
9:15:38,JSMR,RG,3810,42,D,YU,YP,D
9:15:38,JSMR,RG,3810,8,D,YU,YP,D
9:15:32,JSMR,RG,3820,13,D,BB,IF,D
9:15:32,JSMR,RG,3820,90,D,BB,AG,D
9:14:46,JSMR,RG,3800,70,D,CC,PD,D
9:13:18,JSMR,RG,3800,122,D,CC,EP,D
9:13:18,JSMR,RG,3800,25,D,BB,EP,D
9:13:18,JSMR,RG,3800,95,D,RX,EP,D
9:13:18,JSMR,RG,3810,8,D,YU,EP,D
9:13:18,JSMR,RG,3810,65,D,YU,EP,D
9:13:18,JSMR,RG,3810,8,D,YU,EP,D
9:13:18,JSMR,RG,3810,67,D,YU,EP,D
9:13:13,JSMR,RG,3810,1,D,YU,IF,D
9:13:03,JSMR,RG,3810,10,D,BK,AZ,D
9:13:03,JSMR,RG,3810,11,D,BK,PD,D
9:13:03,JSMR,RG,3810,5,D,BK,PD,D
9:13:03,JSMR,RG,3810,2,D,BK,YP,D
9:13:02,JSMR,RG,3800,2,D,RX,PD,D
9:13:02,JSMR,RG,3800,1,D,RX,AK,F
9:13:02,JSMR,RG,3800,7,D,RX,ZP,F
9:13:02,JSMR,RG,3800,10,D,RX,PD,D
9:13:02,JSMR,RG,3800,17,D,RX,ZP,F
9:13:02,JSMR,RG,3800,19,D,RX,ZP,F
9:13:02,JSMR,RG,3800,149,D,RX,CC,D
9:12:50,JSMR,RG,3800,20,D,PD,CC,D
9:11:44,JSMR,RG,3800,2,D,BB,CC,D
9:11:43,JSMR,RG,3800,2,D,BB,CC,D
9:11:43,JSMR,RG,3800,9,D,BK,CC,D
9:11:39,JSMR,RG,3800,9,D,BK,CC,D
9:11:38,JSMR,RG,3800,8,D,BB,CC,D
9:11:35,JSMR,RG,3800,32,D,BK,CC,D
9:11:34,JSMR,RG,3800,7,D,BB,CC,D
9:11:33,JSMR,RG,3800,125,D,BB,CC,D
9:11:32,JSMR,RG,3800,29,D,BK,CC,D
9:11:30,JSMR,RG,3800,500,D,BB,CC,D
9:10:58,JSMR,RG,3800,5,D,BB,CC,D
9:10:56,JSMR,RG,3800,20,D,CC,CC,D
9:10:04,JSMR,RG,3800,2,D,BB,CC,D
9:10:00,JSMR,RG,3800,5,D,YP,CC,D
9:09:53,JSMR,RG,3800,23,D,BB,CC,D
9:09:52,JSMR,RG,3790,2,D,CC,NI,D
9:09:52,JSMR,RG,3790,95,D,BK,NI,D
9:09:52,JSMR,RG,3790,21,D,BB,NI,D
9:09:52,JSMR,RG,3790,9,D,YU,NI,D
9:09:52,JSMR,RG,3790,73,D,YU,NI,D
9:08:39,JSMR,RG,3800,1,D,BB,CC,D
9:08:37,JSMR,RG,3800,2,D,BB,CC,D
9:08:36,JSMR,RG,3790,3,D,BB,ZP,F
9:08:35,JSMR,RG,3790,8,D,BB,ZP,F
9:08:34,JSMR,RG,3790,23,D,BB,YP,D
9:08:32,JSMR,RG,3780,30,D,CC,YU,D
9:08:32,JSMR,RG,3780,11,D,CC,PD,D
9:08:32,JSMR,RG,3780,27,D,CC,XC,D
9:08:32,JSMR,RG,3780,26,D,CC,YP,D
9:08:32,JSMR,RG,3780,2,D,CC,PD,D
9:08:32,JSMR,RG,3780,4,D,CC,XC,D
9:08:32,JSMR,RG,3780,11,D,CC,ZP,F
9:08:32,JSMR,RG,3780,1,D,CC,YP,D
9:08:32,JSMR,RG,3780,1,D,CC,AK,F
9:08:32,JSMR,RG,3780,34,D,CC,AG,D
9:08:00,JSMR,RG,3780,1,D,LG,AG,D
9:07:53,JSMR,RG,3780,1,D,BB,AG,D
9:07:51,JSMR,RG,3780,1,D,CC,AG,D
9:07:25,JSMR,RG,3780,1,D,OD,AG,D
9:07:17,JSMR,RG,3780,53,D,BB,AG,D
9:07:15,JSMR,RG,3770,46,D,TP,NI,D
9:07:15,JSMR,RG,3770,42,D,BK,NI,D
9:07:15,JSMR,RG,3770,59,D,YU,NI,D
9:07:15,JSMR,RG,3770,9,D,YU,NI,D
9:07:15,JSMR,RG,3770,27,D,XC,NI,D
9:07:15,JSMR,RG,3770,5,D,XC,NI,D
9:07:15,JSMR,RG,3770,29,D,NI,NI,D
9:07:06,JSMR,RG,3770,5,D,NI,YP,D
9:07:04,JSMR,RG,3770,10,D,NI,CC,D
9:07:03,JSMR,RG,3770,3,D,NI,XC,D
9:07:00,JSMR,RG,3770,3,D,NI,XC,D
9:06:52,JSMR,RG,3780,9,D,YP,AG,D
9:06:52,JSMR,RG,3780,7,D,YP,ZP,F
9:06:38,JSMR,RG,3770,16,D,BB,OD,D
9:06:38,JSMR,RG,3770,12,D,BK,OD,D
9:06:38,JSMR,RG,3770,1,D,PD,OD,D
9:06:38,JSMR,RG,3770,1,D,NI,OD,D
9:06:34,JSMR,RG,3780,3,D,DH,ZP,F
9:06:34,JSMR,RG,3780,7,D,DH,YP,D
9:06:13,JSMR,RG,3780,3,D,BB,YP,D
9:06:12,JSMR,RG,3770,10,D,NI,YU,D
9:06:09,JSMR,RG,3790,1,D,BB,NI,D
9:06:03,JSMR,RG,3770,4,D,NI,YB,D
9:05:58,JSMR,RG,3790,1,D,BB,NI,D
9:05:58,JSMR,RG,3780,1,D,PD,XC,D
9:05:57,JSMR,RG,3790,1,D,BB,NI,D
9:05:56,JSMR,RG,3790,5,D,BB,NI,D
9:05:55,JSMR,RG,3790,6,D,BB,NI,D
9:05:55,JSMR,RG,3770,4,D,NI,HP,D
9:05:54,JSMR,RG,3770,5,D,NI,EP,D
9:05:54,JSMR,RG,3780,9,D,BK,EP,D
9:05:54,JSMR,RG,3770,1,D,NI,PD,D
9:05:54,JSMR,RG,3770,1,D,GR,PD,D
9:05:54,JSMR,RG,3770,1,D,PD,PD,D
9:05:54,JSMR,RG,3770,1,D,YP,PD,D
9:05:54,JSMR,RG,3770,1,D,YP,PD,D
9:05:54,JSMR,RG,3770,4,D,YP,PD,D
9:05:54,JSMR,RG,3770,5,D,YP,AZ,D
9:05:54,JSMR,RG,3770,1,D,DH,AZ,D
9:05:54,JSMR,RG,3770,6,D,SQ,AZ,D
9:05:54,JSMR,RG,3780,11,D,BK,AZ,D
9:05:54,JSMR,RG,3780,2,D,PD,AZ,D
9:05:52,JSMR,RG,3790,13,D,BB,NI,D
9:05:50,JSMR,RG,3780,1,D,PD,OD,D
9:05:50,JSMR,RG,3780,1,D,XC,OD,D
9:05:50,JSMR,RG,3780,18,D,BK,OD,D
9:05:50,JSMR,RG,3780,26,D,YP,OD,D
9:05:50,JSMR,RG,3780,1,D,XC,OD,D
9:05:50,JSMR,RG,3780,3,D,SQ,OD,D
9:05:35,JSMR,RG,3780,1,D,SQ,PD,D
9:05:32,JSMR,RG,3790,5,D,BB,NI,D
9:05:30,JSMR,RG,3790,1,D,BB,NI,D
9:05:30,JSMR,RG,3790,5,D,BB,ZP,F
9:05:30,JSMR,RG,3790,1,D,BB,PD,D
9:05:30,JSMR,RG,3780,1,D,SQ,XL,D
9:05:30,JSMR,RG,3780,5,D,KK,XL,D
9:05:30,JSMR,RG,3780,14,D,YU,XL,D
9:05:28,JSMR,RG,3780,7,D,YU,ZP,F
9:05:28,JSMR,RG,3780,20,D,YU,OD,D
9:05:23,JSMR,RG,3790,30,D,BB,PD,D
9:05:22,JSMR,RG,3780,16,D,YU,NI,D
9:05:22,JSMR,RG,3780,8,D,YU,NI,D
9:05:22,JSMR,RG,3780,24,D,BB,NI,D
9:05:22,JSMR,RG,3780,100,D,CC,NI,D
9:05:22,JSMR,RG,3780,102,D,BK,NI,D
9:05:08,JSMR,RG,3780,1,D,BK,YP,D
9:05:08,JSMR,RG,3780,1,D,XC,YP,D
9:04:43,JSMR,RG,3780,5,D,BB,YB,D
9:04:42,JSMR,RG,3790,10,D,BB,PD,D
9:04:42,JSMR,RG,3790,9,D,BK,PD,D
9:04:40,JSMR,RG,3780,2,D,BB,OD,D
9:04:40,JSMR,RG,3780,1,D,XC,OD,D
9:04:40,JSMR,RG,3780,47,D,RX,OD,D
9:04:17,JSMR,RG,3800,1,D,BB,CC,D
9:04:16,JSMR,RG,3800,1,D,BB,CC,D
9:04:15,JSMR,RG,3800,3,D,BB,CC,D
9:04:14,JSMR,RG,3800,9,D,BK,CC,D
9:04:12,JSMR,RG,3800,10,D,BK,CC,D
9:04:10,JSMR,RG,3800,8,D,BB,CC,D
9:04:08,JSMR,RG,3800,8,D,BB,CC,D
9:04:08,JSMR,RG,3800,31,D,BK,CC,D
9:04:07,JSMR,RG,3800,1,D,XC,CC,D
9:04:07,JSMR,RG,3780,5,D,RX,EP,D
9:04:06,JSMR,RG,3800,114,D,BB,CC,D
9:04:06,JSMR,RG,3790,1,D,BB,XC,D
9:04:06,JSMR,RG,3780,2,D,RX,XC,D
9:04:06,JSMR,RG,3780,6,D,RX,XC,D
9:04:05,JSMR,RG,3800,20,D,BB,CC,D
9:04:05,JSMR,RG,3790,16,D,BB,ZP,F
9:04:04,JSMR,RG,3790,1,D,BB,EP,D
9:04:04,JSMR,RG,3790,30,D,BB,ZP,F
9:04:04,JSMR,RG,3780,3,D,RX,PD,D
9:04:04,JSMR,RG,3790,1,D,BK,ZP,F
9:04:04,JSMR,RG,3790,10,D,BK,LS,D
9:04:04,JSMR,RG,3790,13,D,BK,LS,D
9:04:04,JSMR,RG,3790,8,D,BK,EP,D
9:04:04,JSMR,RG,3790,5,D,BK,PD,D
9:04:03,JSMR,RG,3790,1,D,YB,PD,D
9:04:03,JSMR,RG,3780,4,D,RX,PD,D
9:04:03,JSMR,RG,3780,233,D,RX,NI,D
9:04:03,JSMR,RG,3780,30,D,CC,NI,D
9:04:03,JSMR,RG,3780,5,D,CC,NI,D
9:04:03,JSMR,RG,3780,1,D,PD,NI,D
9:04:03,JSMR,RG,3780,40,D,DH,NI,D
9:04:03,JSMR,RG,3780,10,D,GR,NI,D
9:04:03,JSMR,RG,3780,1,D,XC,NI,D
9:04:03,JSMR,RG,3780,5,D,DR,NI,D
9:04:03,JSMR,RG,3780,30,D,PD,NI,D
9:04:03,JSMR,RG,3780,2,D,XC,NI,D
9:04:03,JSMR,RG,3780,50,D,MU,NI,D
9:04:03,JSMR,RG,3790,27,D,XC,NI,D
9:04:03,JSMR,RG,3790,17,D,BK,NI,D
9:04:03,JSMR,RG,3790,1,D,NI,NI,D
9:04:03,JSMR,RG,3790,18,D,NI,NI,D
9:04:03,JSMR,RG,3790,20,D,PD,NI,D
9:04:03,JSMR,RG,3790,4,D,DR,NI,D
9:04:03,JSMR,RG,3790,5,D,SQ,NI,D
9:04:03,JSMR,RG,3790,1,D,XC,NI,D
9:04:03,JSMR,RG,3790,19,D,XC,ZP,F
9:04:01,JSMR,RG,3800,53,D,BK,CC,D
9:04:01,JSMR,RG,3800,5,D,LG,CC,D
9:04:01,JSMR,RG,3800,1,D,PC,CC,D
9:04:01,JSMR,RG,3800,10,D,EP,CC,D
9:04:01,JSMR,RG,3800,20,D,NI,CC,D
9:04:01,JSMR,RG,3800,88,D,CC,CC,D
9:04:01,JSMR,RG,3800,49,D,YB,CC,D
9:04:01,JSMR,RG,3800,16,D,BK,CC,D
9:04:01,JSMR,RG,3800,13,D,RX,CC,D
9:04:01,JSMR,RG,3810,43,D,BK,CC,D
9:04:01,JSMR,RG,3810,46,D,YU,CC,D
9:03:53,JSMR,RG,3810,16,D,YU,GR,D
9:03:45,JSMR,RG,3820,10,D,XC,AG,D
9:03:41,JSMR,RG,3810,5,D,YU,YP,D
9:03:20,JSMR,RG,3810,5,D,YU,ZP,F
9:03:20,JSMR,RG,3810,8,D,YU,ZP,F
9:02:23,JSMR,RG,3820,2,D,BK,AG,D
9:02:23,JSMR,RG,3820,1,F,ZP,AG,D
9:02:23,JSMR,RG,3820,25,D,CC,AG,D
9:02:23,JSMR,RG,3820,65,D,YU,AG,D
9:02:23,JSMR,RG,3820,7,D,YU,AG,D
9:02:16,JSMR,RG,3820,2,D,YU,YB,D
9:02:16,JSMR,RG,3820,43,D,BK,YB,D
9:02:16,JSMR,RG,3820,5,D,YU,YB,D
9:01:20,JSMR,RG,3820,5,D,YU,XC,D
9:01:20,JSMR,RG,3820,14,D,YU,ZP,F
9:01:20,JSMR,RG,3820,2,D,YU,AZ,D
9:00:55,JSMR,RG,3820,8,D,BK,LG,D
9:00:50,JSMR,RG,3820,1,D,BK,LG,D
9:00:50,JSMR,RG,3820,8,D,BK,KK,D
9:00:31,JSMR,RG,3820,7,D,BK,KK,D
9:00:31,JSMR,RG,3820,7,D,BK,AK,F
9:00:31,JSMR,RG,3820,2,D,BK,AK,F
9:00:31,JSMR,RG,3820,5,D,BK,BK,F
9:00:31,JSMR,RG,3820,3,D,BK,ZP,F
9:00:31,JSMR,RG,3820,2,D,BK,ZP,F
9:00:31,JSMR,RG,3820,3,D,BK,AK,F
9:00:31,JSMR,RG,3820,1,D,BK,YP,D
9:00:31,JSMR,RG,3820,10,D,BK,IF,D
9:00:26,JSMR,RG,3820,8,D,BB,IF,D
9:00:22,JSMR,RG,3800,10,D,RX,PD,D
9:00:16,JSMR,RG,3820,130,D,BB,IF,D
9:00:11,JSMR,RG,3800,6,D,RX,PD,D
9:00:08,JSMR,RG,3800,1,D,RX,DH,D
9:00:08,JSMR,RG,3800,1,D,RX,XC,D
9:00:08,JSMR,RG,3810,1,D,BK,ZP,F
9:00:04,JSMR,RG,3820,101,D,BB,IF,D
9:00:01,JSMR,RG,3820,8,D,YU,IF,D
9:00:00,JSMR,RG,3820,8,D,YU,IF,D
9:00:00,JSMR,RG,3820,3,D,YU,YP,D
9:00:00,JSMR,RG,3820,20,D,YU,KK,D
9:00:00,JSMR,RG,3810,1,D,YU,YP,D
8:55:00,JSMR,RG,3800,4,D,RX,YP,D
8:55:00,JSMR,RG,3800,1,D,RX,YP,D
8:55:00,JSMR,RG,3800,75,D,RX,YP,D
8:55:00,JSMR,RG,3800,30,D,RX,YP,D
8:55:00,JSMR,RG,3800,1,D,RX,YP,D
8:55:00,JSMR,RG,3800,10,D,RX,LG,D
8:55:00,JSMR,RG,3800,25,D,RX,CC,D
8:55:00,JSMR,RG,3800,55,D,RX,PD,D
8:55:00,JSMR,RG,3800,4,D,RX,CC,D
8:55:00,JSMR,RG,3800,1,D,RX,PD,D
8:55:00,JSMR,RG,3800,100,D,RX,KK,D
8:55:00,JSMR,RG,3800,5,D,RX,GR,D
8:55:00,JSMR,RG,3800,4,D,RX,YB,D
8:55:00,JSMR,RG,3800,1,D,RX,YB,D
8:55:00,JSMR,RG,3800,3,D,RX,YB,D
8:55:00,JSMR,RG,3800,12,D,CC,YB,D
8:55:00,JSMR,RG,3800,8,D,CC,NI,D
8:55:00,JSMR,RG,3800,2,D,XC,NI,D
8:55:00,JSMR,RG,3800,1,D,DH,NI,D
8:55:00,JSMR,RG,3800,10,D,DH,NI,D
8:55:00,JSMR,RG,3800,10,D,PD,NI,D
8:55:00,JSMR,RG,3800,20,D,HP,NI,D
8:55:00,JSMR,RG,3800,5,D,KK,NI,D
8:55:00,JSMR,RG,3800,1,D,XC,NI,D
8:55:00,JSMR,RG,3800,5,D,PD,NI,D
8:55:00,JSMR,RG,3800,11,D,YU,NI,D
8:55:00,JSMR,RG,3800,6,D,YU,NI,D
8:55:00,JSMR,RG,3800,3,D,YU,GR,D
8:55:00,JSMR,RG,3800,40,D,YU,EP,D
8:55:00,JSMR,RG,3800,50,D,YU,OD,D
8:55:00,JSMR,RG,3800,7,D,YU,EP,D
8:55:00,JSMR,RG,3800,16,D,BB,EP,D
8:55:00,JSMR,RG,3800,17,D,BK,EP,D
8:55:00,JSMR,RG,3800,1,D,BK,ZP,F
8:55:00,JSMR,RG,3800,1,D,BK,AK,F
8:55:00,JSMR,RG,3800,1,D,BK,AK,F
8:55:00,JSMR,RG,3800,1,D,BK,BK,F