Time,Stock,Brd,Price,Qty,BT,BC,SC,ST
15:11:50,JSMR,RG,3920,5,D,YP,LG,D
15:09:13,JSMR,RG,3920,11,D,CC,LG,D
15:07:51,JSMR,RG,3920,4,D,HP,LG,D
15:07:24,JSMR,RG,3920,1,D,NI,LG,D
15:07:24,JSMR,RG,3920,5,D,NI,LG,D
15:07:24,JSMR,RG,3920,10,D,NI,LG,D
15:07:24,JSMR,RG,3920,5,D,EP,LG,D
15:07:24,JSMR,RG,3920,39,D,NI,LG,D
15:07:24,JSMR,RG,3920,2900,D,GR,LG,D
15:07:24,JSMR,RG,3920,347,F,CS,LG,D
15:07:24,JSMR,RG,3920,369,F,CS,LG,D
15:07:24,JSMR,RG,3920,369,F,CS,LG,D
15:07:24,JSMR,RG,3920,167,F,CS,LG,D
15:06:33,JSMR,RG,3920,1,F,CS,PD,D
15:06:28,JSMR,RG,3920,25,F,CS,KK,D
15:06:24,JSMR,RG,3920,2,F,CS,NI,D
15:05:02,JSMR,RG,3920,1,F,CS,KK,D
15:00:00,JSMR,RG,3920,4,F,CS,CC,D
15:00:00,JSMR,RG,3920,169,F,CS,BK,F
15:00:00,JSMR,RG,3920,3,D,YP,BK,F
15:00:00,JSMR,RG,3920,10,D,KK,BK,F
15:00:00,JSMR,RG,3920,1,D,YP,BK,F
15:00:00,JSMR,RG,3920,3,D,YP,BK,F
15:00:00,JSMR,RG,3920,265,D,GR,BK,F
15:00:00,JSMR,RG,3920,230,D,GR,CS,F
15:00:00,JSMR,RG,3920,3,D,XC,CS,F
15:00:00,JSMR,RG,3920,10,D,YP,CS,F
15:00:00,JSMR,RG,3920,1,D,DR,CS,F
15:00:00,JSMR,RG,3920,1,D,KK,CS,F
15:00:00,JSMR,RG,3920,10,D,NI,CS,F
15:00:00,JSMR,RG,3920,4,D,YP,CS,F
15:00:00,JSMR,RG,3920,141,F,AK,CS,F
15:00:00,JSMR,RG,3920,3,F,AK,AK,F
15:00:00,JSMR,RG,3920,49,F,AK,LG,D
15:00:00,JSMR,RG,3920,85,F,BK,LG,D
14:49:30,JSMR,RG,3940,3,F,BK,PS,D
14:49:03,JSMR,RG,3940,5,F,BK,PS,D
14:49:03,JSMR,RG,3940,3,F,BK,NI,D
14:49:03,JSMR,RG,3940,2,F,BK,YP,D
14:48:52,JSMR,RG,3930,5,F,BK,BK,F
14:48:52,JSMR,RG,3930,4,F,BK,RO,D
14:48:23,JSMR,RG,3930,6,F,BK,RO,D
14:48:23,JSMR,RG,3930,3,F,BK,YP,D
14:48:06,JSMR,RG,3930,7,D,SQ,YP,D
14:48:06,JSMR,RG,3920,270,D,SQ,PD,D
14:48:06,JSMR,RG,3910,123,D,SQ,PD,D
14:48:02,JSMR,RG,3910,13,D,OD,PD,D
14:48:01,JSMR,RG,3900,3,F,BK,PD,D
14:47:40,JSMR,RG,3900,4,F,BK,CS,D
14:47:35,JSMR,RG,3900,3,F,BK,CS,D
14:47:35,JSMR,RG,3900,1,D,CS,CS,D
14:47:35,JSMR,RG,3900,1,D,CC,CS,D
14:47:35,JSMR,RG,3900,5,D,CC,YP,D
14:47:29,JSMR,RG,3900,10,D,CC,CS,D
14:47:20,JSMR,RG,3910,9,F,BK,PD,D
14:47:20,JSMR,RG,3900,1,D,CC,KK,D
14:47:19,JSMR,RG,3900,8,D,CC,CS,D
14:47:10,JSMR,RG,3900,6,D,CC,CS,D
14:47:10,JSMR,RG,3910,63,F,AK,PD,D
14:46:48,JSMR,RG,3900,22,D,CC,CC,D
14:46:45,JSMR,RG,3910,10,F,BK,PD,D
14:46:32,JSMR,RG,3910,89,F,AK,PD,D
14:46:14,JSMR,RG,3910,10,F,BK,PD,D
14:46:01,JSMR,RG,3900,41,D,SQ,CS,D
14:46:01,JSMR,RG,3900,559,D,SQ,DX,D
14:45:58,JSMR,RG,3890,1,D,SQ,CS,D
14:45:58,JSMR,RG,3890,10,D,RO,CS,D
14:45:58,JSMR,RG,3890,1,D,SQ,CS,D
14:45:58,JSMR,RG,3890,1,D,PD,CS,D
14:45:58,JSMR,RG,3890,5,D,SQ,CS,D
14:45:58,JSMR,RG,3890,3,D,CS,CS,D
14:45:58,JSMR,RG,3890,3,D,CS,CS,D
14:45:44,JSMR,RG,3900,9,F,BK,DX,D
14:45:19,JSMR,RG,3900,8,F,BK,DX,D
14:45:17,JSMR,RG,3890,4,D,CS,CS,D
14:45:17,JSMR,RG,3890,10,D,YP,CS,D
14:45:17,JSMR,RG,3890,3,D,CS,CS,D
14:44:47,JSMR,RG,3890,5,D,CS,CS,D
14:44:47,JSMR,RG,3890,5,F,BK,CS,D
14:44:47,JSMR,RG,3890,1,D,CS,CS,D
14:44:47,JSMR,RG,3890,2,D,CS,CS,D
14:44:47,JSMR,RG,3890,1,D,YU,CS,D
14:44:37,JSMR,RG,3900,7,D,CC,CS,D
14:44:37,JSMR,RG,3900,2,D,CC,CS,D
14:44:35,JSMR,RG,3900,1,D,DR,CS,D
14:44:35,JSMR,RG,3900,6,D,DR,CS,D
14:44:35,JSMR,RG,3900,13,D,DR,DX,D
14:44:13,JSMR,RG,3890,22,D,YU,BK,D
14:44:08,JSMR,RG,3890,5,D,YU,PD,D
14:44:08,JSMR,RG,3900,52,F,BK,DX,D
14:44:08,JSMR,RG,3900,133,F,BK,DX,D
14:44:08,JSMR,RG,3890,54,D,YU,BK,D
14:44:07,JSMR,RG,3900,185,F,BK,DX,D
14:43:57,JSMR,RG,3900,2,D,CC,DX,D
14:43:29,JSMR,RG,3890,13,D,YU,BK,D
14:43:25,JSMR,RG,3900,10,D,YP,DX,D
14:43:15,JSMR,RG,3900,14,D,CC,DX,D
14:42:27,JSMR,RG,3890,11,D,YU,BK,D
14:42:23,JSMR,RG,3890,16,D,YU,BK,D
14:42:22,JSMR,RG,3900,7,D,KK,DX,D
14:42:18,JSMR,RG,3900,1,D,YP,DX,D
14:42:18,JSMR,RG,3890,25,D,YU,BK,D
14:42:13,JSMR,RG,3890,76,D,YU,BK,D
14:42:13,JSMR,RG,3900,1,D,YP,DX,D
14:42:09,JSMR,RG,3890,44,D,YU,BK,D
14:42:09,JSMR,RG,3900,42,F,BK,DX,D
14:42:09,JSMR,RG,3900,1,F,BK,CS,D
14:42:09,JSMR,RG,3900,142,F,BK,DX,D
14:42:08,JSMR,RG,3900,185,F,BK,DX,D
14:42:03,JSMR,RG,3900,100,D,SQ,DX,D
14:41:56,JSMR,RG,3900,82,D,SQ,DX,D
14:41:56,JSMR,RG,3900,57,D,SQ,DX,D
14:41:56,JSMR,RG,3900,1,D,SQ,AK,F
14:41:56,JSMR,RG,3900,144,D,SQ,BK,D
14:41:56,JSMR,RG,3900,2,D,SQ,CS,D
14:41:56,JSMR,RG,3900,2,D,SQ,CS,D
14:41:56,JSMR,RG,3900,12,D,SQ,CS,D
14:41:44,JSMR,RG,3890,33,D,YU,BK,D
14:41:41,JSMR,RG,3890,3,D,CS,BK,D
14:41:40,JSMR,RG,3890,65,F,AK,BK,D
14:41:40,JSMR,RG,3890,2,F,AK,CS,D
14:41:39,JSMR,RG,3890,8,F,AK,CS,D
14:41:39,JSMR,RG,3890,4,F,AK,CS,D
14:41:39,JSMR,RG,3890,2,D,CS,CS,D
14:41:39,JSMR,RG,3890,2,D,CS,CS,D
14:41:39,JSMR,RG,3890,2,D,CS,CS,D
14:41:39,JSMR,RG,3890,7,D,CS,CS,D
14:41:39,JSMR,RG,3890,42,D,CS,SQ,D
14:41:38,JSMR,RG,3890,70,D,OD,SQ,D
14:41:38,JSMR,RG,3890,3,D,NI,SQ,D
14:41:38,JSMR,RG,3890,17,F,BK,SQ,D
14:41:38,JSMR,RG,3890,25,D,CS,SQ,D
14:41:38,JSMR,RG,3890,13,F,BK,SQ,D
14:41:38,JSMR,RG,3890,40,D,CS,SQ,D
14:41:38,JSMR,RG,3890,2,D,XC,SQ,D
14:41:38,JSMR,RG,3890,13,F,BK,SQ,D
14:41:38,JSMR,RG,3890,1,D,YJ,SQ,D
14:41:38,JSMR,RG,3890,2,F,BK,SQ,D
14:41:38,JSMR,RG,3890,1,D,YJ,SQ,D
14:41:38,JSMR,RG,3890,5,D,YP,SQ,D
14:41:38,JSMR,RG,3890,8,F,BK,SQ,D
14:41:38,JSMR,RG,3890,1,D,YJ,SQ,D
14:41:38,JSMR,RG,3890,31,F,AK,SQ,D
14:41:32,JSMR,RG,3890,38,F,AK,BK,D
14:41:31,JSMR,RG,3900,3,D,YU,CS,D
14:41:31,JSMR,RG,3900,1,D,YU,CS,D
14:41:31,JSMR,RG,3900,1,D,YU,CS,D
14:41:31,JSMR,RG,3900,9,D,YU,CS,D
14:41:31,JSMR,RG,3900,3,D,YU,CS,D
14:41:31,JSMR,RG,3900,1,D,YU,CS,D
14:41:31,JSMR,RG,3900,3,D,YU,CS,D
14:41:31,JSMR,RG,3900,3,D,YU,CS,D
14:41:31,JSMR,RG,3900,4,D,YU,CS,D
14:41:31,JSMR,RG,3900,1,D,YU,CS,D
14:41:31,JSMR,RG,3900,8,D,YU,CS,D
14:41:31,JSMR,RG,3900,2,D,YU,CS,D
14:41:31,JSMR,RG,3900,7,D,YU,CS,D
14:41:31,JSMR,RG,3900,3,D,YU,CS,D
14:41:31,JSMR,RG,3900,7,D,YU,DX,D
14:41:30,JSMR,RG,3900,7,D,YU,DX,D
14:41:29,JSMR,RG,3890,25,F,AK,CC,D
14:41:23,JSMR,RG,3890,7,F,AK,BK,D
14:41:23,JSMR,RG,3890,21,D,SQ,BK,D
14:41:22,JSMR,RG,3890,20,D,SQ,DH,D
14:41:21,JSMR,RG,3900,13,D,CC,DX,D
14:40:51,JSMR,RG,3890,5,D,SQ,YP,D
14:40:47,JSMR,RG,3890,33,D,SQ,CS,D
14:40:42,JSMR,RG,3890,45,D,SQ,BK,D
14:40:40,JSMR,RG,3900,40,D,YU,DX,D
14:40:40,JSMR,RG,3900,6,D,YU,DX,D
14:40:00,JSMR,RG,3900,4,D,YU,DX,D
14:40:00,JSMR,RG,3900,35,D,YU,DX,D
14:39:36,JSMR,RG,3890,36,D,SQ,CS,D
14:39:33,JSMR,RG,3900,14,D,CC,DX,D
14:38:55,JSMR,RG,3890,41,D,SQ,BK,D
14:38:50,JSMR,RG,3890,57,D,SQ,BK,D
14:38:48,JSMR,RG,3900,142,F,BK,DX,D
14:38:47,JSMR,RG,3900,142,F,BK,DX,D
14:38:46,JSMR,RG,3900,22,F,BK,DX,D
14:38:46,JSMR,RG,3900,68,F,BK,DX,D
14:38:46,JSMR,RG,3900,2,F,BK,AK,F
14:38:46,JSMR,RG,3900,6,F,BK,AK,F
14:38:46,JSMR,RG,3900,44,F,BK,BK,D
14:38:45,JSMR,RG,3900,89,F,BK,BK,D
14:38:45,JSMR,RG,3900,1,F,BK,CS,D
14:38:45,JSMR,RG,3900,8,F,BK,CS,D
14:38:45,JSMR,RG,3900,44,F,BK,DX,D
14:38:45,JSMR,RG,3900,5,D,YU,DX,D
14:38:45,JSMR,RG,3900,40,D,YU,DX,D
14:37:52,JSMR,RG,3890,42,D,SQ,CS,D
14:36:23,JSMR,RG,3880,44,D,YP,BK,D
14:36:23,JSMR,RG,3880,1,D,PD,BK,D
14:36:18,JSMR,RG,3890,3,D,YU,BK,D
14:36:18,JSMR,RG,3890,17,D,YU,BK,D
14:36:18,JSMR,RG,3890,11,D,CC,BK,D
14:36:15,JSMR,RG,3890,1,F,BK,XC,D
14:36:14,JSMR,RG,3890,25,F,BK,CS,D
14:36:13,JSMR,RG,3890,6,F,BK,BK,D
14:36:13,JSMR,RG,3890,1,D,YP,BK,D
14:36:13,JSMR,RG,3890,2,D,YP,BK,D
14:36:13,JSMR,RG,3890,1,D,NI,BK,D
14:36:13,JSMR,RG,3890,10,D,YP,BK,D
14:36:13,JSMR,RG,3890,1,D,PD,BK,D
14:36:13,JSMR,RG,3890,5,D,DR,BK,D
14:36:13,JSMR,RG,3890,50,D,CC,BK,D
14:36:13,JSMR,RG,3890,1,D,PD,BK,D
14:36:13,JSMR,RG,3890,1,D,PD,BK,D
14:36:13,JSMR,RG,3890,3,D,KK,BK,D
14:36:13,JSMR,RG,3890,1,D,NI,BK,D
14:36:10,JSMR,RG,3900,10,F,BK,DX,D
14:36:10,JSMR,RG,3900,23,D,CS,DX,D
14:36:10,JSMR,RG,3900,4,F,BK,DX,D
14:36:10,JSMR,RG,3900,5,D,XC,DX,D
14:36:10,JSMR,RG,3900,5,D,YJ,DX,D
14:36:10,JSMR,RG,3900,71,D,TP,DX,D
14:36:10,JSMR,RG,3900,1,D,YP,DX,D
14:36:10,JSMR,RG,3900,130,F,PD,DX,D
14:36:10,JSMR,RG,3900,41,D,TP,DX,D
14:36:10,JSMR,RG,3900,10,D,YP,DX,D
14:36:10,JSMR,RG,3900,1,D,NI,DX,D
14:36:10,JSMR,RG,3900,2,D,NI,DX,D
14:36:10,JSMR,RG,3900,55,D,PS,DX,D
14:36:02,JSMR,RG,3900,38,D,PS,BK,D
14:35:56,JSMR,RG,3900,7,D,PS,BK,D
14:35:56,JSMR,RG,3900,1,D,CC,BK,D
14:35:56,JSMR,RG,3900,21,D,PD,BK,D
14:35:55,JSMR,RG,3910,1,D,YB,PD,D
14:35:54,JSMR,RG,3900,54,D,PD,DX,D
14:35:54,JSMR,RG,3900,1,D,XC,DX,D
14:35:54,JSMR,RG,3900,5,D,OD,DX,D
14:35:53,JSMR,RG,3900,5,D,OD,BK,D
14:35:53,JSMR,RG,3900,1,D,PD,BK,D
14:35:53,JSMR,RG,3900,10,D,PD,BK,D
14:35:53,JSMR,RG,3900,2,D,CC,BK,D
14:35:53,JSMR,RG,3900,4,D,SQ,BK,D
14:35:53,JSMR,RG,3900,3,D,XC,BK,D
14:35:53,JSMR,RG,3900,3,D,CC,BK,D
14:35:53,JSMR,RG,3900,1,D,YP,BK,D
14:35:53,JSMR,RG,3900,10,D,CC,BK,D
14:35:53,JSMR,RG,3900,2,D,PD,BK,D
14:35:49,JSMR,RG,3910,3,D,YU,PD,D
14:35:49,JSMR,RG,3910,21,D,YU,PD,D
14:35:49,JSMR,RG,3910,13,D,CC,PD,D
14:35:49,JSMR,RG,3910,145,D,CC,PD,D
14:35:39,JSMR,RG,3910,24,D,CC,BK,D
14:35:34,JSMR,RG,3910,14,D,CC,BK,D
14:35:29,JSMR,RG,3910,15,D,CC,BK,D
14:35:29,JSMR,RG,3910,43,D,SQ,BK,D
14:35:25,JSMR,RG,3920,16,D,YP,PD,D
14:35:25,JSMR,RG,3910,20,D,SQ,CC,D
14:35:24,JSMR,RG,3910,137,D,SQ,BK,D
14:35:24,JSMR,RG,3910,3,D,YU,BK,D
14:35:24,JSMR,RG,3910,18,D,YU,BK,D
14:35:24,JSMR,RG,3910,5,D,YJ,BK,D
14:35:24,JSMR,RG,3910,5,D,YP,BK,D
14:35:24,JSMR,RG,3910,2,D,YU,BK,D
14:35:24,JSMR,RG,3910,21,D,YU,BK,D
14:35:21,JSMR,RG,3920,23,D,CS,PD,D
14:35:21,JSMR,RG,3920,2,D,YU,PD,D
14:35:21,JSMR,RG,3920,17,D,YU,PD,D
14:35:21,JSMR,RG,3920,12,F,BK,PD,D
14:35:21,JSMR,RG,3920,28,D,CS,PD,D
14:35:21,JSMR,RG,3920,12,F,BK,PD,D
14:35:21,JSMR,RG,3920,1,D,CC,PD,D
14:35:21,JSMR,RG,3920,5,D,YP,PD,D
14:35:21,JSMR,RG,3920,5,D,EP,PD,D
14:35:21,JSMR,RG,3920,68,D,CS,PD,D
14:35:21,JSMR,RG,3920,10,F,BK,PD,D
14:35:21,JSMR,RG,3920,250,F,CC,PD,D
14:35:21,JSMR,RG,3920,64,D,YP,PD,D
14:35:21,JSMR,RG,3920,10,D,YP,PD,D
14:35:21,JSMR,RG,3920,207,D,SQ,PD,D
14:35:08,JSMR,RG,3920,9,D,SQ,CC,D
14:34:27,JSMR,RG,3930,5,D,YU,BK,D
14:34:26,JSMR,RG,3930,40,D,YU,BK,D
14:34:17,JSMR,RG,3920,2,D,SQ,AT,D
14:34:03,JSMR,RG,3920,3,D,SQ,XC,D
14:33:24,JSMR,RG,3920,14,D,SQ,BK,D
14:33:20,JSMR,RG,3930,5,D,YU,BK,F
14:33:20,JSMR,RG,3930,12,D,YU,CS,D
14:33:20,JSMR,RG,3930,9,D,YU,XC,D
14:33:20,JSMR,RG,3930,17,D,YU,SQ,D
14:33:04,JSMR,RG,3930,5,D,YP,SQ,D
14:32:40,JSMR,RG,3930,2,D,YJ,SQ,D
14:32:28,JSMR,RG,3930,26,F,AK,SQ,D
14:32:28,JSMR,RG,3930,3,F,AK,CS,D
14:32:28,JSMR,RG,3930,1,F,AK,CS,D
14:32:28,JSMR,RG,3930,2,F,AK,CS,D
14:32:28,JSMR,RG,3930,4,F,AK,CS,D
14:32:28,JSMR,RG,3930,2,F,AK,CS,D
14:32:28,JSMR,RG,3930,9,F,AK,CS,D
14:32:28,JSMR,RG,3930,16,F,AK,CS,D
14:32:28,JSMR,RG,3930,25,F,AK,OD,D
14:32:28,JSMR,RG,3930,7,F,AK,CS,D
14:32:28,JSMR,RG,3930,28,F,AK,BK,D
14:32:13,JSMR,RG,3930,27,D,YU,BK,D
14:32:13,JSMR,RG,3930,10,D,YU,SQ,D
14:32:13,JSMR,RG,3930,5,D,YU,SQ,D
14:31:53,JSMR,RG,3920,1,D,SQ,PD,D
14:31:43,JSMR,RG,3920,19,D,SQ,BK,D
14:31:41,JSMR,RG,3920,8,D,SQ,CS,D
14:31:41,JSMR,RG,3920,50,D,SQ,SQ,D
14:31:41,JSMR,RG,3920,51,D,SQ,BK,D
14:31:41,JSMR,RG,3920,2,D,SQ,AK,F
14:31:41,JSMR,RG,3920,1,D,SQ,CS,D
14:31:41,JSMR,RG,3920,1,D,SQ,CS,D
14:31:41,JSMR,RG,3920,3,D,SQ,CS,D
14:31:41,JSMR,RG,3920,1,D,SQ,CS,D
14:31:41,JSMR,RG,3920,1,D,SQ,CS,D
14:31:41,JSMR,RG,3920,3,D,SQ,CS,D
14:31:41,JSMR,RG,3920,1,D,SQ,CS,D
14:31:41,JSMR,RG,3920,3,D,SQ,CS,D
14:31:41,JSMR,RG,3920,2,D,SQ,CS,D
14:31:41,JSMR,RG,3920,6,D,SQ,CC,D
14:31:41,JSMR,RG,3920,3,D,SQ,CS,D
14:31:41,JSMR,RG,3920,2,D,SQ,CS,D
14:31:41,JSMR,RG,3920,5,D,SQ,AK,F
14:31:41,JSMR,RG,3920,2,D,SQ,CS,D
14:31:37,JSMR,RG,3910,41,F,AK,BK,D
14:31:35,JSMR,RG,3920,9,F,AK,CS,D
14:31:35,JSMR,RG,3920,114,F,AK,DX,D
14:31:34,JSMR,RG,3920,123,F,AK,DX,D
14:31:34,JSMR,RG,3920,123,F,AK,DX,D
14:31:33,JSMR,RG,3920,28,D,SQ,DX,D
14:31:33,JSMR,RG,3920,2,D,SQ,CS,D
14:31:33,JSMR,RG,3920,56,D,SQ,DX,D
14:31:33,JSMR,RG,3920,5,D,SQ,CS,D
14:31:33,JSMR,RG,3920,2,D,SQ,AK,F
14:31:33,JSMR,RG,3920,3,D,SQ,AK,F
14:31:33,JSMR,RG,3920,104,D,SQ,BK,D
14:31:08,JSMR,RG,3910,7,F,AK,PD,D
14:31:05,JSMR,RG,3920,8,D,CC,BK,D
14:30:55,JSMR,RG,3920,10,D,YB,BK,D
14:30:54,JSMR,RG,3910,16,F,AK,BK,D
14:30:54,JSMR,RG,3910,1,D,YP,BK,D
14:30:54,JSMR,RG,3910,1,D,YP,BK,D
14:30:48,JSMR,RG,3910,11,D,CC,BK,D
14:30:43,JSMR,RG,3910,29,D,CC,BK,D
14:30:38,JSMR,RG,3910,108,D,CC,BK,D
14:30:38,JSMR,RG,3910,20,D,CC,BK,D
14:30:38,JSMR,RG,3910,5,F,BK,BK,D
14:30:34,JSMR,RG,3910,7,F,BK,DX,D
14:30:34,JSMR,RG,3910,100,D,GR,DX,D
14:30:34,JSMR,RG,3910,1,D,NI,DX,D
14:30:34,JSMR,RG,3910,27,F,BK,DX,D
14:30:34,JSMR,RG,3910,5,D,YP,DX,D
14:30:34,JSMR,RG,3910,2,D,NI,DX,D
14:30:34,JSMR,RG,3910,15,D,CC,DX,D
14:30:34,JSMR,RG,3910,80,D,CC,DX,D
14:30:34,JSMR,RG,3910,1,D,KK,DX,D
14:30:34,JSMR,RG,3910,30,D,CC,DX,D
14:30:34,JSMR,RG,3910,20,D,CC,DX,D
14:30:34,JSMR,RG,3910,127,D,OD,DX,D
14:30:34,JSMR,RG,3910,21,D,CC,DX,D
14:30:33,JSMR,RG,3910,8,D,CC,BK,D
14:30:32,JSMR,RG,3920,1,D,YB,BK,D
14:30:32,JSMR,RG,3920,4,D,YB,CS,D
14:30:32,JSMR,RG,3920,5,D,YB,CC,D
14:30:29,JSMR,RG,3910,8,D,CC,BK,D
14:30:26,JSMR,RG,3910,19,D,CC,BK,D
14:30:23,JSMR,RG,3910,26,D,CC,DX,D
14:30:23,JSMR,RG,3920,9,F,BK,DX,D
14:30:23,JSMR,RG,3920,1,D,LG,DX,D
14:30:23,JSMR,RG,3920,20,D,YU,DX,D
14:30:23,JSMR,RG,3920,3,D,YU,DX,D
14:30:23,JSMR,RG,3920,5,D,CS,DX,D
14:30:17,JSMR,RG,3920,1,D,CS,CS,D
14:30:17,JSMR,RG,3920,5,F,BK,CS,D
14:30:00,JSMR,RG,3920,3,F,BK,CS,D
14:29:50,JSMR,RG,3920,2,F,BK,CS,D
14:29:50,JSMR,RG,3920,5,D,YJ,CS,D
14:29:50,JSMR,RG,3920,1,D,YU,CS,D
14:29:46,JSMR,RG,3920,1,D,YU,BK,D
14:29:46,JSMR,RG,3920,11,D,YU,BK,D
14:29:45,JSMR,RG,3920,6,D,YU,YP,D
14:29:45,JSMR,RG,3920,8,D,CS,YP,D
14:29:45,JSMR,RG,3920,8,F,BK,YP,D
14:29:25,JSMR,RG,3920,5,F,BK,CS,D
14:29:25,JSMR,RG,3920,2,D,CS,CS,D
14:29:05,JSMR,RG,3920,1,D,CS,CS,D
14:29:05,JSMR,RG,3920,2,F,BK,CS,D
14:28:56,JSMR,RG,3920,6,F,BK,BK,D
14:28:56,JSMR,RG,3920,5,D,YJ,BK,D
14:28:55,JSMR,RG,3920,1,D,BQ,CS,D
14:28:55,JSMR,RG,3920,2,D,CS,CS,D
14:28:55,JSMR,RG,3920,3,D,YU,CS,D
14:28:34,JSMR,RG,3920,4,D,YU,CS,D
14:28:20,JSMR,RG,3920,14,D,YU,CS,D
14:28:18,JSMR,RG,3930,5,D,YJ,SQ,D
14:28:03,JSMR,RG,3910,14,D,CC,BK,D
14:27:59,JSMR,RG,3910,14,D,CC,BK,D
14:27:53,JSMR,RG,3910,18,D,CC,BK,D
14:27:53,JSMR,RG,3910,18,D,CC,BK,D
14:27:51,JSMR,RG,3910,32,D,CC,BK,D
14:27:51,JSMR,RG,3910,20,D,AZ,BK,D
14:27:51,JSMR,RG,3910,1,D,YP,BK,D
14:27:51,JSMR,RG,3910,55,D,CC,BK,D
14:27:49,JSMR,RG,3910,5,D,CC,CS,D
14:27:49,JSMR,RG,3920,17,D,CS,CS,D
14:27:48,JSMR,RG,3920,5,D,CS,CC,D
14:27:48,JSMR,RG,3920,6,D,CS,DX,D
14:27:48,JSMR,RG,3920,73,D,CS,DX,D
14:27:48,JSMR,RG,3920,64,D,CS,DX,D
14:27:47,JSMR,RG,3920,2,D,YU,DX,D
14:27:47,JSMR,RG,3920,21,D,YU,DX,D
14:27:47,JSMR,RG,3920,1,D,CC,DX,D
14:27:47,JSMR,RG,3920,42,D,CS,DX,D
14:27:47,JSMR,RG,3920,8,F,BK,DX,D
14:27:47,JSMR,RG,3920,3,D,YU,DX,D
14:27:47,JSMR,RG,3920,21,D,YU,DX,D
14:27:47,JSMR,RG,3920,100,D,SQ,DX,D
14:27:47,JSMR,RG,3920,1,D,CC,DX,D
14:27:47,JSMR,RG,3920,1,D,NI,DX,D
14:27:47,JSMR,RG,3920,3,D,XC,DX,D
14:27:47,JSMR,RG,3920,23,D,SQ,DX,D
14:27:38,JSMR,RG,3920,9,D,SQ,BK,D
14:27:35,JSMR,RG,3920,9,D,SQ,BK,D
14:27:33,JSMR,RG,3920,52,D,SQ,DX,D
14:27:26,JSMR,RG,3920,7,D,SQ,BK,D
14:27:26,JSMR,RG,3920,1,D,YP,BK,D
14:27:22,JSMR,RG,3930,3,D,NI,SQ,D
14:26:39,JSMR,RG,3920,7,D,YP,BK,D
14:26:39,JSMR,RG,3920,1,D,TF,BK,D
14:26:37,JSMR,RG,3920,9,D,TF,BK,F
14:26:35,JSMR,RG,3920,10,D,TF,BK,D
14:26:33,JSMR,RG,3920,5,D,TF,BK,F
14:26:33,JSMR,RG,3920,3,D,NI,BK,F
14:26:32,JSMR,RG,3920,19,D,NI,BK,D
14:26:30,JSMR,RG,3920,15,F,AK,BK,F
14:26:28,JSMR,RG,3920,24,F,AK,BK,D
14:26:28,JSMR,RG,3930,27,D,CS,SQ,D
14:26:26,JSMR,RG,3930,9,F,BK,BK,F
14:26:26,JSMR,RG,3930,18,D,CS,CS,D
14:26:26,JSMR,RG,3930,1,D,YU,CS,D
14:26:25,JSMR,RG,3930,1,D,YU,SQ,D
14:26:25,JSMR,RG,3930,17,D,YU,SQ,D
14:26:25,JSMR,RG,3930,27,F,CC,SQ,D
14:26:24,JSMR,RG,3930,10,F,CC,BK,D
14:26:22,JSMR,RG,3930,10,F,CC,BK,F
14:26:22,JSMR,RG,3930,4,F,CC,SQ,D
14:26:22,JSMR,RG,3930,15,D,CS,SQ,D
14:26:22,JSMR,RG,3930,16,F,AK,SQ,D
14:26:21,JSMR,RG,3930,9,F,AK,BK,D
14:26:17,JSMR,RG,3930,10,F,AK,BK,D
14:26:12,JSMR,RG,3930,10,F,AK,BK,F
14:26:11,JSMR,RG,3930,35,F,AK,SQ,D
14:25:58,JSMR,RG,3930,1,F,AK,YP,D
14:25:43,JSMR,RG,3930,9,F,AK,BK,D
14:25:41,JSMR,RG,3930,9,F,AK,BK,F
14:25:40,JSMR,RG,3930,8,F,AK,BK,D
14:25:35,JSMR,RG,3930,9,F,AK,BK,F
14:25:35,JSMR,RG,3930,11,F,AK,BK,D
14:25:32,JSMR,RG,3930,10,F,AK,BK,D
14:25:32,JSMR,RG,3930,22,D,SQ,BK,D
14:25:30,JSMR,RG,3930,10,D,SQ,BK,F
14:25:29,JSMR,RG,3930,4,D,SQ,CC,D
14:25:28,JSMR,RG,3930,42,D,SQ,BK,F
14:25:27,JSMR,RG,3930,22,D,SQ,BK,D
14:25:27,JSMR,RG,3930,33,D,SQ,BK,D
14:25:24,JSMR,RG,3940,7,D,CS,SQ,D
14:25:24,JSMR,RG,3930,2,D,SQ,CS,D
14:25:24,JSMR,RG,3930,65,D,SQ,DX,D
14:25:24,JSMR,RG,3930,15,F,BK,DX,D
14:25:24,JSMR,RG,3930,78,F,BK,DX,D
14:25:23,JSMR,RG,3940,9,F,BK,SQ,D
14:25:23,JSMR,RG,3940,1,D,YU,SQ,D
14:25:23,JSMR,RG,3940,2,D,YU,BK,D
14:25:23,JSMR,RG,3940,7,D,YU,BK,D
14:25:20,JSMR,RG,3940,8,D,YU,BK,D
14:25:19,JSMR,RG,3940,6,D,YU,CS,D
14:25:18,JSMR,RG,3940,25,D,YP,OD,D
14:25:06,JSMR,RG,3940,2,D,YP,NI,D
14:24:58,JSMR,RG,3940,4,F,BK,CS,D
14:24:53,JSMR,RG,3940,9,F,BK,BK,D
14:24:53,JSMR,RG,3940,1,D,YU,BK,D
14:24:50,JSMR,RG,3940,8,D,YU,BK,D
14:24:45,JSMR,RG,3940,8,D,YU,BK,D
14:24:45,JSMR,RG,3940,2,D,YU,BK,D
14:24:45,JSMR,RG,3940,1,D,HP,BK,D
14:24:45,JSMR,RG,3940,8,F,BK,BK,D
14:24:45,JSMR,RG,3940,4,F,BK,CS,D
14:24:45,JSMR,RG,3940,1,D,CC,CS,D
14:24:45,JSMR,RG,3940,2,F,BK,CS,D
14:24:44,JSMR,RG,3940,11,F,BK,DX,D
14:24:44,JSMR,RG,3940,17,D,CS,DX,D
14:24:44,JSMR,RG,3940,2,D,CS,DX,D
14:24:44,JSMR,RG,3940,1,D,CS,DX,D
14:24:44,JSMR,RG,3940,5,D,CS,DX,D
14:24:44,JSMR,RG,3940,21,D,YU,DX,D
14:24:44,JSMR,RG,3940,2,D,YU,DX,D
14:24:44,JSMR,RG,3940,2,D,CS,DX,D
14:24:44,JSMR,RG,3940,1,D,CS,DX,D
14:24:44,JSMR,RG,3940,1,D,CS,DX,D
14:24:44,JSMR,RG,3940,1,D,CS,DX,D
14:24:44,JSMR,RG,3940,1,F,BK,DX,D
14:24:36,JSMR,RG,3940,1,F,BK,YP,D
14:24:23,JSMR,RG,3940,2,F,BK,YP,D
14:24:21,JSMR,RG,3940,9,F,BK,BK,D
14:24:17,JSMR,RG,3940,2,D,YU,CS,D
14:24:17,JSMR,RG,3940,9,D,YU,CS,D
14:23:41,JSMR,RG,3940,2,D,YU,YU,D
14:23:37,JSMR,RG,3940,9,D,YU,CS,D
14:23:12,JSMR,RG,3940,1,D,KK,BK,D
14:23:12,JSMR,RG,3940,7,F,BK,BK,D
14:23:06,JSMR,RG,3940,5,F,BK,BK,D
14:23:06,JSMR,RG,3940,4,D,CS,BK,D
14:23:05,JSMR,RG,3940,4,D,CS,CS,D
14:23:05,JSMR,RG,3940,3,D,CS,CS,D
14:23:05,JSMR,RG,3940,5,D,EP,CS,D
14:23:05,JSMR,RG,3940,1,D,CS,CS,D
14:23:02,JSMR,RG,3940,6,D,CS,BK,D
14:23:02,JSMR,RG,3940,2,F,AK,BK,D
14:23:00,JSMR,RG,3950,5,D,YU,DX,D
14:23:00,JSMR,RG,3950,36,D,YU,DX,D
14:22:57,JSMR,RG,3940,10,F,AK,BK,D
14:22:55,JSMR,RG,3940,5,F,AK,CC,D
14:22:35,JSMR,RG,3940,3,F,AK,YP,D
14:21:52,JSMR,RG,3940,9,F,AK,BK,D
14:21:49,JSMR,RG,3940,17,F,AK,DX,D
14:21:49,JSMR,RG,3940,42,F,BK,DX,D
14:21:49,JSMR,RG,3940,1,D,CS,DX,D
14:21:49,JSMR,RG,3940,4,D,CS,DX,D
14:21:49,JSMR,RG,3940,7,D,YU,DX,D
14:20:18,JSMR,RG,3950,1,D,CC,DX,D
14:19:34,JSMR,RG,3950,11,D,HP,DX,D
14:18:37,JSMR,RG,3940,2,D,YU,XC,D
14:18:28,JSMR,RG,3940,9,D,YU,BK,D
14:18:28,JSMR,RG,3940,2,D,YU,BK,D
14:18:28,JSMR,RG,3940,3,D,YU,BK,D
14:18:28,JSMR,RG,3940,21,D,YU,BK,D
14:18:26,JSMR,RG,3940,1,D,CS,AK,F
14:18:26,JSMR,RG,3940,5,D,CS,CC,D
14:18:26,JSMR,RG,3940,20,D,CS,SQ,D
14:18:26,JSMR,RG,3940,15,D,SQ,SQ,D
14:18:26,JSMR,RG,3940,58,D,SQ,BK,D
14:18:26,JSMR,RG,3940,27,D,SQ,TP,D
14:18:20,JSMR,RG,3940,6,D,YU,TP,D
14:18:20,JSMR,RG,3940,38,D,YU,TP,D
14:17:54,JSMR,RG,3930,7,F,AK,PD,D
14:17:54,JSMR,RG,3930,13,D,GR,PD,D
14:16:39,JSMR,RG,3930,43,D,GR,CS,D
14:16:38,JSMR,RG,3930,10,D,GR,BK,D
14:16:38,JSMR,RG,3930,4,D,GR,CS,D
14:16:38,JSMR,RG,3930,30,D,GR,DX,D
14:16:34,JSMR,RG,3930,19,D,CS,DX,D
14:16:33,JSMR,RG,3930,11,F,BK,DX,D
14:16:33,JSMR,RG,3930,20,F,BK,CS,D
14:16:33,JSMR,RG,3930,19,F,BK,BK,D
14:16:32,JSMR,RG,3930,50,F,BK,BK,D
14:16:09,JSMR,RG,3930,18,F,BK,BK,D
14:16:09,JSMR,RG,3930,1,F,BK,AK,F
14:16:09,JSMR,RG,3930,26,F,BK,SQ,D
14:16:08,JSMR,RG,3930,9,F,BK,SQ,D
14:16:08,JSMR,RG,3930,5,F,BK,CC,D
14:16:08,JSMR,RG,3930,40,F,BK,CS,D
14:16:08,JSMR,RG,3930,3,F,BK,BK,D
14:15:37,JSMR,RG,3930,42,F,BK,BK,D
14:15:36,JSMR,RG,3930,1,D,DR,BK,D
14:15:14,JSMR,RG,3930,24,F,BK,BK,D
14:15:14,JSMR,RG,3930,18,F,BK,SQ,D
14:15:14,JSMR,RG,3930,2,F,BK,DX,D
14:14:37,JSMR,RG,3930,55,D,SQ,DX,D
14:14:37,JSMR,RG,3930,1,D,SQ,CS,D
14:14:37,JSMR,RG,3930,14,D,SQ,CS,D
14:14:37,JSMR,RG,3930,13,D,SQ,CS,D
14:14:37,JSMR,RG,3930,2,D,SQ,AK,F
14:14:37,JSMR,RG,3930,15,D,SQ,BK,D
14:14:13,JSMR,RG,3930,51,F,BK,BK,D
14:14:13,JSMR,RG,3930,2,D,XC,BK,D
14:13:46,JSMR,RG,3930,168,F,BK,BK,D
14:13:46,JSMR,RG,3930,1,F,BK,AK,F
14:13:46,JSMR,RG,3930,1,F,BK,CS,D
14:13:46,JSMR,RG,3930,7,F,BK,CC,D
14:13:46,JSMR,RG,3930,3,F,BK,CS,D
14:13:46,JSMR,RG,3930,8,F,BK,YP,D
14:13:36,JSMR,RG,3930,82,F,BK,YP,D
14:13:36,JSMR,RG,3930,7,D,CS,YP,D
14:13:35,JSMR,RG,3930,7,D,CS,YP,D
14:13:35,JSMR,RG,3930,2,D,HP,YP,D
14:13:35,JSMR,RG,3930,6,D,CS,YP,D
14:13:35,JSMR,RG,3930,45,F,CC,YP,D
14:13:35,JSMR,RG,3930,6,D,CS,YP,D
14:13:35,JSMR,RG,3930,1,D,CS,YP,D
14:13:35,JSMR,RG,3930,18,D,YU,YP,D
14:13:35,JSMR,RG,3930,2,D,YU,YP,D
14:13:35,JSMR,RG,3930,9,F,BK,YP,D
14:13:35,JSMR,RG,3930,10,D,CS,YP,D
14:13:35,JSMR,RG,3930,56,F,BK,YP,D
14:13:35,JSMR,RG,3930,42,D,SQ,YP,D
14:13:33,JSMR,RG,3930,30,D,SQ,BK,D
14:13:31,JSMR,RG,3930,28,D,SQ,DX,D
14:13:31,JSMR,RG,3930,1,D,CS,DX,D
14:13:31,JSMR,RG,3930,1,D,YP,DX,D
14:13:31,JSMR,RG,3930,14,D,CC,DX,D
14:13:06,JSMR,RG,3930,20,D,CC,BK,D
14:13:03,JSMR,RG,3940,25,D,HP,TP,D
14:13:01,JSMR,RG,3930,41,D,CC,CS,D
14:12:31,JSMR,RG,3940,16,D,HP,TP,D
14:12:24,JSMR,RG,3930,28,D,CC,BK,D
14:11:49,JSMR,RG,3930,25,D,CC,BK,D
14:11:47,JSMR,RG,3930,72,D,CC,BK,D
14:11:47,JSMR,RG,3930,7,D,YP,BK,D
14:11:47,JSMR,RG,3930,4,D,CC,BK,D
14:11:47,JSMR,RG,3930,1,D,DR,BK,D
14:11:42,JSMR,RG,3930,1,D,DR,CS,D
14:11:41,JSMR,RG,3940,5,D,CS,CC,D
14:11:41,JSMR,RG,3940,10,D,CS,PD,D
14:11:41,JSMR,RG,3940,1,D,NI,PD,D
14:11:41,JSMR,RG,3940,3,D,CS,PD,D
14:11:41,JSMR,RG,3940,5,D,CS,PD,D
14:11:41,JSMR,RG,3940,2,D,YU,PD,D
14:11:41,JSMR,RG,3940,18,D,YU,PD,D
14:11:41,JSMR,RG,3940,41,F,AK,PD,D
14:11:41,JSMR,RG,3940,16,D,CS,PD,D
14:11:41,JSMR,RG,3940,1,D,CC,PD,D
14:11:41,JSMR,RG,3940,25,D,CC,PD,D
14:11:41,JSMR,RG,3940,1,D,NI,PD,D
14:11:41,JSMR,RG,3940,100,D,SQ,PD,D
14:11:41,JSMR,RG,3940,1,F,BK,PD,D
14:11:41,JSMR,RG,3940,6,D,HP,PD,D
14:11:41,JSMR,RG,3940,12,F,BK,PD,D
14:11:41,JSMR,RG,3940,98,F,BK,PD,D
14:11:41,JSMR,RG,3940,3,D,YU,PD,D
14:11:41,JSMR,RG,3940,20,D,YU,PD,D
14:11:41,JSMR,RG,3940,15,D,CC,PD,D
14:11:41,JSMR,RG,3940,12,D,YU,PD,D
14:11:28,JSMR,RG,3940,9,D,YU,YP,D
14:11:28,JSMR,RG,3940,3,D,YU,YP,D
14:11:28,JSMR,RG,3940,8,F,BK,YP,D
14:11:15,JSMR,RG,3940,2,F,BK,YP,D
14:11:15,JSMR,RG,3940,1,D,DR,YP,D
14:10:56,JSMR,RG,3940,18,D,DR,DX,D
14:10:54,JSMR,RG,3940,1,D,DR,KK,D
14:10:48,JSMR,RG,3950,1,D,BQ,DX,D
14:10:32,JSMR,RG,3950,9,F,BK,DX,D
14:10:32,JSMR,RG,3950,1,D,CC,DX,D
14:10:32,JSMR,RG,3950,3,D,YU,DX,D
14:10:32,JSMR,RG,3950,19,D,YU,DX,D
14:10:19,JSMR,RG,3950,1,D,YU,XC,D
14:10:13,JSMR,RG,3950,1,D,YU,YP,D
14:09:56,JSMR,RG,3950,2,D,YU,CS,D
14:09:56,JSMR,RG,3950,1,D,YU,YP,D
14:09:53,JSMR,RG,3950,15,D,YU,CC,D
14:09:47,JSMR,RG,3950,3,D,YU,CS,D
14:09:47,JSMR,RG,3950,1,D,OD,CS,D
14:09:47,JSMR,RG,3950,12,F,BK,CS,D
14:09:47,JSMR,RG,3950,22,D,CS,AG,D
14:09:47,JSMR,RG,3950,1,D,CC,AG,D
14:09:47,JSMR,RG,3950,12,F,BK,AG,D
14:09:47,JSMR,RG,3950,11,F,BK,AG,D
14:09:47,JSMR,RG,3950,54,F,AK,AG,D
14:09:39,JSMR,RG,3950,5,F,AK,CC,D
14:09:19,JSMR,RG,3950,5,F,AK,NI,D
14:08:49,JSMR,RG,3950,1,D,BQ,YJ,D
14:08:49,JSMR,RG,3950,1,D,CS,YJ,D
14:08:49,JSMR,RG,3950,20,D,CS,YJ,D
14:08:49,JSMR,RG,3950,11,F,BK,YJ,D
14:08:49,JSMR,RG,3950,1,D,CS,YJ,D
14:08:49,JSMR,RG,3950,6,D,CS,YJ,D
14:08:49,JSMR,RG,3950,34,F,BK,YJ,D
14:08:49,JSMR,RG,3950,15,F,ZP,YJ,D
14:08:49,JSMR,RG,3950,1,D,CC,YJ,D
14:08:49,JSMR,RG,3950,10,D,CP,YJ,D
14:08:20,JSMR,RG,3960,35,D,YU,BK,D
14:08:20,JSMR,RG,3960,4,D,YU,BK,D
14:06:40,JSMR,RG,3960,40,D,YU,BK,D
14:06:40,JSMR,RG,3960,5,D,YU,BK,D
14:06:37,JSMR,RG,3950,9,D,CP,SQ,D
14:06:23,JSMR,RG,3960,2,F,YU,BK,D
14:06:23,JSMR,RG,3960,62,F,YU,DX,D
14:05:05,JSMR,RG,3960,76,F,AK,DX,D
14:05:04,JSMR,RG,3960,62,F,AK,DX,D
14:05:04,JSMR,RG,3960,22,F,AK,CS,D
14:05:04,JSMR,RG,3960,10,F,AK,CS,D
14:05:04,JSMR,RG,3960,134,F,AK,BK,D
14:05:03,JSMR,RG,3960,12,F,AK,BK,D
14:05:03,JSMR,RG,3960,1,F,AK,CS,D
14:05:03,JSMR,RG,3960,15,F,AK,IP,D
14:05:03,JSMR,RG,3960,2,F,AK,CS,D
14:05:03,JSMR,RG,3960,100,F,AK,XC,D
14:05:03,JSMR,RG,3960,3,F,AK,NI,D
14:05:03,JSMR,RG,3960,95,F,AK,YP,D
14:05:02,JSMR,RG,3950,13,D,CP,CS,D
14:05:02,JSMR,RG,3950,4,D,CP,CC,D
14:05:02,JSMR,RG,3950,33,D,CP,BK,D
14:05:02,JSMR,RG,3950,6,D,CP,XC,D
14:05:00,JSMR,RG,3950,9,D,YU,XC,D
14:05:00,JSMR,RG,3950,16,D,YU,CS,D
14:05:00,JSMR,RG,3950,2,D,YU,AK,F
14:05:00,JSMR,RG,3950,11,D,YU,CC,D
14:05:00,JSMR,RG,3950,5,D,YU,CC,D
14:04:34,JSMR,RG,3950,14,D,CS,CC,D
14:04:34,JSMR,RG,3950,12,D,CS,CS,D
14:04:34,JSMR,RG,3950,10,D,CS,YP,D
14:04:33,JSMR,RG,3950,25,D,SQ,YP,D
14:04:33,JSMR,RG,3950,13,D,SQ,CS,D
14:04:33,JSMR,RG,3950,1,D,SQ,AK,F
14:04:33,JSMR,RG,3950,2,D,SQ,AK,F
14:04:33,JSMR,RG,3950,159,D,SQ,BK,D
14:04:15,JSMR,RG,3940,5,D,DR,CC,D
14:04:03,JSMR,RG,3940,1,D,DR,YP,D
14:03:49,JSMR,RG,3950,4,D,DX,BK,D
14:03:49,JSMR,RG,3950,1,D,DX,PD,D
14:03:29,JSMR,RG,3940,4,D,DR,BK,D
14:03:29,JSMR,RG,3940,5,D,YP,BK,D
14:03:29,JSMR,RG,3940,3,D,CC,BK,D
14:03:28,JSMR,RG,3940,47,D,CC,ES,D
14:03:28,JSMR,RG,3940,3,D,NI,ES,D
14:02:29,JSMR,RG,3940,3,D,NI,BK,D
14:02:29,JSMR,RG,3940,1,D,NI,BK,D
14:02:29,JSMR,RG,3940,1,D,NI,BK,D
14:02:29,JSMR,RG,3940,8,D,NI,BK,D
14:02:26,JSMR,RG,3940,1,D,NI,YP,D
14:01:37,JSMR,RG,3940,15,D,NI,BK,D
14:01:34,JSMR,RG,3950,3,F,BK,BK,D
14:01:33,JSMR,RG,3950,4,F,BK,CS,D
14:01:33,JSMR,RG,3950,4,F,BK,CC,D
14:01:33,JSMR,RG,3950,2,D,CS,CC,D
14:01:32,JSMR,RG,3950,6,D,CS,XC,D
14:01:32,JSMR,RG,3950,1,D,CS,XC,D
14:01:32,JSMR,RG,3950,12,F,BK,XC,D
14:01:32,JSMR,RG,3950,19,D,YU,XC,D
14:01:32,JSMR,RG,3950,3,D,YU,XC,D
14:01:32,JSMR,RG,3950,1,D,CC,XC,D
14:01:32,JSMR,RG,3950,3,D,KK,XC,D
14:01:18,JSMR,RG,3950,2,D,KK,CS,D
14:01:18,JSMR,RG,3950,4,F,BK,CS,D
14:01:01,JSMR,RG,3950,5,F,BK,DH,D
14:01:00,JSMR,RG,3950,1,F,BK,NI,D
14:00:48,JSMR,RG,3950,5,F,BK,CS,D
14:00:48,JSMR,RG,3950,3,D,CS,CS,D
14:00:39,JSMR,RG,3950,3,D,CS,GR,D
14:00:39,JSMR,RG,3950,4,D,CS,GR,D
14:00:39,JSMR,RG,3950,3,D,CS,GR,D
14:00:13,JSMR,RG,3950,2,D,CS,CS,D
14:00:13,JSMR,RG,3950,5,D,YU,CS,D
14:00:05,JSMR,RG,3950,1,D,YU,XC,D
13:59:51,JSMR,RG,3950,1,D,YU,NI,D
13:59:44,JSMR,RG,3950,8,D,YU,CS,D
13:59:44,JSMR,RG,3950,3,D,YU,CC,D
13:59:44,JSMR,RG,3950,2,D,YU,CC,D
13:59:44,JSMR,RG,3950,15,D,SQ,CC,D
13:59:39,JSMR,RG,3950,50,D,SQ,SQ,D
13:59:16,JSMR,RG,3950,1,D,SQ,DH,D
13:59:10,JSMR,RG,3950,18,D,SQ,CS,D
13:59:09,JSMR,RG,3950,16,D,SQ,CC,D
13:59:09,JSMR,RG,3950,9,F,BK,CC,D
13:59:09,JSMR,RG,3950,4,D,CS,CC,D
13:59:09,JSMR,RG,3950,1,D,DH,CC,D
13:59:07,JSMR,RG,3950,5,D,DH,PD,D
13:59:07,JSMR,RG,3950,1,D,DH,XC,D
13:59:06,JSMR,RG,3950,9,D,DH,AT,D
13:59:00,JSMR,RG,3950,1,D,DH,XC,D
13:58:47,JSMR,RG,3950,1,D,DH,PD,D
13:57:50,JSMR,RG,3950,19,D,DH,CS,D
13:57:32,JSMR,RG,3950,1,D,DH,XC,D
13:57:19,JSMR,RG,3950,2,D,DH,YP,D
13:57:13,JSMR,RG,3960,5,F,YU,YP,D
13:57:13,JSMR,RG,3960,18,F,YU,SQ,D
13:57:13,JSMR,RG,3960,2,F,YU,AK,F
13:57:05,JSMR,RG,3950,2,D,XC,CS,D
13:57:05,JSMR,RG,3950,1,D,XC,CS,D
13:57:05,JSMR,RG,3950,5,D,XC,CC,D
13:56:49,JSMR,RG,3950,6,D,XC,AT,D
13:56:49,JSMR,RG,3950,1,D,XC,YU,D
13:56:49,JSMR,RG,3950,1,D,XC,CS,D
13:56:49,JSMR,RG,3950,1,D,XC,YP,D
13:56:14,JSMR,RG,3950,1,D,XC,PS,D
13:56:11,JSMR,RG,3940,6,D,NI,CS,D
13:56:11,JSMR,RG,3940,13,D,CS,CS,D
13:56:11,JSMR,RG,3940,4,D,CS,CS,D
13:56:11,JSMR,RG,3950,10,D,YP,PS,D
13:56:11,JSMR,RG,3950,8,D,CS,PS,D
13:56:11,JSMR,RG,3950,4,D,CS,PS,D
13:56:11,JSMR,RG,3950,2,D,CS,PS,D
13:56:06,JSMR,RG,3950,1,D,CS,PD,D
13:56:06,JSMR,RG,3950,2,D,YU,PD,D
13:56:06,JSMR,RG,3950,2,D,YU,PD,D
13:55:47,JSMR,RG,3950,1,D,YU,YP,D
13:55:20,JSMR,RG,3950,15,D,YU,YP,D
13:55:20,JSMR,RG,3950,5,F,CC,YP,D
13:55:11,JSMR,RG,3950,2,F,CC,XC,D
13:55:02,JSMR,RG,3950,10,F,CC,PD,D
13:55:02,JSMR,RG,3950,7,F,CC,SQ,D
13:55:02,JSMR,RG,3950,18,F,BK,SQ,D
13:55:02,JSMR,RG,3950,32,D,CS,SQ,D
13:55:02,JSMR,RG,3950,17,D,YU,SQ,D
13:55:02,JSMR,RG,3950,2,D,YU,SQ,D
13:55:02,JSMR,RG,3950,3,D,YU,SQ,D
13:55:02,JSMR,RG,3950,21,D,YU,SQ,D
13:54:43,JSMR,RG,3970,2,D,CS,YP,D
13:54:41,JSMR,RG,3970,8,D,CS,YP,D
13:54:40,JSMR,RG,3970,49,D,SQ,YP,D
13:54:40,JSMR,RG,3960,11,D,SQ,CS,D
13:54:40,JSMR,RG,3960,5,D,SQ,CC,D
13:54:40,JSMR,RG,3960,35,D,SQ,IH,D
13:54:38,JSMR,RG,3960,25,D,YP,IH,D
13:54:38,JSMR,RG,3960,1,D,XC,IH,D
13:54:38,JSMR,RG,3960,1,D,CS,IH,D
13:54:38,JSMR,RG,3960,10,D,CS,IH,D
13:54:38,JSMR,RG,3960,1,D,CC,IH,D
13:54:38,JSMR,RG,3960,10,F,ZP,IH,D
13:54:38,JSMR,RG,3960,50,D,XC,IH,D
13:54:38,JSMR,RG,3960,94,F,BK,IH,D
13:54:38,JSMR,RG,3960,23,F,AK,IH,D
13:54:32,JSMR,RG,3960,2,F,AK,NI,D
13:54:14,JSMR,RG,3970,4,F,BK,YP,D
13:54:12,JSMR,RG,3970,5,D,YP,YP,D
13:54:10,JSMR,RG,3970,147,F,BK,YP,D
13:54:07,JSMR,RG,3970,1000,D,ZR,YP,D
13:54:00,JSMR,RG,3970,5,D,YU,YP,D
13:54:00,JSMR,RG,3970,36,D,YU,YP,D
13:53:45,JSMR,RG,3960,16,F,AK,CS,D
13:53:41,JSMR,RG,3960,3,F,AK,NI,D
13:53:40,JSMR,RG,3960,42,F,AK,GR,D
13:53:40,JSMR,RG,3960,7,D,CS,GR,D
13:53:40,JSMR,RG,3960,29,D,CS,GR,D
13:53:40,JSMR,RG,3960,22,D,CS,GR,D
13:53:39,JSMR,RG,3970,11,F,BK,YP,D
13:52:42,JSMR,RG,3960,1,D,CS,PD,D
13:52:40,JSMR,RG,3970,10,D,IF,YP,D
13:52:31,JSMR,RG,3970,12,F,BK,YP,D
13:52:27,JSMR,RG,3970,160,F,AK,YP,D
13:52:19,JSMR,RG,3970,2460,D,RX,YP,D
13:52:19,JSMR,RG,3970,1,D,RX,NI,D
13:52:19,JSMR,RG,3970,10,D,RX,NI,D
13:52:19,JSMR,RG,3970,50,D,RX,MU,D
13:52:19,JSMR,RG,3970,23,D,RX,SQ,D
13:52:19,JSMR,RG,3970,2,D,RX,OD,D
13:52:19,JSMR,RG,3970,25,D,RX,PD,D
13:52:19,JSMR,RG,3970,4,D,RX,PD,D
13:52:19,JSMR,RG,3970,10,D,RX,YP,D
13:52:19,JSMR,RG,3970,171,D,RX,DX,D
13:52:13,JSMR,RG,3970,29,D,RX,DX,D
13:52:13,JSMR,RG,3970,2,D,RX,DR,D
13:52:13,JSMR,RG,3970,20,D,RX,YU,D
13:52:13,JSMR,RG,3970,20,D,RX,TP,D
13:52:13,JSMR,RG,3970,2,D,RX,PD,D
13:52:13,JSMR,RG,3970,5,D,RX,PD,D
13:52:13,JSMR,RG,3970,2,D,RX,PD,D
13:52:13,JSMR,RG,3970,20,D,RX,AT,D
13:52:13,JSMR,RG,3970,10,D,RX,XC,D
13:52:13,JSMR,RG,3970,14,D,RX,AT,D
13:52:13,JSMR,RG,3970,10,D,RX,YP,D
13:52:13,JSMR,RG,3970,1,D,RX,YP,D
13:52:13,JSMR,RG,3970,2,D,RX,PD,D
13:52:13,JSMR,RG,3970,1,D,RX,YP,D
13:52:13,JSMR,RG,3970,5,D,RX,YP,D
13:52:13,JSMR,RG,3970,19,D,RX,PD,D
13:52:13,JSMR,RG,3970,3,D,RX,KK,D
13:52:13,JSMR,RG,3970,19,D,RX,CP,D
13:52:07,JSMR,RG,3960,10,D,RX,XC,D
13:52:05,JSMR,RG,3960,3,D,RX,PD,D
13:52:00,JSMR,RG,3970,39,D,YU,CP,D
13:52:00,JSMR,RG,3970,5,D,YU,CP,D
13:51:57,JSMR,RG,3960,1900,D,RX,GR,D
13:51:57,JSMR,RG,3960,6,D,RX,CC,D
13:51:57,JSMR,RG,3960,42,D,RX,CS,D
13:51:57,JSMR,RG,3960,10,D,RX,YP,D
13:51:57,JSMR,RG,3960,38,D,RX,CS,D
13:51:57,JSMR,RG,3960,37,D,RX,CC,D
13:51:57,JSMR,RG,3960,11,D,RX,PD,D
13:51:57,JSMR,RG,3960,50,D,RX,XC,D
13:51:57,JSMR,RG,3960,5,D,RX,YP,D
13:51:57,JSMR,RG,3960,10,D,RX,LS,D
13:51:57,JSMR,RG,3960,255,D,RX,ZP,D
13:51:57,JSMR,RG,3960,20,D,RX,CC,D
13:51:57,JSMR,RG,3960,4,D,RX,CS,D
13:51:57,JSMR,RG,3960,1,D,RX,XC,D
13:51:57,JSMR,RG,3960,25,D,RX,DR,D
13:51:57,JSMR,RG,3960,6,D,RX,NI,D
13:51:57,JSMR,RG,3960,2,D,RX,XC,D
13:51:57,JSMR,RG,3960,30,D,RX,IP,D
13:51:57,JSMR,RG,3960,1,D,RX,XC,D
13:51:57,JSMR,RG,3960,23,D,RX,SQ,D
13:51:57,JSMR,RG,3960,1,D,RX,OD,D
13:51:57,JSMR,RG,3960,5,D,RX,SQ,D
13:51:57,JSMR,RG,3960,1,D,RX,XC,D
13:51:57,JSMR,RG,3960,10,D,RX,PD,D
13:51:57,JSMR,RG,3960,1,D,RX,CC,D
13:51:57,JSMR,RG,3960,300,D,RX,DX,D
13:51:57,JSMR,RG,3960,50,D,RX,YP,D
13:51:57,JSMR,RG,3960,50,D,RX,YP,D
13:51:57,JSMR,RG,3960,3,D,RX,KK,D
13:51:57,JSMR,RG,3960,9,D,RX,PD,D
13:51:57,JSMR,RG,3960,5,D,RX,YP,D
13:51:57,JSMR,RG,3960,10,D,RX,CC,D
13:51:57,JSMR,RG,3960,25,D,RX,CC,D
13:51:57,JSMR,RG,3960,250,D,RX,YP,D
13:51:57,JSMR,RG,3960,11,D,RX,XC,D
13:51:57,JSMR,RG,3960,10,D,RX,XC,D
13:51:57,JSMR,RG,3960,200,D,RX,SQ,D
13:51:57,JSMR,RG,3960,1,D,RX,YP,D
13:51:57,JSMR,RG,3960,2,D,RX,PD,D
13:51:57,JSMR,RG,3960,1,D,RX,EP,D
13:51:57,JSMR,RG,3960,4,D,RX,PD,D
13:51:57,JSMR,RG,3960,15,D,RX,PD,D
13:51:57,JSMR,RG,3960,2,D,RX,DH,D
13:51:57,JSMR,RG,3960,5,D,RX,PD,D
13:51:57,JSMR,RG,3960,1,D,RX,CC,D
13:51:57,JSMR,RG,3960,10,D,RX,YP,D
13:51:57,JSMR,RG,3960,1,D,RX,YP,D
13:51:57,JSMR,RG,3960,5,D,RX,CC,D
13:51:57,JSMR,RG,3960,2339,D,RX,PD,D
13:51:45,JSMR,RG,3950,290,D,RX,PD,D
13:51:44,JSMR,RG,3960,1,D,CC,PD,D
13:51:37,JSMR,RG,3950,5,D,RX,GR,D
13:51:30,JSMR,RG,3950,5,D,RX,OD,D
13:51:28,JSMR,RG,3960,11,F,BK,PD,D
13:51:28,JSMR,RG,3950,1,D,RX,XC,D
13:51:17,JSMR,RG,3950,10,D,RX,PD,D
13:51:01,JSMR,RG,3950,3,D,RX,PD,D
13:51:00,JSMR,RG,3950,3,D,RX,PD,D
13:50:59,JSMR,RG,3950,1,D,RX,YP,D
13:50:29,JSMR,RG,3960,11,F,BK,PD,D
13:50:00,JSMR,RG,3960,9,F,BK,PD,D
13:50:00,JSMR,RG,3960,5,D,YU,PD,D
13:50:00,JSMR,RG,3960,1,D,PD,PD,D
13:50:00,JSMR,RG,3960,23,D,YU,PD,D
13:50:00,JSMR,RG,3960,1,D,YU,DH,D
13:50:00,JSMR,RG,3960,14,D,YU,SQ,D
13:49:55,JSMR,RG,3960,10,F,BK,SQ,D
13:49:53,JSMR,RG,3960,6,F,YU,SQ,D
13:49:53,JSMR,RG,3960,17,F,YU,PD,D
13:49:53,JSMR,RG,3960,25,F,YU,PS,D
13:49:49,JSMR,RG,3960,10,F,BK,PS,D
13:49:47,JSMR,RG,3960,65,F,BK,PS,D
13:49:47,JSMR,RG,3960,5,F,BK,YP,D
13:49:46,JSMR,RG,3950,1,D,RX,CC,D
13:49:46,JSMR,RG,3950,10,D,RX,CC,D
13:49:46,JSMR,RG,3950,10,D,RX,KK,D
13:49:46,JSMR,RG,3950,1,D,RX,KK,D
13:49:46,JSMR,RG,3950,1,D,RX,XC,D
13:49:46,JSMR,RG,3950,10,D,RX,CC,D
13:49:46,JSMR,RG,3950,20,D,RX,IP,D
13:49:46,JSMR,RG,3950,4,D,RX,CC,D
13:49:46,JSMR,RG,3950,10,D,RX,PD,D
13:49:46,JSMR,RG,3950,20,D,RX,NI,D
13:49:46,JSMR,RG,3950,5,D,RX,YP,D
13:49:46,JSMR,RG,3950,3,D,RX,AK,F
13:49:46,JSMR,RG,3950,1,D,RX,DR,D
13:49:46,JSMR,RG,3950,100,D,RX,CC,D
13:49:46,JSMR,RG,3950,5,D,RX,YU,D
13:49:46,JSMR,RG,3950,6,D,RX,XC,D
13:49:46,JSMR,RG,3950,35,D,RX,CS,D
13:49:46,JSMR,RG,3950,23,D,RX,SQ,D
13:49:46,JSMR,RG,3950,5,D,RX,XC,D
13:49:46,JSMR,RG,3950,1,D,RX,CC,D
13:49:46,JSMR,RG,3950,1,D,RX,XC,D
13:49:46,JSMR,RG,3950,119,D,RX,CS,D
13:49:46,JSMR,RG,3950,9,D,RX,SQ,D
13:49:46,JSMR,RG,3950,1,D,RX,AK,F
13:49:46,JSMR,RG,3950,2,D,RX,XC,D
13:49:46,JSMR,RG,3950,5,D,RX,CC,D
13:49:46,JSMR,RG,3950,11,D,RX,XC,D
13:49:46,JSMR,RG,3950,1,D,RX,OD,D
13:49:46,JSMR,RG,3950,11,D,RX,PD,D
13:49:46,JSMR,RG,3950,3,D,RX,YP,D
13:49:46,JSMR,RG,3950,92,D,RX,CC,D
13:49:45,JSMR,RG,3950,8,F,BK,CC,D
13:49:14,JSMR,RG,3950,9,F,BK,CC,D
13:49:11,JSMR,RG,3950,17,F,BK,CC,D
13:49:09,JSMR,RG,3950,75,D,SQ,CC,D
13:49:09,JSMR,RG,3950,10,D,SQ,KK,D
13:49:09,JSMR,RG,3950,21,D,SQ,SQ,D
13:49:09,JSMR,RG,3950,50,D,SQ,PD,D
13:49:09,JSMR,RG,3950,20,D,SQ,TF,D
13:49:09,JSMR,RG,3950,1,D,SQ,PD,D
13:49:09,JSMR,RG,3950,50,D,SQ,NI,D
13:49:09,JSMR,RG,3950,73,D,SQ,LG,D
13:49:06,JSMR,RG,3940,10,F,AK,GR,D
13:48:47,JSMR,RG,3950,11,F,BK,LG,D
13:48:45,JSMR,RG,3940,23,F,AK,SQ,D
13:48:40,JSMR,RG,3940,1,F,AK,YP,D
13:48:33,JSMR,RG,3950,8,D,DR,LG,D
13:48:13,JSMR,RG,3940,5,F,AK,CC,D
13:48:10,JSMR,RG,3950,8,D,CS,LG,D
13:48:10,JSMR,RG,3950,1,D,CS,DH,D
13:48:10,JSMR,RG,3950,25,D,CS,CC,D
13:48:10,JSMR,RG,3950,4,D,CS,XC,D
13:48:10,JSMR,RG,3950,5,D,CS,DH,D
13:48:10,JSMR,RG,3950,4,D,CS,XC,D
13:48:10,JSMR,RG,3950,2,D,CS,YP,D
13:48:10,JSMR,RG,3950,2,D,CS,OD,D
13:48:10,JSMR,RG,3950,6,D,CS,PD,D
13:48:10,JSMR,RG,3950,19,D,CS,PD,D
13:48:10,JSMR,RG,3950,4,D,CS,CC,D
13:47:53,JSMR,RG,3950,10,F,BK,CC,D
13:47:30,JSMR,RG,3950,11,D,YU,CC,D
13:47:30,JSMR,RG,3950,1,D,YU,YP,D
13:47:30,JSMR,RG,3950,5,D,YU,CP,D
13:47:30,JSMR,RG,3950,1,D,YU,OD,D
13:47:30,JSMR,RG,3950,20,D,YU,PD,D
13:47:30,JSMR,RG,3950,2,D,YU,CC,D
13:47:30,JSMR,RG,3950,3,D,YU,CC,D
13:47:30,JSMR,RG,3950,3,D,YU,DX,D
13:47:04,JSMR,RG,3950,10,F,BK,DX,D
13:47:02,JSMR,RG,3950,1,D,DH,DX,D
13:46:46,JSMR,RG,3950,154,F,BK,DX,D
13:46:44,JSMR,RG,3950,332,D,YP,DX,D
13:46:44,JSMR,RG,3950,1,D,YP,CC,D
13:46:44,JSMR,RG,3950,1,D,YP,SQ,D
13:46:44,JSMR,RG,3950,1,D,YP,XC,D
13:46:44,JSMR,RG,3950,1,D,YP,ZP,D
13:46:44,JSMR,RG,3950,5,D,YP,TP,D
13:46:44,JSMR,RG,3950,250,D,YP,IT,D
13:46:44,JSMR,RG,3950,1,D,YP,PD,D
13:46:44,JSMR,RG,3950,20,D,YP,NI,D
13:46:44,JSMR,RG,3950,1000,D,YP,OD,D
13:46:44,JSMR,RG,3950,1,D,YP,YP,D
13:46:40,JSMR,RG,3940,8,F,AK,SQ,D
13:46:21,JSMR,RG,3940,22,F,AK,SQ,D
13:46:18,JSMR,RG,3950,9,F,BK,YP,D
13:46:06,JSMR,RG,3940,3,F,AK,EP,D
13:46:06,JSMR,RG,3940,7,D,CS,EP,D
13:46:02,JSMR,RG,3950,1,D,CC,YP,D
13:45:37,JSMR,RG,3950,1,F,BK,XL,D
13:45:37,JSMR,RG,3950,7,F,BK,PD,D
13:45:31,JSMR,RG,3940,7,D,YP,CC,D
13:45:09,JSMR,RG,3940,25,D,YP,CC,D
13:45:00,JSMR,RG,3950,9,D,YU,PD,D
13:45:00,JSMR,RG,3950,5,D,YU,YP,D
13:45:00,JSMR,RG,3950,20,D,YU,YJ,D
13:45:00,JSMR,RG,3950,5,D,YU,YJ,D
13:44:50,JSMR,RG,3950,35,D,HP,YJ,D
13:44:39,JSMR,RG,3940,3,D,YP,XC,D
13:44:36,JSMR,RG,3950,12,F,BK,YJ,D
13:44:31,JSMR,RG,3940,3,D,YP,XC,D
13:44:02,JSMR,RG,3940,8,D,YP,EP,D
13:43:50,JSMR,RG,3950,9,F,BK,YJ,D
13:43:16,JSMR,RG,3950,10,D,YP,YJ,D
13:43:10,JSMR,RG,3950,9,F,BK,YJ,D
13:43:04,JSMR,RG,3940,1,D,YP,SQ,D
13:43:04,JSMR,RG,3940,1,D,YP,KK,D
13:43:04,JSMR,RG,3940,1,D,YP,KK,D
13:43:04,JSMR,RG,3940,1,D,YP,OD,D
13:43:04,JSMR,RG,3940,1,D,YP,AK,F
13:43:04,JSMR,RG,3940,100,D,YP,XA,D
13:43:04,JSMR,RG,3940,10,D,YP,CC,D
13:43:04,JSMR,RG,3940,8,D,YP,PD,D
13:43:04,JSMR,RG,3940,1,D,YP,OD,D
13:43:04,JSMR,RG,3940,1,D,YP,YP,D
13:43:04,JSMR,RG,3940,24,D,YP,XC,D
13:43:04,JSMR,RG,3940,25,D,YP,CC,D
13:43:04,JSMR,RG,3940,2,D,YP,YP,D
13:43:04,JSMR,RG,3940,102,D,YP,CC,D
13:43:04,JSMR,RG,3940,445,D,YP,ZP,D
13:43:04,JSMR,RG,3940,50,D,YP,CC,D
13:43:04,JSMR,RG,3940,25,D,YP,EP,D
13:43:04,JSMR,RG,3940,25,D,YP,CC,D
13:43:04,JSMR,RG,3940,9,D,YP,PD,D
13:43:04,JSMR,RG,3940,10,D,YP,NI,D
13:43:04,JSMR,RG,3940,10,D,YP,PD,D
13:43:04,JSMR,RG,3940,200,D,YP,YP,D
13:43:04,JSMR,RG,3940,1,D,YP,YP,D
13:43:04,JSMR,RG,3940,3,D,YP,PD,D
13:43:04,JSMR,RG,3940,8,D,YP,PD,D
13:43:04,JSMR,RG,3940,400,D,YP,DX,D
13:43:04,JSMR,RG,3940,11,D,YP,CC,D
13:43:04,JSMR,RG,3940,1,D,YP,PD,D
13:43:04,JSMR,RG,3940,8,D,YP,YP,D
13:43:04,JSMR,RG,3940,3,D,YP,AZ,D
13:43:04,JSMR,RG,3940,125,D,YP,NI,D
13:43:04,JSMR,RG,3940,5,D,YP,DR,D
13:43:04,JSMR,RG,3940,10,D,YP,YP,D
13:43:04,JSMR,RG,3940,25,D,YP,YP,D
13:43:04,JSMR,RG,3940,2,D,YP,YP,D
13:43:04,JSMR,RG,3940,10,D,YP,PD,D
13:43:04,JSMR,RG,3940,1,D,YP,KK,D
13:43:04,JSMR,RG,3940,50,D,YP,PD,D
13:43:04,JSMR,RG,3940,1,D,YP,YP,D
13:43:04,JSMR,RG,3940,1,D,YP,CC,D
13:43:04,JSMR,RG,3940,11,D,YP,NI,D
13:43:04,JSMR,RG,3940,10,D,YP,YP,D
13:43:04,JSMR,RG,3940,5,D,YP,CC,D
13:43:04,JSMR,RG,3940,1,D,YP,PD,D
13:43:04,JSMR,RG,3940,10,D,YP,LG,D
13:43:04,JSMR,RG,3940,5,D,YP,YP,D
13:43:04,JSMR,RG,3940,1,D,YP,PD,D
13:43:04,JSMR,RG,3940,13,D,YP,RF,D
13:42:23,JSMR,RG,3940,228,F,AK,RF,D
13:42:22,JSMR,RG,3940,2,D,XC,RF,D
13:42:05,JSMR,RG,3940,15,D,YP,RF,D
13:42:01,JSMR,RG,3940,14,F,BK,RF,D
13:41:46,JSMR,RG,3940,228,F,AK,RF,D
13:41:41,JSMR,RG,3930,51,D,YP,CS,D
13:41:41,JSMR,RG,3930,3,D,YP,KK,D
13:41:41,JSMR,RG,3930,54,D,YP,CS,D
13:41:41,JSMR,RG,3930,1,D,YP,XC,D
13:41:41,JSMR,RG,3930,5,D,YP,CC,D
13:41:41,JSMR,RG,3930,15,D,YP,CS,D
13:41:41,JSMR,RG,3930,25,D,YP,XC,D
13:41:41,JSMR,RG,3930,1,D,YP,AK,F
13:41:41,JSMR,RG,3930,1,D,YP,KK,D
13:41:41,JSMR,RG,3930,18,D,YP,CS,D
13:41:41,JSMR,RG,3930,30,D,YP,CC,D
13:41:41,JSMR,RG,3930,1,D,YP,AT,D
13:41:41,JSMR,RG,3930,18,D,YP,CS,D
13:41:41,JSMR,RG,3930,5,D,YP,CS,D
13:41:41,JSMR,RG,3930,8,D,YP,CS,D
13:41:41,JSMR,RG,3930,18,D,YP,CS,D
13:41:41,JSMR,RG,3930,29,D,YP,BQ,D
13:41:41,JSMR,RG,3930,2,D,YP,DR,D
13:41:41,JSMR,RG,3930,10,D,YP,CS,D
13:41:41,JSMR,RG,3930,15,D,YP,PD,D
13:41:41,JSMR,RG,3930,13,D,YP,YU,D
13:41:41,JSMR,RG,3930,18,D,YP,CS,D
13:41:41,JSMR,RG,3930,4,D,YP,CS,D
13:41:41,JSMR,RG,3930,7,D,YP,YP,D
13:41:41,JSMR,RG,3930,15,D,YP,YP,D
13:41:41,JSMR,RG,3930,16,D,YP,NI,D
13:41:41,JSMR,RG,3930,15,D,YP,CS,D
13:41:41,JSMR,RG,3930,5,D,YP,CS,D
13:41:41,JSMR,RG,3930,1,D,YP,KK,D
13:41:41,JSMR,RG,3930,14,D,YP,CS,D
13:41:41,JSMR,RG,3930,200,D,YP,DX,D
13:41:41,JSMR,RG,3930,14,D,YP,CS,D
13:41:41,JSMR,RG,3930,3,D,YP,CS,D
13:41:41,JSMR,RG,3930,12,D,YP,CS,D
13:41:41,JSMR,RG,3930,28,D,YP,XC,D
13:41:41,JSMR,RG,3930,2,D,YP,XC,D
13:41:41,JSMR,RG,3930,1,D,YP,PD,D
13:41:41,JSMR,RG,3930,15,D,YP,CS,D
13:41:41,JSMR,RG,3930,2,D,YP,AK,F
13:41:41,JSMR,RG,3930,3,D,YP,CC,D
13:41:41,JSMR,RG,3930,12,D,YP,AT,D
13:41:41,JSMR,RG,3930,68,D,YP,GR,D
13:41:41,JSMR,RG,3930,228,F,AK,GR,D
13:41:40,JSMR,RG,3930,40,D,YU,GR,D
13:41:40,JSMR,RG,3930,4,D,YU,GR,D
13:41:36,JSMR,RG,3930,84,D,CS,GR,D
13:41:06,JSMR,RG,3930,1,D,DH,GR,D
13:40:18,JSMR,RG,3930,1,D,CC,GR,D
13:40:13,JSMR,RG,3920,5,F,AK,CC,D
13:39:00,JSMR,RG,3930,5,D,YU,GR,D
13:39:00,JSMR,RG,3930,37,D,YU,GR,D
13:37:43,JSMR,RG,3920,1,F,AK,XC,D
13:37:27,JSMR,RG,3920,4,F,AK,CC,D
13:37:09,JSMR,RG,3930,140,D,SQ,GR,D
13:37:00,JSMR,RG,3930,37,D,YU,GR,D
13:37:00,JSMR,RG,3930,6,D,YU,GR,D
13:36:41,JSMR,RG,3930,228,F,AK,GR,D
13:36:36,JSMR,RG,3930,121,F,AK,GR,D
13:36:36,JSMR,RG,3930,1,F,AK,PD,D
13:36:36,JSMR,RG,3930,100,F,AK,LG,D
13:36:36,JSMR,RG,3930,6,F,AK,XC,D
13:35:00,JSMR,RG,3930,1,D,YU,XC,D
13:35:00,JSMR,RG,3930,4,D,YU,DX,D
13:35:00,JSMR,RG,3930,40,D,YU,DX,D
13:34:31,JSMR,RG,3930,228,F,AK,DX,D
13:34:18,JSMR,RG,3930,28,F,AK,DX,D
13:34:18,JSMR,RG,3930,1,F,AK,DH,D
13:34:18,JSMR,RG,3930,5,F,AK,CC,D
13:34:18,JSMR,RG,3930,20,F,AK,IP,D
13:34:18,JSMR,RG,3930,10,F,AK,PD,D
13:34:18,JSMR,RG,3930,5,F,AK,PD,D
13:34:18,JSMR,RG,3930,6,F,AK,DR,D
13:34:18,JSMR,RG,3930,30,F,AK,CC,D
13:34:18,JSMR,RG,3930,5,F,AK,SQ,D
13:34:18,JSMR,RG,3930,1,F,AK,YP,D
13:34:18,JSMR,RG,3930,10,F,AK,YP,D
13:34:18,JSMR,RG,3930,15,F,AK,PD,D
13:34:18,JSMR,RG,3930,92,F,AK,DX,D
13:34:16,JSMR,RG,3930,68,F,AK,DX,D
13:34:16,JSMR,RG,3930,5,F,AK,XC,D
13:34:16,JSMR,RG,3930,155,F,AK,PD,D
13:34:15,JSMR,RG,3930,200,D,RX,PD,D
13:34:08,JSMR,RG,3930,145,D,RX,PD,D
13:34:08,JSMR,RG,3930,1,D,RX,YP,D
13:34:08,JSMR,RG,3930,5,D,RX,YP,D
13:34:08,JSMR,RG,3930,1,D,RX,PD,D
13:34:08,JSMR,RG,3930,15,D,RX,CC,D
13:34:08,JSMR,RG,3930,33,D,RX,DX,D
13:34:04,JSMR,RG,3930,167,D,RX,DX,D
13:34:04,JSMR,RG,3930,10,D,RX,CC,D
13:34:04,JSMR,RG,3930,1,D,RX,CC,D
13:34:04,JSMR,RG,3930,5,D,RX,PD,D
13:34:04,JSMR,RG,3930,25,D,RX,CC,D
13:34:04,JSMR,RG,3930,5,D,RX,YP,D
13:34:04,JSMR,RG,3930,10,D,RX,PD,D
13:34:04,JSMR,RG,3930,5,D,RX,TP,D
13:34:04,JSMR,RG,3930,10,D,RX,RO,D
13:34:04,JSMR,RG,3930,30,D,RX,IP,D
13:34:04,JSMR,RG,3930,1,D,RX,XC,D
13:34:04,JSMR,RG,3930,1,D,RX,PD,D
13:34:04,JSMR,RG,3930,30,D,RX,SQ,D
13:33:49,JSMR,RG,3920,7,F,BK,DX,D
13:33:49,JSMR,RG,3920,111,F,YU,DX,D
13:33:49,JSMR,RG,3920,10,D,CS,DX,D
13:33:49,JSMR,RG,3920,4,D,CS,DX,D
13:33:49,JSMR,RG,3920,53,F,BK,DX,D
13:33:49,JSMR,RG,3920,5,F,BK,DX,D
13:33:49,JSMR,RG,3920,10,D,CS,DX,D
13:33:36,JSMR,RG,3930,1,D,KK,PD,D
13:33:36,JSMR,RG,3930,11,D,KK,AT,D
13:33:35,JSMR,RG,3930,7,D,YU,AT,D
13:33:35,JSMR,RG,3930,12,D,YU,AT,D
13:33:35,JSMR,RG,3930,1,D,YU,DR,D
13:33:35,JSMR,RG,3930,30,D,YU,YU,D
13:33:35,JSMR,RG,3930,5,D,YU,YP,D
13:33:35,JSMR,RG,3930,1,D,YU,PD,D
13:32:53,JSMR,RG,3920,6,D,YU,CC,D
13:32:53,JSMR,RG,3920,2,D,YU,XC,D
13:32:44,JSMR,RG,3920,1,D,CS,CS,D
13:32:44,JSMR,RG,3920,1,D,CS,YP,D
13:32:44,JSMR,RG,3920,1,D,CS,AK,F
13:32:43,JSMR,RG,3920,10,D,CC,AK,F
13:32:43,JSMR,RG,3920,15,D,CC,CC,D
13:32:08,JSMR,RG,3910,5,D,CS,PD,D
13:32:05,JSMR,RG,3920,10,D,YP,CC,D
13:32:03,JSMR,RG,3920,1,D,CS,CC,D
13:32:03,JSMR,RG,3920,5,D,CS,PD,D
13:31:35,JSMR,RG,3920,5,D,YP,PD,D
13:31:35,JSMR,RG,3920,1,D,YP,PD,D
13:31:35,JSMR,RG,3920,2,D,YP,OD,D
13:31:30,JSMR,RG,3920,1,D,CS,CC,D
13:31:30,JSMR,RG,3920,7,D,CS,PD,D
13:30:49,JSMR,RG,3920,8,D,CS,PD,D
13:30:29,JSMR,RG,3920,6,D,EP,PD,D
13:30:22,JSMR,RG,3920,37,F,BK,PD,D
13:30:18,JSMR,RG,3920,42,F,BK,PD,D
13:30:18,JSMR,RG,3920,5,F,BK,PD,D
13:30:18,JSMR,RG,3920,30,F,BK,DH,D
13:30:18,JSMR,RG,3920,25,F,BK,DR,D
13:30:18,JSMR,RG,3920,55,F,BK,AI,D
13:30:18,JSMR,RG,3920,2,F,BK,YB,D
13:30:18,JSMR,RG,3920,19,F,BK,CS,D
13:30:18,JSMR,RG,3920,4,F,BK,CC,D
13:30:18,JSMR,RG,3920,46,F,BK,CS,D
13:30:15,JSMR,RG,3920,20,F,AK,CS,D
13:30:15,JSMR,RG,3920,23,F,AK,CS,D
13:30:15,JSMR,RG,3920,49,F,AK,NI,D
13:30:15,JSMR,RG,3920,18,F,AK,NI,D
13:30:15,JSMR,RG,3920,42,F,AK,CS,D
13:30:15,JSMR,RG,3920,9,F,AK,DX,D
13:30:14,JSMR,RG,3920,5,D,CC,DX,D
13:30:11,JSMR,RG,3920,3,D,XC,DX,D
13:30:07,JSMR,RG,3920,2,D,OD,DX,D
13:30:07,JSMR,RG,3920,10,D,PD,DX,D
13:30:06,JSMR,RG,3920,49,D,CS,DX,D
13:30:05,JSMR,RG,3920,122,F,BK,DX,D
13:30:05,JSMR,RG,3920,10,F,BK,CC,D
13:30:05,JSMR,RG,3920,6,F,BK,YP,D
13:30:05,JSMR,RG,3920,25,F,BK,CC,D
13:30:05,JSMR,RG,3920,30,F,BK,CS,D
13:30:05,JSMR,RG,3920,17,F,BK,CS,D
13:30:05,JSMR,RG,3920,4,F,BK,CS,D
13:30:05,JSMR,RG,3920,4,F,BK,CS,D
13:30:05,JSMR,RG,3920,10,F,BK,CS,D
13:30:04,JSMR,RG,3920,10,D,KK,CS,D
13:30:04,JSMR,RG,3920,5,D,KK,CS,D
13:30:04,JSMR,RG,3920,2,D,YU,CS,D
13:30:04,JSMR,RG,3920,17,D,YU,CS,D
13:30:04,JSMR,RG,3920,2,D,YU,DX,D
13:30:03,JSMR,RG,3920,2,D,PD,DX,D
13:30:03,JSMR,RG,3920,1,D,PD,DX,D
11:29:06,JSMR,RG,3920,9,F,BK,DX,D
11:28:25,JSMR,RG,3920,8,F,BK,DX,D
11:27:24,JSMR,RG,3920,9,F,BK,DX,D
11:27:17,JSMR,RG,3920,6,D,KK,DX,D
11:27:11,JSMR,RG,3920,1,D,CC,DX,D
11:26:42,JSMR,RG,3920,8,F,BK,DX,D
11:26:28,JSMR,RG,3920,2,D,PD,DX,D
11:26:01,JSMR,RG,3920,1,D,CC,DX,D
11:25:59,JSMR,RG,3920,15,D,AZ,DX,D
11:25:43,JSMR,RG,3920,9,F,BK,DX,D
11:25:28,JSMR,RG,3920,33,D,CS,DX,D
11:25:02,JSMR,RG,3920,9,F,BK,DX,D
11:24:30,JSMR,RG,3920,11,D,YU,DX,D
11:24:30,JSMR,RG,3920,74,D,YU,DX,D
11:24:30,JSMR,RG,3920,5,D,YU,YP,D
11:24:30,JSMR,RG,3920,2,D,YU,OD,D
11:22:40,JSMR,RG,3920,7,D,YU,OD,D
11:22:40,JSMR,RG,3920,41,D,YU,OD,D
11:22:40,JSMR,RG,3920,16,D,YU,CS,D
11:22:05,JSMR,RG,3920,7,D,CS,CS,D
11:22:05,JSMR,RG,3920,15,D,CS,SQ,D
11:22:05,JSMR,RG,3920,6,D,CS,CS,D
11:22:05,JSMR,RG,3920,7,D,CS,CS,D
11:22:05,JSMR,RG,3920,1,D,CS,OD,D
11:21:52,JSMR,RG,3920,30,D,CC,OD,D
11:17:58,JSMR,RG,3920,1,D,PD,OD,D
11:17:29,JSMR,RG,3920,4,D,CS,OD,D
11:17:29,JSMR,RG,3920,6,D,CS,OD,D
11:17:29,JSMR,RG,3920,8,F,BK,OD,D
11:17:14,JSMR,RG,3920,4,F,BK,CC,D
11:16:36,JSMR,RG,3920,5,F,BK,XC,D
11:16:14,JSMR,RG,3920,2,D,RX,AZ,D
11:16:04,JSMR,RG,3920,100,D,RX,AG,D
11:16:02,JSMR,RG,3920,98,D,RX,AG,D
11:16:02,JSMR,RG,3920,3,D,CS,AG,D
11:16:02,JSMR,RG,3920,4,D,CS,AG,D
11:16:02,JSMR,RG,3920,44,F,CC,AG,D
11:16:02,JSMR,RG,3920,26,F,BK,AG,D
11:16:02,JSMR,RG,3920,1,D,CS,AG,D
11:16:02,JSMR,RG,3920,2,D,CS,AG,D
11:16:02,JSMR,RG,3920,22,D,YU,AG,D
11:15:40,JSMR,RG,3920,1,D,YU,PD,D
11:15:14,JSMR,RG,3920,1,D,YU,EP,D
11:15:14,JSMR,RG,3920,3,D,YU,EP,D
11:15:05,JSMR,RG,3920,4,D,YU,EP,D
11:15:03,JSMR,RG,3920,1,D,YU,YP,D
11:15:02,JSMR,RG,3920,4,D,YU,CS,D
11:15:01,JSMR,RG,3920,7,D,YU,CS,D
11:15:01,JSMR,RG,3920,9,D,YU,CS,D
11:15:01,JSMR,RG,3920,3,D,YU,CS,D
11:15:01,JSMR,RG,3920,4,D,YU,CS,D
11:15:01,JSMR,RG,3920,2,D,CS,CS,D
11:15:01,JSMR,RG,3920,1,D,CS,CS,D
11:15:00,JSMR,RG,3920,7,D,CS,CS,D
11:15:00,JSMR,RG,3920,2,D,CS,CS,D
11:15:00,JSMR,RG,3920,7,D,YU,CS,D
11:15:00,JSMR,RG,3920,9,D,YU,CS,D
11:15:00,JSMR,RG,3920,1,D,YU,KK,D
11:15:00,JSMR,RG,3920,8,D,YU,CC,D
11:15:00,JSMR,RG,3920,5,D,YU,CC,D
11:15:00,JSMR,RG,3920,20,D,YU,CC,D
11:15:00,JSMR,RG,3920,1,D,YU,AK,F
11:15:00,JSMR,RG,3920,3,D,YU,NI,D
11:15:00,JSMR,RG,3920,1,D,YU,AK,F
11:15:00,JSMR,RG,3920,1,D,YU,XC,D
11:15:00,JSMR,RG,3920,4,D,YU,CS,D
11:14:35,JSMR,RG,3920,1,D,CC,CS,D
11:14:33,JSMR,RG,3920,8,D,CS,CS,D
11:14:32,JSMR,RG,3920,2,D,SQ,CS,D
11:14:32,JSMR,RG,3920,98,D,SQ,DX,D
11:13:23,JSMR,RG,3920,26,D,CS,DX,D
11:13:18,JSMR,RG,3920,15,D,YP,DX,D
11:12:30,JSMR,RG,3920,61,F,AK,DX,D
11:12:30,JSMR,RG,3920,1,F,AK,AK,F
11:12:30,JSMR,RG,3920,5,F,AK,OD,D
11:12:30,JSMR,RG,3920,1,F,AK,XC,D
11:12:30,JSMR,RG,3920,1,F,AK,DH,D
11:12:30,JSMR,RG,3920,15,F,AK,YP,D
11:12:30,JSMR,RG,3920,8,F,AK,CS,D
11:12:27,JSMR,RG,3920,24,D,SQ,CS,D
11:12:27,JSMR,RG,3920,5,D,SQ,YP,D
11:12:27,JSMR,RG,3920,1,D,SQ,SQ,D
11:12:27,JSMR,RG,3920,1,D,SQ,AK,F
11:12:27,JSMR,RG,3920,37,D,SQ,CS,D
11:12:27,JSMR,RG,3920,132,D,SQ,DX,D
11:10:37,JSMR,RG,3920,168,D,RX,DX,D
11:10:37,JSMR,RG,3920,24,D,RX,CC,D
11:10:37,JSMR,RG,3920,2,D,RX,DH,D
11:10:37,JSMR,RG,3920,1,D,RX,AK,F
11:10:37,JSMR,RG,3920,54,D,RX,CS,D
11:10:37,JSMR,RG,3920,18,D,RX,IF,D
11:10:37,JSMR,RG,3920,1,D,RX,DH,D
11:10:37,JSMR,RG,3920,2,D,RX,XC,D
11:10:37,JSMR,RG,3920,30,D,RX,PD,D
11:10:28,JSMR,RG,3920,20,D,RX,PD,D
11:10:28,JSMR,RG,3920,14,D,RX,CS,D
11:10:28,JSMR,RG,3920,1,D,RX,AK,F
11:10:28,JSMR,RG,3920,26,D,RX,CS,D
11:10:28,JSMR,RG,3920,10,D,RX,PD,D
11:10:28,JSMR,RG,3920,7,D,RX,CS,D
11:10:28,JSMR,RG,3920,1,D,RX,CS,D
11:10:28,JSMR,RG,3920,10,D,RX,PD,D
11:10:28,JSMR,RG,3920,10,D,RX,AT,D
11:10:28,JSMR,RG,3920,60,D,RX,EP,D
11:10:28,JSMR,RG,3920,10,D,RX,YB,D
11:10:28,JSMR,RG,3920,54,D,RX,XC,D
11:10:28,JSMR,RG,3920,1,D,RX,PD,D
11:10:28,JSMR,RG,3920,76,D,RX,DX,D
11:10:10,JSMR,RG,3920,224,D,RX,DX,D
11:10:10,JSMR,RG,3920,3,D,RX,CC,D
11:10:10,JSMR,RG,3920,4,D,RX,YJ,D
11:10:10,JSMR,RG,3920,9,D,RX,SQ,D
11:10:10,JSMR,RG,3920,50,D,RX,KK,D
11:10:10,JSMR,RG,3920,5,D,RX,SQ,D
11:10:10,JSMR,RG,3920,5,D,RX,XC,D
11:10:00,JSMR,RG,3920,3,D,YU,CC,D
11:10:00,JSMR,RG,3920,5,D,YU,YP,D
11:10:00,JSMR,RG,3920,15,D,YU,XC,D
11:10:00,JSMR,RG,3920,1,D,YU,NI,D
11:10:00,JSMR,RG,3920,5,D,YU,YP,D
11:10:00,JSMR,RG,3920,30,D,YU,YP,D
11:10:00,JSMR,RG,3920,3,D,YU,ZP,D
11:08:53,JSMR,RG,3920,1,D,CC,ZP,D
11:08:15,JSMR,RG,3910,23,F,YU,CC,D
11:08:05,JSMR,RG,3910,100,F,YU,LG,D
11:07:47,JSMR,RG,3910,1,F,YU,YP,D
11:07:24,JSMR,RG,3910,9,F,YU,ZP,D
11:07:24,JSMR,RG,3910,7,D,CS,ZP,D
11:07:24,JSMR,RG,3910,84,D,SQ,ZP,D
11:06:49,JSMR,RG,3910,16,D,SQ,DX,D
11:06:49,JSMR,RG,3910,12,D,CS,DX,D
11:06:49,JSMR,RG,3910,10,D,CS,DX,D
11:06:49,JSMR,RG,3910,5,D,GR,DX,D
11:06:49,JSMR,RG,3910,4,D,CS,DX,D
11:06:49,JSMR,RG,3910,7,D,CS,DX,D
11:06:49,JSMR,RG,3910,20,F,BK,DX,D
11:06:49,JSMR,RG,3910,70,F,AK,DX,D
11:06:49,JSMR,RG,3910,56,D,RX,DX,D
11:06:39,JSMR,RG,3910,244,D,RX,DX,D
11:06:39,JSMR,RG,3910,14,F,ZP,DX,D
11:06:39,JSMR,RG,3910,42,F,BK,DX,D
11:05:05,JSMR,RG,3910,1,F,BK,YP,D
11:05:00,JSMR,RG,3920,7,D,YU,ZP,D
11:05:00,JSMR,RG,3920,60,D,YU,ZP,D
11:04:58,JSMR,RG,3920,4,F,BK,ZP,D
11:04:58,JSMR,RG,3920,2,F,BK,DR,D
11:04:58,JSMR,RG,3920,3,F,BK,GR,D
11:04:05,JSMR,RG,3920,47,D,CS,GR,D
11:04:05,JSMR,RG,3920,1,D,CS,KK,D
11:04:05,JSMR,RG,3920,1,D,CS,OD,D
11:04:05,JSMR,RG,3920,1,D,CS,IP,D
11:04:05,JSMR,RG,3920,10,D,CS,CC,D
11:04:05,JSMR,RG,3920,24,D,CS,AK,F
11:03:09,JSMR,RG,3920,10,F,BK,AK,F
11:03:09,JSMR,RG,3920,1,D,CC,AK,F
11:01:19,JSMR,RG,3910,6,F,BK,YP,D
11:01:19,JSMR,RG,3910,24,D,SQ,YP,D
11:01:18,JSMR,RG,3910,5,D,SQ,OD,D
11:00:19,JSMR,RG,3920,4,F,BK,AK,F
11:00:19,JSMR,RG,3920,5,F,BK,YP,D
10:58:55,JSMR,RG,3920,8,F,BK,YP,D
10:58:20,JSMR,RG,3920,8,D,YU,YP,D
10:58:20,JSMR,RG,3920,29,D,YU,YP,D
10:58:20,JSMR,RG,3920,16,D,YU,XC,D
10:58:20,JSMR,RG,3920,8,D,YU,PD,D
10:57:27,JSMR,RG,3920,1,D,CC,PD,D
10:57:23,JSMR,RG,3920,8,F,BK,PD,D
10:55:35,JSMR,RG,3920,10,F,BK,PD,D
10:55:00,JSMR,RG,3920,7,D,YU,PD,D
10:55:00,JSMR,RG,3920,16,D,YU,PD,D
10:55:00,JSMR,RG,3920,35,D,YU,DX,D
10:53:55,JSMR,RG,3920,32,F,YP,DX,D
10:53:48,JSMR,RG,3920,10,F,BK,DX,D
10:52:21,JSMR,RG,3920,8,F,BK,DX,D
10:52:10,JSMR,RG,3910,18,D,SQ,CS,D
10:52:10,JSMR,RG,3910,10,D,SQ,PD,D
10:52:10,JSMR,RG,3910,4,D,SQ,CS,D
10:52:10,JSMR,RG,3910,9,D,SQ,CS,D
10:52:10,JSMR,RG,3910,1,D,SQ,AK,F
10:52:10,JSMR,RG,3910,5,D,SQ,CS,D
10:52:10,JSMR,RG,3910,2,D,SQ,CS,D
10:52:10,JSMR,RG,3910,10,D,SQ,YP,D
10:52:10,JSMR,RG,3910,17,D,SQ,CS,D
10:52:10,JSMR,RG,3910,9,D,SQ,CS,D
10:52:10,JSMR,RG,3910,1,D,SQ,XC,D
10:52:10,JSMR,RG,3910,7,D,SQ,CS,D
10:52:10,JSMR,RG,3910,8,D,SQ,CS,D
10:52:10,JSMR,RG,3910,70,D,SQ,DX,D
10:51:45,JSMR,RG,3910,1,D,CC,DX,D
10:51:09,JSMR,RG,3910,10,D,PD,DX,D
10:50:43,JSMR,RG,3910,9,F,BK,DX,D
10:50:43,JSMR,RG,3910,19,D,CS,DX,D
10:50:35,JSMR,RG,3910,20,D,CC,DX,D
10:50:00,JSMR,RG,3910,7,D,YU,DX,D
10:50:00,JSMR,RG,3910,53,D,YU,DX,D
10:49:04,JSMR,RG,3910,4,D,YP,DX,D
10:47:59,JSMR,RG,3910,107,F,AK,DX,D
10:47:59,JSMR,RG,3910,3,F,AK,CC,D
10:47:59,JSMR,RG,3910,19,F,AK,CS,D
10:47:59,JSMR,RG,3910,1,F,AK,AK,F
10:47:59,JSMR,RG,3910,17,F,AK,CS,D
10:47:59,JSMR,RG,3910,6,F,AK,CS,D
10:47:59,JSMR,RG,3910,16,F,AK,CS,D
10:47:59,JSMR,RG,3910,3,F,AK,XC,D
10:47:59,JSMR,RG,3910,5,F,AK,XC,D
10:47:59,JSMR,RG,3910,18,F,AK,CS,D
10:47:59,JSMR,RG,3910,11,F,AK,CS,D
10:47:59,JSMR,RG,3910,1,F,AK,AK,F
10:47:59,JSMR,RG,3910,8,F,AK,CS,D
10:47:59,JSMR,RG,3910,18,F,AK,DX,D
10:47:58,JSMR,RG,3910,50,D,CS,DX,D
10:47:57,JSMR,RG,3910,132,D,SQ,DX,D
10:47:57,JSMR,RG,3910,11,D,SQ,CS,D
10:47:57,JSMR,RG,3910,20,D,SQ,CS,D
10:47:57,JSMR,RG,3910,5,D,SQ,CS,D
10:47:57,JSMR,RG,3910,1,D,SQ,EP,D
10:47:57,JSMR,RG,3910,14,D,SQ,CS,D
10:47:57,JSMR,RG,3910,6,D,SQ,CS,D
10:47:57,JSMR,RG,3910,1,D,SQ,AK,F
10:47:57,JSMR,RG,3910,15,D,SQ,CS,D
10:47:57,JSMR,RG,3910,12,D,SQ,CS,D
10:47:57,JSMR,RG,3910,1,D,SQ,CS,D
10:47:57,JSMR,RG,3910,182,D,SQ,DX,D
10:47:21,JSMR,RG,3910,1,D,PD,DX,D
10:47:07,JSMR,RG,3900,16,F,BK,YP,D
10:47:07,JSMR,RG,3900,34,D,RX,YP,D
10:46:51,JSMR,RG,3900,4,D,RX,XC,D
10:46:44,JSMR,RG,3910,3,D,XC,DX,D
10:46:40,JSMR,RG,3910,60,D,YU,DX,D
10:46:40,JSMR,RG,3910,7,D,YU,DX,D
10:46:29,JSMR,RG,3910,6,D,CC,DX,D
10:46:27,JSMR,RG,3900,1,D,RX,XC,D
10:46:09,JSMR,RG,3910,10,F,BK,DX,D
10:46:01,JSMR,RG,3910,1,D,CC,DX,D
10:44:36,JSMR,RG,3910,9,F,BK,DX,D
10:42:58,JSMR,RG,3910,9,F,BK,DX,D
10:42:30,JSMR,RG,3910,12,D,YU,DX,D
10:42:30,JSMR,RG,3910,7,D,YU,CS,D
10:42:30,JSMR,RG,3910,2,D,YU,CS,D
10:42:30,JSMR,RG,3910,1,D,YU,CC,D
10:42:30,JSMR,RG,3910,6,D,YU,CS,D
10:42:30,JSMR,RG,3910,2,D,YU,CS,D
10:42:30,JSMR,RG,3910,5,D,YU,CS,D
10:42:30,JSMR,RG,3910,6,D,YU,PD,D
10:42:30,JSMR,RG,3910,12,D,YU,CS,D
10:42:30,JSMR,RG,3910,1,D,YU,CS,D
10:42:30,JSMR,RG,3910,7,D,YU,YP,D
10:42:11,JSMR,RG,3910,1,D,YP,YP,D
10:42:10,JSMR,RG,3900,5,D,RX,NI,D
10:41:23,JSMR,RG,3910,9,F,BK,YP,D
10:40:29,JSMR,RG,3910,20,D,CC,YP,D
10:40:18,JSMR,RG,3910,1,D,CC,YP,D
10:37:08,JSMR,RG,3910,10,D,PD,YP,D
10:36:54,JSMR,RG,3900,1,D,RX,XC,D
10:36:18,JSMR,RG,3900,30,D,RX,YP,D
10:36:08,JSMR,RG,3900,28,D,RX,CC,D
10:36:03,JSMR,RG,3910,3,D,XC,YP,D
10:35:00,JSMR,RG,3910,3,D,YU,YP,D
10:35:00,JSMR,RG,3910,3,D,YU,GR,D
10:35:00,JSMR,RG,3910,12,D,YU,GR,D
10:35:00,JSMR,RG,3910,45,D,YU,KK,D
10:35:00,JSMR,RG,3910,1,D,YU,CS,D
10:33:00,JSMR,RG,3910,8,D,YU,CS,D
10:33:00,JSMR,RG,3910,4,D,YU,CS,D
10:33:00,JSMR,RG,3910,8,D,YU,CS,D
10:33:00,JSMR,RG,3910,1,D,YU,AK,F
10:33:00,JSMR,RG,3910,36,D,YU,AK,F
10:32:06,JSMR,RG,3910,2,D,CC,AK,F
10:32:06,JSMR,RG,3910,1,D,CC,CS,D
10:32:06,JSMR,RG,3910,10,D,CC,DX,D
10:31:03,JSMR,RG,3910,16,D,CS,DX,D
10:31:03,JSMR,RG,3910,4,D,CS,DX,D
10:31:03,JSMR,RG,3910,10,D,CS,DX,D
10:31:03,JSMR,RG,3910,14,D,CS,DX,D
10:31:02,JSMR,RG,3910,6,D,CS,DX,D
10:31:02,JSMR,RG,3910,3,D,CC,DX,D
10:31:02,JSMR,RG,3910,1,D,CC,DX,D
10:31:02,JSMR,RG,3910,13,F,ZP,DX,D
10:31:02,JSMR,RG,3910,8,F,BK,DX,D
10:31:02,JSMR,RG,3910,4,D,CS,DX,D
10:31:02,JSMR,RG,3910,4,D,CS,DX,D
10:31:02,JSMR,RG,3910,1,D,CS,DX,D
10:31:02,JSMR,RG,3910,6,D,CS,DX,D
10:31:02,JSMR,RG,3910,100,D,RX,DX,D
10:31:00,JSMR,RG,3920,7,D,YU,DX,D
10:31:00,JSMR,RG,3920,58,D,YU,DX,D
10:29:51,JSMR,RG,3910,1,D,RX,AK,F
10:29:51,JSMR,RG,3910,5,D,RX,CS,D
10:29:51,JSMR,RG,3910,38,D,RX,AK,F
10:29:51,JSMR,RG,3910,6,D,RX,KK,D
10:29:29,JSMR,RG,3910,10,D,CS,KK,D
10:29:28,JSMR,RG,3910,9,F,BK,KK,D
10:29:28,JSMR,RG,3910,1,D,CS,KK,D
10:29:28,JSMR,RG,3910,1,D,CS,KK,D
10:29:28,JSMR,RG,3910,9,F,ZP,KK,D
10:29:28,JSMR,RG,3910,1,D,CC,KK,D
10:29:28,JSMR,RG,3910,8,D,CS,KK,D
10:29:15,JSMR,RG,3910,4,D,CS,AI,F
10:29:15,JSMR,RG,3910,2,D,CS,AI,F
10:29:15,JSMR,RG,3910,59,D,SQ,AI,F
10:28:53,JSMR,RG,3910,41,D,SQ,KK,D
10:28:53,JSMR,RG,3910,4,D,CS,KK,D
10:28:53,JSMR,RG,3910,35,F,AK,KK,D
10:28:37,JSMR,RG,3910,5,F,AK,YP,D
10:28:37,JSMR,RG,3910,28,F,BK,YP,D
10:28:37,JSMR,RG,3910,6,D,CS,YP,D
10:28:37,JSMR,RG,3910,1,D,CC,YP,D
10:28:37,JSMR,RG,3910,1,D,CS,YP,D
10:28:37,JSMR,RG,3910,8,D,CS,YP,D
10:28:37,JSMR,RG,3910,50,D,FS,YP,D
10:28:37,JSMR,RG,3910,30,D,YP,YP,D
10:28:37,JSMR,RG,3910,10,F,BK,YP,D
10:28:37,JSMR,RG,3910,7,D,CS,YP,D
10:28:37,JSMR,RG,3910,62,D,RX,YP,D
10:27:30,JSMR,RG,3920,50,D,YU,DX,D
10:27:30,JSMR,RG,3920,1,D,YU,CC,D
10:27:30,JSMR,RG,3920,1,D,YU,PD,D
10:27:30,JSMR,RG,3920,7,D,YU,KK,D
10:25:44,JSMR,RG,3910,1,D,RX,PD,D
10:24:54,JSMR,RG,3910,1,D,RX,XC,D
10:24:43,JSMR,RG,3910,5,D,RX,EP,D
10:24:24,JSMR,RG,3910,3,D,RX,LS,D
10:24:13,JSMR,RG,3910,1,D,RX,XC,D
10:24:06,JSMR,RG,3910,100,D,RX,YU,D
10:23:14,JSMR,RG,3910,50,D,RX,TP,D
10:22:45,JSMR,RG,3910,1,D,RX,AK,F
10:22:45,JSMR,RG,3910,7,D,RX,CS,D
10:22:45,JSMR,RG,3910,269,D,RX,DX,D
10:22:38,JSMR,RG,3910,1,D,CS,DX,D
10:22:38,JSMR,RG,3910,1,D,CS,DX,D
10:22:38,JSMR,RG,3910,1,D,CS,DX,D
10:22:38,JSMR,RG,3910,8,D,CS,DX,D
10:22:37,JSMR,RG,3910,3,D,CS,DX,D
10:22:37,JSMR,RG,3910,2,D,CS,DX,D
10:22:37,JSMR,RG,3910,15,D,YU,DX,D
10:22:31,JSMR,RG,3910,16,D,YU,DX,D
10:22:31,JSMR,RG,3910,3,D,YU,DX,D
10:22:31,JSMR,RG,3910,2,D,CS,DX,D
10:22:31,JSMR,RG,3910,4,D,CS,DX,D
10:22:31,JSMR,RG,3910,1,D,NI,DX,D
10:22:31,JSMR,RG,3910,64,F,AK,DX,D
10:22:31,JSMR,RG,3910,30,F,ZP,DX,D
10:22:31,JSMR,RG,3910,100,D,SQ,DX,D
10:22:31,JSMR,RG,3910,50,F,BK,DX,D
10:22:31,JSMR,RG,3910,1,D,CC,DX,D
10:22:31,JSMR,RG,3910,10,D,CS,DX,D
10:22:31,JSMR,RG,3910,19,D,SQ,DX,D
10:21:18,JSMR,RG,3920,1,F,BK,KK,D
10:21:18,JSMR,RG,3920,5,F,BK,YP,D
10:21:18,JSMR,RG,3920,1,F,BK,ZP,D
10:21:18,JSMR,RG,3920,2,F,BK,HP,D
10:21:18,JSMR,RG,3920,1,F,BK,YP,D
10:21:01,JSMR,RG,3910,11,D,SQ,CS,D
10:21:01,JSMR,RG,3910,2,D,SQ,CS,D
10:21:01,JSMR,RG,3910,1,D,SQ,AK,F
10:21:01,JSMR,RG,3910,4,D,SQ,CS,D
10:21:01,JSMR,RG,3910,8,D,SQ,CS,D
10:21:01,JSMR,RG,3910,18,D,SQ,CS,D
10:21:01,JSMR,RG,3910,2,D,SQ,PD,D
10:21:01,JSMR,RG,3910,200,D,SQ,DX,D
10:21:01,JSMR,RG,3910,1,D,SQ,AK,F
10:21:01,JSMR,RG,3910,1,D,SQ,CS,D
10:21:01,JSMR,RG,3910,13,D,SQ,CS,D
10:21:01,JSMR,RG,3910,1,D,SQ,AK,F
10:21:01,JSMR,RG,3910,13,D,SQ,CS,D
10:21:01,JSMR,RG,3910,40,D,SQ,YP,D
10:21:01,JSMR,RG,3910,9,D,SQ,CS,D
10:21:01,JSMR,RG,3910,14,D,SQ,CS,D
10:21:01,JSMR,RG,3910,1,D,SQ,AK,F
10:21:01,JSMR,RG,3910,4,D,SQ,CS,D
10:21:01,JSMR,RG,3910,3,D,SQ,CS,D
10:21:01,JSMR,RG,3910,19,D,SQ,CS,D
10:21:01,JSMR,RG,3910,116,D,SQ,DX,D
10:20:09,JSMR,RG,3910,84,D,RX,DX,D
10:20:09,JSMR,RG,3910,5,D,RX,CS,D
10:20:09,JSMR,RG,3910,1,D,RX,KK,D
10:20:09,JSMR,RG,3910,17,D,RX,CS,D
10:20:09,JSMR,RG,3910,16,D,RX,CS,D
10:20:09,JSMR,RG,3910,25,D,RX,YP,D
10:20:09,JSMR,RG,3910,1,D,RX,AK,F
10:20:09,JSMR,RG,3910,25,D,RX,OD,D
10:20:09,JSMR,RG,3910,9,D,RX,CS,D
10:20:09,JSMR,RG,3910,2,D,RX,CS,D
10:20:09,JSMR,RG,3910,13,D,RX,CS,D
10:20:09,JSMR,RG,3910,2,D,RX,CS,D
10:20:00,JSMR,RG,3910,8,D,YU,CS,D
10:20:00,JSMR,RG,3910,10,D,YU,CS,D
10:20:00,JSMR,RG,3910,45,D,YU,GR,D
10:19:30,JSMR,RG,3910,5,F,BK,GR,D
10:19:30,JSMR,RG,3910,5,F,BK,DX,D
10:17:57,JSMR,RG,3910,195,F,AK,DX,D
10:17:57,JSMR,RG,3910,6,F,AK,CS,D
10:17:57,JSMR,RG,3910,2,F,AK,CS,D
10:17:57,JSMR,RG,3910,13,F,AK,CS,D
10:17:57,JSMR,RG,3910,1,F,AK,AK,F
10:17:57,JSMR,RG,3910,7,F,AK,CS,D
10:17:57,JSMR,RG,3910,72,F,AK,DX,D
10:17:54,JSMR,RG,3910,9,F,BK,DX,D
10:17:26,JSMR,RG,3910,1,D,CC,DX,D
10:16:16,JSMR,RG,3910,9,F,BK,DX,D
10:16:06,JSMR,RG,3910,2,D,PD,DX,D
10:14:50,JSMR,RG,3910,58,D,CS,DX,D
10:14:36,JSMR,RG,3910,9,F,BK,DX,D
10:13:51,JSMR,RG,3910,10,D,LG,DX,D
10:13:31,JSMR,RG,3910,10,D,EP,DX,D
10:13:22,JSMR,RG,3910,2,D,PD,DX,D
10:13:01,JSMR,RG,3910,9,F,BK,DX,D
10:11:44,JSMR,RG,3910,1,D,CC,DX,D
10:11:30,JSMR,RG,3910,8,F,BK,DX,D
10:10:12,JSMR,RG,3910,1,D,PD,PD,D
10:10:00,JSMR,RG,3910,2,D,YU,PD,D
10:10:00,JSMR,RG,3910,5,D,YU,CC,D
10:10:00,JSMR,RG,3910,4,D,YU,CC,D
10:10:00,JSMR,RG,3910,3,D,YU,CS,D
10:10:00,JSMR,RG,3910,2,D,YU,CS,D
10:10:00,JSMR,RG,3910,1,D,YU,AK,F
10:10:00,JSMR,RG,3910,14,D,YU,CS,D
10:10:00,JSMR,RG,3910,31,D,YU,PD,D
10:09:37,JSMR,RG,3910,10,F,BK,PD,D
10:07:53,JSMR,RG,3910,14,D,PD,PD,D
10:07:15,JSMR,RG,3900,12,D,RX,CC,D
10:06:53,JSMR,RG,3900,2,D,RX,XC,D
10:06:00,JSMR,RG,3910,1,D,CC,PD,D
10:05:00,JSMR,RG,3910,8,D,YU,PD,D
10:05:00,JSMR,RG,3910,55,D,YU,PD,D
10:03:21,JSMR,RG,3910,2,D,YP,PD,D
10:01:47,JSMR,RG,3910,1,D,YB,PD,D
10:01:39,JSMR,RG,3910,4,D,SQ,PD,D
10:01:16,JSMR,RG,3910,12,D,YB,PD,D
10:00:21,JSMR,RG,3910,10,D,CC,PD,D
9:58:37,JSMR,RG,3910,1,D,NI,PD,D
9:58:37,JSMR,RG,3910,1,D,YU,PD,D
9:58:21,JSMR,RG,3910,2,D,YU,DX,D
9:58:21,JSMR,RG,3910,27,D,YU,DX,D
9:58:21,JSMR,RG,3910,2,D,CS,DX,D
9:58:21,JSMR,RG,3910,7,D,CS,DX,D
9:58:21,JSMR,RG,3910,6,F,ZP,DX,D
9:58:21,JSMR,RG,3910,4,D,YU,DX,D
9:58:21,JSMR,RG,3910,29,D,YU,DX,D
9:58:21,JSMR,RG,3910,2,D,CS,DX,D
9:58:21,JSMR,RG,3910,121,D,RX,DX,D
9:57:07,JSMR,RG,3910,5,D,RX,YP,D
9:56:57,JSMR,RG,3910,1,D,RX,DR,D
9:56:48,JSMR,RG,3910,25,D,RX,YP,D
9:56:33,JSMR,RG,3910,12,D,RX,CS,D
9:56:33,JSMR,RG,3910,136,D,RX,DX,D
9:56:18,JSMR,RG,3910,3,D,CS,DX,D
9:56:17,JSMR,RG,3910,10,D,CS,DX,D
9:56:17,JSMR,RG,3910,13,D,YP,DX,D
9:56:17,JSMR,RG,3910,8,F,ZP,DX,D
9:56:17,JSMR,RG,3910,3,D,CS,DX,D
9:56:17,JSMR,RG,3910,1,D,CC,DX,D
9:56:17,JSMR,RG,3910,26,D,RX,DX,D
9:56:14,JSMR,RG,3910,1,D,RX,KK,D
9:56:00,JSMR,RG,3910,11,D,RX,CC,D
9:55:58,JSMR,RG,3910,162,D,RX,DX,D
9:55:58,JSMR,RG,3910,1,D,NI,DX,D
9:55:58,JSMR,RG,3910,14,D,CS,DX,D
9:55:58,JSMR,RG,3910,1,D,NI,DX,D
9:55:58,JSMR,RG,3910,153,F,BK,DX,D
9:55:58,JSMR,RG,3910,23,F,BK,DX,D
9:55:58,JSMR,RG,3910,62,F,AK,DX,D
9:55:58,JSMR,RG,3910,4,D,YU,DX,D
9:55:58,JSMR,RG,3910,31,D,YU,DX,D
9:55:58,JSMR,RG,3910,49,D,RX,DX,D
9:55:23,JSMR,RG,3910,150,D,RX,YP,D
9:55:16,JSMR,RG,3910,25,D,RX,CC,D
9:55:11,JSMR,RG,3910,76,D,RX,GR,D
9:55:11,JSMR,RG,3910,15,D,YP,GR,D
9:55:11,JSMR,RG,3910,46,F,BK,GR,D
9:55:11,JSMR,RG,3910,1,D,CS,GR,D
9:55:11,JSMR,RG,3910,1,D,CS,GR,D
9:55:06,JSMR,RG,3910,1,D,CS,OD,D
9:55:06,JSMR,RG,3910,24,D,YU,OD,D
9:55:06,JSMR,RG,3910,3,D,YU,OD,D
9:55:06,JSMR,RG,3910,28,D,YU,OD,D
9:55:06,JSMR,RG,3910,4,D,YU,OD,D
9:55:06,JSMR,RG,3910,75,D,SQ,OD,D
9:54:58,JSMR,RG,3920,3,D,CS,CC,D
9:54:58,JSMR,RG,3920,1,D,CS,PD,D
9:54:58,JSMR,RG,3920,1,D,CS,PD,D
9:54:58,JSMR,RG,3920,5,D,CS,DR,D
9:54:58,JSMR,RG,3920,4,D,CS,YP,D
9:54:57,JSMR,RG,3920,1,D,CS,YP,D
9:54:56,JSMR,RG,3910,38,D,SQ,AK,F
9:54:56,JSMR,RG,3910,65,D,SQ,YP,D
9:54:56,JSMR,RG,3910,2,D,SQ,XC,D
9:54:56,JSMR,RG,3910,200,D,SQ,DX,D
9:54:56,JSMR,RG,3910,2,D,SQ,LG,D
9:54:56,JSMR,RG,3910,5,D,SQ,YP,D
9:54:56,JSMR,RG,3910,1,D,SQ,CC,D
9:54:56,JSMR,RG,3910,12,D,SQ,YP,D
9:54:56,JSMR,RG,3910,15,D,CS,YP,D
9:54:55,JSMR,RG,3910,5,D,CS,YP,D
9:54:55,JSMR,RG,3910,91,F,BK,YP,D
9:54:48,JSMR,RG,3900,30,D,RX,YP,D
9:54:47,JSMR,RG,3910,2,D,CS,YP,D
9:54:45,JSMR,RG,3910,10,F,BK,YP,D
9:54:39,JSMR,RG,3910,1,D,CS,YP,D
9:54:38,JSMR,RG,3910,8,D,YP,YP,D
9:54:37,JSMR,RG,3910,6,D,CS,YP,D
9:54:37,JSMR,RG,3910,1,D,CS,YP,D
9:54:37,JSMR,RG,3910,1,D,CS,YP,D
9:54:37,JSMR,RG,3910,1,D,CS,PD,D
9:54:37,JSMR,RG,3910,1,D,CS,PD,D
9:54:36,JSMR,RG,3900,1,D,RX,AK,F
9:54:36,JSMR,RG,3900,1,D,RX,AK,F
9:54:36,JSMR,RG,3900,23,D,RX,CS,D
9:54:36,JSMR,RG,3900,2,D,RX,NI,D
9:54:36,JSMR,RG,3900,5,D,RX,KK,D
9:54:36,JSMR,RG,3900,21,D,RX,EP,D
9:54:35,JSMR,RG,3900,1,D,YP,EP,D
9:54:34,JSMR,RG,3900,1,D,CC,EP,D
9:54:33,JSMR,RG,3900,1,D,CS,EP,D
9:54:33,JSMR,RG,3900,3,D,CS,EP,D
9:54:32,JSMR,RG,3900,9,F,BK,EP,D
9:54:32,JSMR,RG,3900,7,D,CS,EP,D
9:54:32,JSMR,RG,3900,1,D,CS,AK,F
9:54:32,JSMR,RG,3900,3,D,CS,AK,F
9:54:32,JSMR,RG,3900,12,D,CS,XC,D
9:54:32,JSMR,RG,3900,8,D,CS,XC,D
9:54:32,JSMR,RG,3900,1,D,CS,AK,F
9:54:32,JSMR,RG,3900,3,D,CS,CS,D
9:54:31,JSMR,RG,3900,12,D,RX,CS,D
9:54:31,JSMR,RG,3900,20,D,RX,CS,D
9:54:31,JSMR,RG,3900,17,D,RX,CS,D
9:54:31,JSMR,RG,3900,10,D,RX,CC,D
9:54:31,JSMR,RG,3900,12,D,RX,CS,D
9:54:31,JSMR,RG,3900,1,D,RX,KK,D
9:54:31,JSMR,RG,3900,15,D,RX,CS,D
9:54:31,JSMR,RG,3900,7,D,RX,PD,D
9:54:31,JSMR,RG,3900,13,D,RX,CS,D
9:54:31,JSMR,RG,3900,36,D,RX,IF,D
9:54:31,JSMR,RG,3900,1,D,RX,XC,D
9:54:31,JSMR,RG,3900,2,D,RX,DH,D
9:54:31,JSMR,RG,3900,12,D,RX,CS,D
9:54:31,JSMR,RG,3900,15,D,RX,CS,D
9:54:31,JSMR,RG,3900,12,D,RX,CS,D
9:54:31,JSMR,RG,3900,2,D,RX,NI,D
9:54:31,JSMR,RG,3900,4,D,RX,CS,D
9:54:31,JSMR,RG,3900,4,D,RX,CS,D
9:54:31,JSMR,RG,3900,10,D,RX,RG,D
9:54:31,JSMR,RG,3900,4,D,RX,CS,D
9:54:31,JSMR,RG,3900,1,D,RX,XC,D
9:54:31,JSMR,RG,3900,50,D,RX,OD,D
9:54:31,JSMR,RG,3900,10,D,RX,YP,D
9:54:31,JSMR,RG,3900,7,D,RX,CS,D
9:54:31,JSMR,RG,3900,23,D,RX,CS,D
9:54:27,JSMR,RG,3900,11,F,BK,CS,D
9:54:27,JSMR,RG,3900,1,F,BK,AK,F
9:54:27,JSMR,RG,3900,1,F,BK,OD,D
9:54:27,JSMR,RG,3900,5,F,BK,XC,D
9:54:27,JSMR,RG,3900,4,F,BK,CS,D
9:54:27,JSMR,RG,3900,7,F,BK,CS,D
9:54:26,JSMR,RG,3900,14,D,RX,CS,D
9:54:26,JSMR,RG,3900,20,D,RX,KK,D
9:54:26,JSMR,RG,3900,38,D,RX,CS,D
9:54:26,JSMR,RG,3900,39,D,RX,CS,D
9:54:26,JSMR,RG,3900,189,D,RX,DX,D
9:54:20,JSMR,RG,3900,32,F,BK,DX,D
9:54:12,JSMR,RG,3900,30,F,BK,DX,D
9:53:56,JSMR,RG,3900,35,F,BK,DX,D
9:53:45,JSMR,RG,3900,9,F,BK,DX,D
9:53:35,JSMR,RG,3900,205,D,AG,DX,D
9:53:35,JSMR,RG,3900,32,D,AG,CS,D
9:53:35,JSMR,RG,3900,1,D,AG,AK,F
9:53:35,JSMR,RG,3900,13,D,AG,PD,D
9:53:35,JSMR,RG,3900,14,D,AG,CS,D
9:53:35,JSMR,RG,3900,36,D,AG,CS,D
9:53:35,JSMR,RG,3900,1,D,AG,AK,F
9:53:35,JSMR,RG,3900,50,D,AG,CC,D
9:53:35,JSMR,RG,3900,23,D,AG,CS,D
9:53:35,JSMR,RG,3900,4,D,AG,CS,D
9:53:35,JSMR,RG,3900,30,D,AG,CS,D
9:53:35,JSMR,RG,3900,5,D,AG,SQ,D
9:53:35,JSMR,RG,3900,34,D,AG,CS,D
9:53:35,JSMR,RG,3900,50,D,AG,EP,D
9:53:35,JSMR,RG,3900,2,D,AG,CS,D
9:53:34,JSMR,RG,3900,4,F,BK,CS,D
9:52:56,JSMR,RG,3900,8,F,BK,CS,D
9:52:30,JSMR,RG,3900,7,D,YU,CS,D
9:52:30,JSMR,RG,3900,36,D,YU,CS,D
9:52:30,JSMR,RG,3900,1,D,YU,AK,F
9:52:30,JSMR,RG,3900,15,D,YU,CS,D
9:52:10,JSMR,RG,3900,8,D,RX,CS,D
9:52:10,JSMR,RG,3900,10,D,RX,NI,D
9:52:10,JSMR,RG,3900,5,D,RX,YP,D
9:52:10,JSMR,RG,3900,5,D,RX,YP,D
9:52:10,JSMR,RG,3900,8,D,RX,XC,D
9:52:10,JSMR,RG,3900,1,D,RX,YP,D
9:52:10,JSMR,RG,3900,1,D,RX,PD,D
9:52:10,JSMR,RG,3900,10,D,RX,PD,D
9:52:10,JSMR,RG,3900,52,D,RX,EP,D
9:50:54,JSMR,RG,3900,10,F,BK,EP,D
9:50:22,JSMR,RG,3900,2,D,YP,EP,D
9:49:34,JSMR,RG,3900,3,D,PD,EP,D
9:49:03,JSMR,RG,3900,9,F,BK,EP,D
9:48:52,JSMR,RG,3900,1,D,CC,EP,D
9:47:32,JSMR,RG,3890,17,D,CS,BK,F
9:47:30,JSMR,RG,3900,7,D,YU,EP,D
9:47:30,JSMR,RG,3900,53,D,YU,EP,D
9:47:24,JSMR,RG,3900,8,F,BK,EP,D
9:45:33,JSMR,RG,3900,9,F,BK,EP,D
9:44:59,JSMR,RG,3890,20,D,CS,BK,F
9:44:55,JSMR,RG,3890,20,D,CS,BK,F
9:44:53,JSMR,RG,3900,100,D,SQ,EP,D
9:43:45,JSMR,RG,3900,9,F,BK,EP,D
9:43:10,JSMR,RG,3900,1,D,CC,EP,D
9:42:00,JSMR,RG,3900,9,F,BK,EP,D
9:40:03,JSMR,RG,3890,17,D,CS,BK,F
9:40:00,JSMR,RG,3900,55,D,YU,EP,D
9:40:00,JSMR,RG,3900,7,D,YU,EP,D
9:39:48,JSMR,RG,3890,15,D,CS,BK,F
9:39:44,JSMR,RG,3890,20,D,CS,BK,F
9:39:41,JSMR,RG,3900,100,D,SQ,EP,D
9:37:26,JSMR,RG,3900,1,D,CC,EP,D
9:36:47,JSMR,RG,3890,17,D,CS,BK,F
9:36:44,JSMR,RG,3890,44,D,CS,BK,F
9:36:40,JSMR,RG,3900,56,D,YU,EP,D
9:36:40,JSMR,RG,3900,7,D,YU,EP,D
9:36:40,JSMR,RG,3890,88,D,CS,CS,D
9:36:40,JSMR,RG,3890,1,D,CC,CS,D
9:36:40,JSMR,RG,3890,26,F,BK,CS,D
9:36:40,JSMR,RG,3890,39,F,AK,CS,D
9:35:59,JSMR,RG,3900,1,D,NI,EP,D
9:35:31,JSMR,RG,3890,4,F,AK,EP,D
9:35:24,JSMR,RG,3900,8,F,BK,YB,D
9:34:31,JSMR,RG,3900,1,D,YP,YB,D
9:33:35,JSMR,RG,3900,1,F,BK,YB,D
9:33:35,JSMR,RG,3900,9,F,BK,IT,D
9:32:52,JSMR,RG,3900,1,D,GR,IT,D
9:32:30,JSMR,RG,3890,16,F,AK,BK,F
9:32:26,JSMR,RG,3890,25,F,AK,CC,D
9:32:26,JSMR,RG,3890,11,D,SQ,CC,D
9:32:07,JSMR,RG,3900,3,D,XC,IT,D
9:31:44,JSMR,RG,3900,1,D,CC,IT,D
9:31:40,JSMR,RG,3890,10,D,SQ,BK,F
9:31:36,JSMR,RG,3890,19,D,SQ,BK,F
9:31:31,JSMR,RG,3890,103,D,SQ,KK,D
9:31:31,JSMR,RG,3890,18,F,ZP,KK,D
9:31:18,JSMR,RG,3890,15,F,ZP,BK,F
9:31:16,JSMR,RG,3890,10,F,ZP,EP,D
9:30:07,JSMR,RG,3900,5,D,CC,IT,D
9:30:04,JSMR,RG,3900,60,D,SQ,IT,D
9:29:12,JSMR,RG,3900,1,D,YU,IT,D
9:29:12,JSMR,RG,3900,3,D,YU,IT,D
9:27:50,JSMR,RG,3900,30,D,YU,IT,D
9:27:50,JSMR,RG,3900,4,D,YU,IT,D
9:27:35,JSMR,RG,3890,15,F,ZP,XC,D
9:27:35,JSMR,RG,3890,3,D,CC,XC,D
9:27:35,JSMR,RG,3890,1,D,PD,XC,D
9:27:35,JSMR,RG,3890,3,F,BK,XC,D
9:26:30,JSMR,RG,3890,8,F,BK,CC,D
9:26:30,JSMR,RG,3890,25,D,PD,CC,D
9:26:30,JSMR,RG,3890,12,F,BK,CC,D
9:26:30,JSMR,RG,3890,155,D,RX,CC,D
9:26:00,JSMR,RG,3900,1,D,CC,IT,D
9:25:18,JSMR,RG,3890,45,D,RX,CC,D
9:25:18,JSMR,RG,3890,5,D,NI,CC,D
9:25:18,JSMR,RG,3890,5,D,KK,CC,D
9:25:18,JSMR,RG,3890,2,D,EP,CC,D
9:25:18,JSMR,RG,3890,1,D,YJ,CC,D
9:25:18,JSMR,RG,3890,2,D,NI,CC,D
9:25:18,JSMR,RG,3890,1,D,NI,CC,D
9:25:18,JSMR,RG,3890,9,F,BK,CC,D
9:25:18,JSMR,RG,3890,30,D,CS,CC,D
9:24:54,JSMR,RG,3890,1,D,CS,PD,D
9:24:18,JSMR,RG,3890,5,D,CS,YP,D
9:22:04,JSMR,RG,3890,96,D,CS,DR,D
9:21:20,JSMR,RG,3890,2,D,CS,DH,D
9:21:13,JSMR,RG,3890,1,D,CS,XC,D
9:20:58,JSMR,RG,3900,2,D,YP,IT,D
9:20:18,JSMR,RG,3900,1,D,CC,IT,D
9:19:55,JSMR,RG,3890,31,D,CS,CS,D
9:19:55,JSMR,RG,3890,40,F,BK,CS,D
9:19:54,JSMR,RG,3890,8,F,BK,YP,D
9:19:54,JSMR,RG,3890,2,F,AK,YP,D
9:19:38,JSMR,RG,3890,66,F,AK,HD,D
9:19:38,JSMR,RG,3890,234,D,RX,HD,D
9:19:29,JSMR,RG,3900,3,D,XC,IT,D
9:19:20,JSMR,RG,3900,1,D,YU,IT,D
9:19:14,JSMR,RG,3900,5,D,YU,IT,D
9:19:03,JSMR,RG,3900,10,F,BK,IT,D
9:17:57,JSMR,RG,3890,1,D,RX,DH,D
9:17:44,JSMR,RG,3900,9,F,BK,IT,D
9:17:40,JSMR,RG,3900,2,D,XC,IT,D
9:16:21,JSMR,RG,3900,1,D,PD,IT,D
9:16:15,JSMR,RG,3900,20,D,HP,IT,D
9:15:35,JSMR,RG,3890,1,D,RX,XC,D
9:15:12,JSMR,RG,3890,1,D,RX,YP,D
9:14:36,JSMR,RG,3900,1,D,CC,IT,D
9:14:28,JSMR,RG,3890,52,D,RX,BK,F
9:14:28,JSMR,RG,3890,1,D,RX,YP,D
9:14:28,JSMR,RG,3890,1,D,RX,AK,F
9:14:28,JSMR,RG,3890,9,D,RX,AI,D
9:14:22,JSMR,RG,3890,1,D,CS,AI,D
9:14:19,JSMR,RG,3890,4,D,EP,AI,D
9:14:12,JSMR,RG,3890,1,D,CS,AI,D
9:14:10,JSMR,RG,3890,1,D,YJ,AI,D
9:13:55,JSMR,RG,3890,37,D,CS,AI,D
9:13:53,JSMR,RG,3890,1,D,XC,AI,D
9:13:53,JSMR,RG,3890,26,F,AK,AI,D
9:13:53,JSMR,RG,3890,18,F,AK,CS,D
9:13:53,JSMR,RG,3890,5,F,AK,CS,D
9:13:53,JSMR,RG,3890,13,F,AK,CS,D
9:13:53,JSMR,RG,3890,98,F,AK,BK,F
9:13:53,JSMR,RG,3890,14,F,AK,CS,D
9:13:53,JSMR,RG,3890,36,F,AK,IF,D
9:13:40,JSMR,RG,3890,25,D,CC,IF,D
9:13:05,JSMR,RG,3890,1,D,XC,IF,D
9:12:44,JSMR,RG,3890,4,D,YP,IF,D
9:12:24,JSMR,RG,3890,10,D,CC,IF,D
9:11:37,JSMR,RG,3890,10,D,EP,IF,D
9:10:57,JSMR,RG,3890,5,D,EP,IF,D
9:09:59,JSMR,RG,3880,2,D,RX,YB,D
9:09:51,JSMR,RG,3890,1,D,XC,IF,D
9:08:49,JSMR,RG,3890,5,D,PD,IF,D
9:08:10,JSMR,RG,3890,10,D,XC,IF,D
9:08:10,JSMR,RG,3890,70,F,BK,IF,D
9:08:10,JSMR,RG,3890,110,D,CS,IF,D
9:08:10,JSMR,RG,3890,53,F,AK,IF,D
9:08:10,JSMR,RG,3890,10,D,RG,IF,D
9:08:03,JSMR,RG,3900,7,F,BK,IT,D
9:08:03,JSMR,RG,3900,1,F,BK,YB,D
9:07:34,JSMR,RG,3890,10,D,CS,BK,F
9:07:34,JSMR,RG,3890,5,D,CS,YP,D
9:07:34,JSMR,RG,3890,1,D,CS,HD,D
9:07:33,JSMR,RG,3890,1,D,CS,HD,D
9:07:33,JSMR,RG,3890,2,D,XC,HD,D
9:07:33,JSMR,RG,3890,1,D,YJ,HD,D
9:07:17,JSMR,RG,3890,1,D,CS,HD,D
9:07:17,JSMR,RG,3890,19,D,CS,HD,D
9:07:17,JSMR,RG,3890,1,D,CS,YP,D
9:07:17,JSMR,RG,3890,1,D,CS,KK,D
9:07:17,JSMR,RG,3890,1,D,CS,PD,D
9:07:16,JSMR,RG,3880,7,D,RX,CS,D
9:07:16,JSMR,RG,3880,17,D,RX,CS,D
9:07:16,JSMR,RG,3880,1,D,RX,CS,D
9:07:16,JSMR,RG,3880,5,D,RX,YP,D
9:07:16,JSMR,RG,3880,17,D,RX,CS,D
9:07:16,JSMR,RG,3880,1,D,RX,AK,F
9:07:16,JSMR,RG,3880,4,D,RX,CS,D
9:07:16,JSMR,RG,3880,42,D,RX,BK,F
9:07:16,JSMR,RG,3880,15,D,RX,CS,D
9:07:16,JSMR,RG,3880,89,D,RX,AK,F
9:07:16,JSMR,RG,3880,1,D,RX,YP,D
9:07:16,JSMR,RG,3880,7,D,RX,GR,D
9:07:16,JSMR,RG,3880,5,D,RX,EP,D
9:07:16,JSMR,RG,3880,1,D,RX,DR,D
9:07:16,JSMR,RG,3880,16,D,RX,YP,D
9:07:04,JSMR,RG,3880,2,D,NI,YP,D
9:06:58,JSMR,RG,3880,10,F,BK,YP,D
9:06:38,JSMR,RG,3870,2,D,LS,CS,D
9:06:37,JSMR,RG,3880,1,D,CS,YP,D
9:06:37,JSMR,RG,3870,1,D,LS,YP,D
9:06:27,JSMR,RG,3870,4,D,CS,YP,D
9:05:59,JSMR,RG,3860,2,D,RX,CC,D
9:05:28,JSMR,RG,3880,1,D,NI,YP,D
9:04:55,JSMR,RG,3880,8,D,PD,YP,D
9:04:55,JSMR,RG,3870,2,D,PD,CS,D
9:04:54,JSMR,RG,3880,13,D,CS,YP,D
9:04:54,JSMR,RG,3870,3,D,CS,CS,D
9:04:54,JSMR,RG,3870,2,D,CS,BK,F
9:04:53,JSMR,RG,3870,2,D,CS,BK,F
9:04:53,JSMR,RG,3870,21,D,CS,BK,F
9:04:53,JSMR,RG,3870,7,D,CS,BK,F
9:04:52,JSMR,RG,3870,88,F,AK,AK,F
9:04:52,JSMR,RG,3870,17,F,AK,IF,D
9:04:52,JSMR,RG,3870,30,F,AK,MK,D
9:04:52,JSMR,RG,3870,1,F,AK,YP,D
9:04:51,JSMR,RG,3860,42,D,RX,BK,F
9:04:51,JSMR,RG,3860,8,D,RX,AK,F
9:04:51,JSMR,RG,3860,85,D,RX,AK,F
9:04:37,JSMR,RG,3860,2,D,SQ,AK,F
9:04:33,JSMR,RG,3860,2,D,PD,AK,F
9:04:13,JSMR,RG,3860,1,D,XC,YP,D
9:01:34,JSMR,RG,3840,2,D,CS,PD,D
9:01:34,JSMR,RG,3840,1,D,YP,PD,D
9:01:34,JSMR,RG,3850,9,D,CC,AK,F
9:01:34,JSMR,RG,3850,1,D,CC,YP,D
9:00:31,JSMR,RG,3840,1,D,CC,YP,D
8:55:00,JSMR,RG,3830,1,D,GR,YP,D
8:55:00,JSMR,RG,3830,1,D,GR,XC,D
8:55:00,JSMR,RG,3830,137,D,GR,YB,D
8:55:00,JSMR,RG,3830,2,D,DR,YB,D
8:55:00,JSMR,RG,3830,2,D,HP,YB,D
8:55:00,JSMR,RG,3830,13,D,DR,YB,D
8:55:00,JSMR,RG,3830,20,D,TF,YB,D
8:55:00,JSMR,RG,3830,10,D,LG,YB,D
8:55:00,JSMR,RG,3830,50,D,CC,YB,D
8:55:00,JSMR,RG,3830,61,D,CS,YB,D
8:55:00,JSMR,RG,3830,5,F,BK,YB,D
8:55:00,JSMR,RG,3830,1,F,BK,AK,F