Time,Stock,Brd,Price,Qty,BT,BC,SC,ST
15:13:55,JSMR,RG,4020,1,D,YP,XC,D
15:13:53,JSMR,RG,4020,1,D,XC,NI,D
15:12:56,JSMR,RG,4020,1,D,HP,YP,D
15:11:10,JSMR,RG,4020,3,D,HP,SQ,D
15:08:51,JSMR,RG,4020,1,D,HP,XC,D
15:08:03,JSMR,RG,4020,2,D,NI,XC,D
15:07:00,JSMR,RG,4020,2,D,NI,YP,D
15:05:15,JSMR,RG,4020,1,D,NI,OD,D
15:05:02,JSMR,RG,4020,5,D,NI,SQ,D
15:05:02,JSMR,RG,4020,2,D,NI,YP,D
15:05:01,JSMR,RG,4020,1,D,NI,DR,D
15:05:00,JSMR,RG,4020,6,D,PD,PD,D
15:05:00,JSMR,RG,4020,3,D,PD,PD,D
15:05:00,JSMR,RG,4020,1,D,PD,IF,D
15:00:00,JSMR,RG,4020,19,D,BQ,GR,D
15:00:00,JSMR,RG,4020,2,D,BQ,HP,D
15:00:00,JSMR,RG,4020,1,D,BQ,XC,D
15:00:00,JSMR,RG,4020,2,D,BQ,YP,D
15:00:00,JSMR,RG,4020,1,D,BQ,PD,D
15:00:00,JSMR,RG,4020,50,D,BQ,DR,D
15:00:00,JSMR,RG,4020,8,D,BQ,RG,D
15:00:00,JSMR,RG,4020,5,D,BQ,XC,D
15:00:00,JSMR,RG,4020,72,D,BQ,ZP,D
15:00:00,JSMR,RG,4020,12,D,YP,ZP,D
15:00:00,JSMR,RG,4020,60,D,CP,ZP,D
15:00:00,JSMR,RG,4020,1,D,YB,ZP,D
15:00:00,JSMR,RG,4020,258,D,BQ,ZP,D
15:00:00,JSMR,RG,4020,2689,D,BQ,ZP,D
15:00:00,JSMR,RG,4020,5,D,BQ,PD,D
15:00:00,JSMR,RG,4020,5,D,BQ,XC,D
15:00:00,JSMR,RG,4020,1,D,BQ,CC,D
15:00:00,JSMR,RG,4020,10,D,BQ,PD,D
15:00:00,JSMR,RG,4020,20,D,BQ,KK,D
15:00:00,JSMR,RG,4020,563,D,BQ,CS,D
15:00:00,JSMR,RG,4020,2,D,YP,CS,D
15:00:00,JSMR,RG,4020,609,D,GR,CS,D
15:00:00,JSMR,RG,4020,5,D,GR,KK,D
15:00:00,JSMR,RG,4020,18,D,GR,AK,F
15:00:00,JSMR,RG,4020,3,F,BK,AK,F
15:00:00,JSMR,RG,4020,1,F,BK,AK,F
15:00:00,JSMR,RG,4020,7,F,BK,AK,F
15:00:00,JSMR,RG,4020,30,F,BK,BQ,D
15:00:00,JSMR,RG,4020,103,F,BK,KZ,D
14:49:45,JSMR,RG,4020,1,D,BQ,AK,F
14:49:36,JSMR,RG,4030,39,D,BQ,ZP,D
14:49:36,JSMR,RG,4030,169,D,BQ,ZP,D
14:49:28,JSMR,RG,4030,325,D,BQ,ZP,D
14:49:18,JSMR,RG,4030,13,D,BQ,ZP,D
14:49:18,JSMR,RG,4030,162,D,ZP,ZP,D
14:49:14,JSMR,RG,4030,1,D,ZP,YP,D
14:49:00,JSMR,RG,4020,1,D,BQ,AK,F
14:48:55,JSMR,RG,4040,46,D,ZP,NI,D
14:48:55,JSMR,RG,4040,1,D,ZP,SQ,D
14:48:55,JSMR,RG,4040,80,D,ZP,PD,D
14:48:55,JSMR,RG,4040,10,D,ZP,SQ,D
14:48:55,JSMR,RG,4040,50,D,ZP,CC,D
14:48:55,JSMR,RG,4040,25,D,ZP,NI,D
14:48:55,JSMR,RG,4040,1,D,ZP,PD,D
14:48:55,JSMR,RG,4040,1,D,ZP,PD,D
14:48:55,JSMR,RG,4040,10,D,ZP,CC,D
14:48:55,JSMR,RG,4040,150,D,ZP,YP,D
14:48:55,JSMR,RG,4040,140,D,ZP,YP,D
14:48:55,JSMR,RG,4040,30,D,ZP,CC,D
14:48:55,JSMR,RG,4040,5,D,ZP,PD,D
14:48:55,JSMR,RG,4040,13,D,ZP,CC,D
14:48:55,JSMR,RG,4040,50,D,ZP,YP,D
14:48:55,JSMR,RG,4040,1,D,ZP,LG,D
14:48:55,JSMR,RG,4040,1,D,ZP,YP,D
14:48:55,JSMR,RG,4040,1,D,ZP,PD,D
14:48:55,JSMR,RG,4040,5,D,ZP,PD,D
14:48:55,JSMR,RG,4040,1,D,ZP,PD,D
14:48:55,JSMR,RG,4040,10,D,ZP,XC,D
14:48:55,JSMR,RG,4040,10,D,ZP,CC,D
14:48:55,JSMR,RG,4040,5,D,ZP,GR,D
14:48:55,JSMR,RG,4040,20,D,ZP,PD,D
14:48:55,JSMR,RG,4040,1,D,ZP,PD,D
14:48:55,JSMR,RG,4040,50,D,ZP,DR,D
14:48:55,JSMR,RG,4040,3,D,ZP,XC,D
14:48:55,JSMR,RG,4040,2,D,ZP,CC,D
14:48:55,JSMR,RG,4040,1,D,ZP,DR,D
14:48:55,JSMR,RG,4040,5,D,ZP,AO,D
14:48:55,JSMR,RG,4040,4,D,ZP,GR,D
14:48:55,JSMR,RG,4040,100,D,ZP,LG,D
14:48:55,JSMR,RG,4040,5,D,ZP,PD,D
14:48:55,JSMR,RG,4040,10,D,ZP,OD,D
14:48:55,JSMR,RG,4040,3,D,ZP,YP,D
14:48:55,JSMR,RG,4040,3,D,ZP,XC,D
14:48:55,JSMR,RG,4040,5,D,ZP,YP,D
14:48:55,JSMR,RG,4040,20,D,ZP,CC,D
14:48:55,JSMR,RG,4040,2,D,ZP,PD,D
14:48:55,JSMR,RG,4040,5,D,ZP,NI,D
14:48:55,JSMR,RG,4040,1,D,ZP,DH,D
14:48:55,JSMR,RG,4040,61,D,ZP,ZP,D
14:48:55,JSMR,RG,4040,110,D,ZP,ZP,D
14:48:55,JSMR,RG,4030,5,D,ZP,TF,D
14:48:55,JSMR,RG,4030,1,D,ZP,AK,F
14:48:55,JSMR,RG,4030,1,D,ZP,PD,D
14:48:55,JSMR,RG,4030,2,D,ZP,YP,D
14:48:55,JSMR,RG,4030,155,D,ZP,ZP,D
14:48:51,JSMR,RG,4030,1,D,CC,ZP,D
14:48:38,JSMR,RG,4030,52,D,ZP,ZP,D
14:48:17,JSMR,RG,4030,792,D,BQ,ZP,D
14:48:14,JSMR,RG,4030,9,D,BQ,PD,D
14:48:04,JSMR,RG,4030,12,D,BQ,CC,D
14:48:03,JSMR,RG,4030,2,D,BQ,AK,F
14:48:03,JSMR,RG,4030,2,D,BQ,PD,D
14:48:03,JSMR,RG,4030,6,D,BQ,NI,D
14:47:56,JSMR,RG,4030,1,D,CS,NI,D
14:47:53,JSMR,RG,4020,62,D,BQ,TF,D
14:47:36,JSMR,RG,4030,2,D,CS,AK,F
14:47:25,JSMR,RG,4030,1,D,CS,AK,F
14:47:05,JSMR,RG,4020,9,D,BQ,CC,D
14:46:43,JSMR,RG,4020,16,D,BQ,TF,D
14:46:43,JSMR,RG,4030,7,D,CS,TF,D
14:46:43,JSMR,RG,4030,8,D,CS,TF,D
14:46:43,JSMR,RG,4030,4,D,CS,TF,D
14:46:43,JSMR,RG,4030,1,D,CS,TF,D
14:46:43,JSMR,RG,4030,2,D,CS,TF,D
14:46:43,JSMR,RG,4030,24,D,BQ,TF,D
14:46:40,JSMR,RG,4040,7,D,CS,ZP,D
14:46:40,JSMR,RG,4040,2,D,CS,ZP,D
14:46:40,JSMR,RG,4040,1,D,CS,HP,D
14:46:34,JSMR,RG,4040,1,D,CS,HP,D
14:46:34,JSMR,RG,4030,15,D,BQ,TF,D
14:46:34,JSMR,RG,4030,6,D,CS,TF,D
14:46:34,JSMR,RG,4030,1,D,CS,TF,D
14:46:34,JSMR,RG,4030,2,D,CS,TF,D
14:46:34,JSMR,RG,4030,1,D,CS,TF,D
14:46:34,JSMR,RG,4030,1,D,CS,TF,D
14:46:34,JSMR,RG,4030,3,D,CS,TF,D
14:46:34,JSMR,RG,4030,3,D,CS,TF,D
14:46:34,JSMR,RG,4030,6,D,CS,TF,D
14:46:34,JSMR,RG,4030,5,D,CS,TF,D
14:46:34,JSMR,RG,4030,3,D,CS,TF,D
14:46:34,JSMR,RG,4030,54,D,BQ,TF,D
14:46:33,JSMR,RG,4040,18,D,YP,HP,D
14:46:33,JSMR,RG,4040,13,D,YP,PD,D
14:46:33,JSMR,RG,4040,5,D,YP,CC,D
14:46:33,JSMR,RG,4040,3,D,YP,PD,D
14:46:33,JSMR,RG,4040,1,D,YP,NI,D
14:46:33,JSMR,RG,4040,2,D,YP,YP,D
14:46:31,JSMR,RG,4030,10,D,BQ,EP,D
14:46:30,JSMR,RG,4040,3,D,CS,YP,D
14:46:30,JSMR,RG,4040,5,D,CS,XC,D
14:46:30,JSMR,RG,4040,2,D,CS,YP,D
14:46:30,JSMR,RG,4040,1,D,CS,YP,D
14:46:30,JSMR,RG,4040,2,D,CS,OD,D
14:46:30,JSMR,RG,4040,2,D,CS,OD,D
14:46:30,JSMR,RG,4040,6,D,CS,OD,D
14:46:20,JSMR,RG,4040,2,D,CS,ZP,D
14:46:20,JSMR,RG,4040,10,D,CS,ZP,D
14:46:20,JSMR,RG,4040,12,D,CS,ZP,D
14:46:09,JSMR,RG,4040,22,D,CS,ZP,D
14:45:58,JSMR,RG,4030,1,D,BQ,PD,D
14:45:58,JSMR,RG,4030,1,D,BQ,EP,D
14:45:58,JSMR,RG,4030,1,D,BQ,AK,F
14:45:58,JSMR,RG,4030,3,D,BQ,AK,F
14:45:58,JSMR,RG,4030,9,D,BQ,YP,D
14:45:58,JSMR,RG,4030,30,D,BQ,PD,D
14:45:58,JSMR,RG,4030,100,D,BQ,LG,D
14:45:58,JSMR,RG,4030,1,D,BQ,YP,D
14:45:58,JSMR,RG,4030,5,D,BQ,CC,D
14:45:58,JSMR,RG,4030,1,D,BQ,YP,D
14:45:58,JSMR,RG,4030,1,D,BQ,PD,D
14:45:58,JSMR,RG,4030,277,D,BQ,ZP,D
14:45:58,JSMR,RG,4030,19,D,CS,ZP,D
14:45:46,JSMR,RG,4030,5,D,CS,ZP,D
14:45:45,JSMR,RG,4030,10,D,CS,ZP,D
14:45:45,JSMR,RG,4030,1,D,CS,ZP,D
14:45:43,JSMR,RG,4030,17,D,CS,ZP,D
14:45:38,JSMR,RG,4030,13,D,CS,ZP,D
14:45:28,JSMR,RG,4030,29,D,CS,ZP,D
14:45:26,JSMR,RG,4010,1,D,BQ,PD,D
14:45:11,JSMR,RG,4010,1,D,BQ,XC,D
14:45:09,JSMR,RG,4030,25,D,CS,ZP,D
14:45:02,JSMR,RG,4010,1,D,BQ,YP,D
14:44:48,JSMR,RG,4010,2,D,BQ,YP,D
14:44:47,JSMR,RG,4030,24,D,CS,ZP,D
14:44:39,JSMR,RG,4010,2,D,BQ,YP,D
14:44:31,JSMR,RG,4030,25,D,YU,ZP,D
14:44:31,JSMR,RG,4020,5,D,YU,AK,F
14:44:31,JSMR,RG,4020,1,D,YU,AK,F
14:44:31,JSMR,RG,4020,21,D,YU,LG,D
14:44:26,JSMR,RG,4020,11,D,CS,LG,D
14:44:18,JSMR,RG,4020,3,D,CC,LG,D
14:44:16,JSMR,RG,4020,11,D,CS,LG,D
14:44:09,JSMR,RG,4020,6,D,CS,LG,D
14:44:06,JSMR,RG,4020,11,D,CS,LG,D
14:43:56,JSMR,RG,4020,10,D,CS,LG,D
14:43:46,JSMR,RG,4020,18,D,CS,LG,D
14:43:34,JSMR,RG,4020,8,D,CS,LG,D
14:43:34,JSMR,RG,4020,1,F,ZP,LG,D
14:43:06,JSMR,RG,4020,3,D,CS,ZP,D
14:43:06,JSMR,RG,4020,10,D,PD,ZP,D
14:43:06,JSMR,RG,4020,59,D,YU,ZP,D
14:43:06,JSMR,RG,4020,1,D,CS,ZP,D
14:43:06,JSMR,RG,4020,18,D,CS,ZP,D
14:43:06,JSMR,RG,4020,2,D,YP,ZP,D
14:43:06,JSMR,RG,4020,5,D,CS,ZP,D
14:43:06,JSMR,RG,4020,63,D,YU,ZP,D
14:43:06,JSMR,RG,4020,1,F,ZP,ZP,D
14:43:06,JSMR,RG,4020,9,D,CS,ZP,D
14:43:06,JSMR,RG,4020,15,D,PD,ZP,D
14:43:06,JSMR,RG,4020,3,D,CS,ZP,D
14:43:06,JSMR,RG,4020,1,D,CS,ZP,D
14:43:06,JSMR,RG,4020,39,D,BQ,ZP,D
14:43:06,JSMR,RG,4020,4,D,CS,ZP,D
14:43:06,JSMR,RG,4020,14,D,CS,ZP,D
14:43:06,JSMR,RG,4020,38,D,BQ,ZP,D
14:42:54,JSMR,RG,4030,22,D,CS,ZP,D
14:42:36,JSMR,RG,4020,1,D,BQ,CC,D
14:42:34,JSMR,RG,4030,33,D,CS,ZP,D
14:42:05,JSMR,RG,4030,6,D,CS,ZP,D
14:42:05,JSMR,RG,4030,129,D,BQ,ZP,D
14:42:05,JSMR,RG,4030,2,D,CS,ZP,D
14:42:05,JSMR,RG,4030,13,D,CS,ZP,D
14:42:05,JSMR,RG,4030,5,D,CS,ZP,D
14:42:05,JSMR,RG,4030,3,D,CS,ZP,D
14:42:05,JSMR,RG,4030,1,D,CS,ZP,D
14:42:05,JSMR,RG,4030,52,D,YU,ZP,D
14:42:05,JSMR,RG,4030,60,D,YU,ZP,D
14:42:05,JSMR,RG,4030,11,D,CS,ZP,D
14:42:05,JSMR,RG,4030,218,D,BQ,ZP,D
14:41:42,JSMR,RG,4040,30,D,CS,ZP,D
14:41:42,JSMR,RG,4040,9,D,CS,ZP,D
14:41:42,JSMR,RG,4030,10,D,BQ,AK,F
14:41:42,JSMR,RG,4030,20,D,BQ,NI,D
14:41:42,JSMR,RG,4030,6,D,BQ,AK,F
14:41:42,JSMR,RG,4030,1,D,BQ,OD,D
14:41:42,JSMR,RG,4030,500,D,BQ,ZP,D
14:41:42,JSMR,RG,4030,5,D,BQ,YP,D
14:41:42,JSMR,RG,4030,5,D,BQ,XC,D
14:41:42,JSMR,RG,4030,2,D,BQ,XC,D
14:41:42,JSMR,RG,4030,1,D,BQ,DH,D
14:41:42,JSMR,RG,4030,10,D,BQ,PD,D
14:41:42,JSMR,RG,4030,50,D,BQ,PD,D
14:41:42,JSMR,RG,4030,6,D,BQ,CC,D
14:41:42,JSMR,RG,4030,3,D,BQ,CC,D
14:41:42,JSMR,RG,4030,11,D,BQ,PD,D
14:41:42,JSMR,RG,4030,1,D,BQ,XC,D
14:41:42,JSMR,RG,4030,5,D,BQ,NI,D
14:41:42,JSMR,RG,4030,1,D,BQ,LG,D
14:41:42,JSMR,RG,4030,2,D,BQ,CP,D
14:41:42,JSMR,RG,4030,5,D,BQ,YU,F
14:41:42,JSMR,RG,4030,5,D,BQ,KK,D
14:41:42,JSMR,RG,4030,1,D,BQ,XC,D
14:41:42,JSMR,RG,4030,500,D,BQ,YP,D
14:41:42,JSMR,RG,4030,9,D,BQ,OD,D
14:41:42,JSMR,RG,4030,1,D,BQ,PD,D
14:41:42,JSMR,RG,4030,1,D,BQ,PD,D
14:41:42,JSMR,RG,4030,1,D,BQ,PD,D
14:41:42,JSMR,RG,4030,150,D,BQ,ZP,D
14:41:42,JSMR,RG,4030,2,D,BQ,OD,D
14:41:42,JSMR,RG,4030,1,D,BQ,XC,D
14:41:42,JSMR,RG,4030,10,D,BQ,CC,D
14:41:42,JSMR,RG,4030,5,D,BQ,YP,D
14:41:42,JSMR,RG,4030,99,D,BQ,LG,D
14:41:06,JSMR,RG,4030,1,D,CS,LG,D
14:41:06,JSMR,RG,4030,37,D,CS,DR,D
14:40:32,JSMR,RG,4030,1,D,YP,DR,D
14:40:32,JSMR,RG,4030,16,D,CS,DR,D
14:40:32,JSMR,RG,4030,1,D,CS,XC,D
14:40:32,JSMR,RG,4030,10,D,CS,YP,D
14:40:32,JSMR,RG,4030,1,D,CS,XC,D
14:40:32,JSMR,RG,4030,5,D,CS,AG,D
14:40:32,JSMR,RG,4030,10,D,CS,XC,D
14:40:26,JSMR,RG,4020,1,D,BQ,YU,D
14:40:03,JSMR,RG,4020,100,D,BQ,LG,D
14:40:02,JSMR,RG,4020,2,D,BQ,CC,D
14:40:02,JSMR,RG,4020,1,D,BQ,CC,D
14:40:02,JSMR,RG,4020,250,D,BQ,ZP,D
14:40:02,JSMR,RG,4020,101,D,BQ,ZP,D
14:40:01,JSMR,RG,4020,110,D,YU,ZP,D
14:39:52,JSMR,RG,4020,10,D,CC,ZP,D
14:39:50,JSMR,RG,4020,17,D,CS,ZP,D
14:39:29,JSMR,RG,4020,12,D,CS,ZP,D
14:39:19,JSMR,RG,4020,2,D,CS,PD,D
14:39:19,JSMR,RG,4020,4,D,CS,AK,F
14:39:08,JSMR,RG,4020,1,D,CS,AK,F
14:39:07,JSMR,RG,4020,1,D,CS,AK,F
14:39:06,JSMR,RG,4020,2,D,CS,ZP,D
14:39:05,JSMR,RG,4020,39,D,BQ,ZP,D
14:39:03,JSMR,RG,4020,19,D,CS,ZP,D
14:39:02,JSMR,RG,4020,190,D,BQ,ZP,D
14:39:02,JSMR,RG,4020,15,D,BQ,AT,D
14:39:02,JSMR,RG,4020,29,D,BQ,NI,D
14:39:02,JSMR,RG,4020,41,D,BQ,YP,D
14:39:02,JSMR,RG,4020,219,D,BQ,YP,D
14:38:47,JSMR,RG,4020,10,D,PD,YP,D
14:38:40,JSMR,RG,4020,17,D,CS,YP,D
14:38:30,JSMR,RG,4020,39,D,BQ,YP,D
14:38:30,JSMR,RG,4020,10,D,CS,YP,D
14:38:30,JSMR,RG,4020,5,D,CS,YP,D
14:38:30,JSMR,RG,4020,180,D,BQ,YP,D
14:38:17,JSMR,RG,4020,3,D,BQ,AK,F
14:38:17,JSMR,RG,4020,72,D,BQ,BK,F
14:38:17,JSMR,RG,4020,1,D,BQ,GR,D
14:38:17,JSMR,RG,4020,238,D,BQ,ZP,D
14:38:02,JSMR,RG,4020,12,D,CS,ZP,D
14:37:39,JSMR,RG,4020,6,D,CS,ZP,D
14:37:39,JSMR,RG,4020,5,D,CC,ZP,D
14:37:39,JSMR,RG,4020,10,D,CS,ZP,D
14:37:39,JSMR,RG,4020,10,D,CS,ZP,D
14:37:39,JSMR,RG,4020,6,D,CS,ZP,D
14:37:39,JSMR,RG,4020,39,D,BQ,ZP,D
14:37:39,JSMR,RG,4020,56,D,YU,ZP,D
14:37:39,JSMR,RG,4020,200,D,CS,ZP,D
14:37:39,JSMR,RG,4020,9,D,CS,ZP,D
14:37:39,JSMR,RG,4020,159,D,BQ,ZP,D
14:37:27,JSMR,RG,4020,7,D,BQ,AK,F
14:37:27,JSMR,RG,4020,250,D,BQ,ZP,D
14:37:27,JSMR,RG,4020,78,D,BQ,ZP,D
14:36:51,JSMR,RG,4020,6,D,CS,ZP,D
14:36:50,JSMR,RG,4020,1,D,CS,ZP,D
14:36:50,JSMR,RG,4020,3,D,CS,ZP,D
14:36:50,JSMR,RG,4020,4,D,CS,ZP,D
14:36:50,JSMR,RG,4020,4,D,CS,ZP,D
14:36:50,JSMR,RG,4020,6,D,CS,ZP,D
14:36:50,JSMR,RG,4020,1,D,CS,ZP,D
14:36:50,JSMR,RG,4020,8,D,CS,ZP,D
14:36:50,JSMR,RG,4020,1,D,CS,ZP,D
14:36:50,JSMR,RG,4020,1,D,CS,ZP,D
14:36:50,JSMR,RG,4020,5,D,CS,ZP,D
14:36:50,JSMR,RG,4020,1,D,CS,ZP,D
14:36:50,JSMR,RG,4020,3,D,CS,ZP,D
14:36:50,JSMR,RG,4020,5,D,CS,ZP,D
14:36:50,JSMR,RG,4020,2,D,CC,ZP,D
14:36:50,JSMR,RG,4020,5,D,CS,ZP,D
14:36:50,JSMR,RG,4020,3,D,CS,ZP,D
14:36:50,JSMR,RG,4020,3,D,CS,ZP,D
14:36:50,JSMR,RG,4020,2,D,CS,ZP,D
14:36:50,JSMR,RG,4020,1,D,CS,ZP,D
14:36:50,JSMR,RG,4020,4,D,CS,ZP,D
14:36:50,JSMR,RG,4020,3,D,CS,ZP,D
14:36:50,JSMR,RG,4020,1,D,CS,ZP,D
14:36:50,JSMR,RG,4020,3,D,CS,ZP,D
14:36:50,JSMR,RG,4020,5,D,CS,ZP,D
14:36:50,JSMR,RG,4020,91,D,CS,ZP,D
14:36:43,JSMR,RG,4020,159,D,CS,ZP,D
14:36:38,JSMR,RG,4020,8,D,CS,ZP,D
14:36:28,JSMR,RG,4020,10,D,CS,ZP,D
14:36:20,JSMR,RG,4010,1,D,BQ,PD,D
14:36:16,JSMR,RG,4020,16,D,CS,ZP,D
14:36:15,JSMR,RG,4020,7,D,YU,ZP,D
14:36:15,JSMR,RG,4020,106,D,YU,ZP,D
14:35:57,JSMR,RG,4020,7,D,CS,ZP,D
14:35:52,JSMR,RG,4020,10,D,PD,ZP,D
14:35:48,JSMR,RG,4020,1,D,CS,AK,F
14:35:47,JSMR,RG,4020,1,D,CS,AK,F
14:35:46,JSMR,RG,4020,1,D,CS,AK,F
14:35:46,JSMR,RG,4020,3,D,CS,AK,F
14:35:42,JSMR,RG,4020,2,D,CS,OD,D
14:35:42,JSMR,RG,4020,1,D,CS,XC,D
14:35:42,JSMR,RG,4020,25,D,BQ,XC,D
14:35:42,JSMR,RG,4020,1,D,BQ,DH,D
14:35:39,JSMR,RG,4020,1,D,CS,DH,D
14:35:39,JSMR,RG,4020,7,D,CS,AK,F
14:35:39,JSMR,RG,4020,1,D,CS,XC,D
14:35:38,JSMR,RG,4020,10,D,CS,XC,D
14:35:37,JSMR,RG,4020,4,D,BQ,XC,D
14:35:37,JSMR,RG,4020,3,D,BQ,PD,D
14:35:37,JSMR,RG,4020,20,D,BQ,CC,D
14:35:37,JSMR,RG,4020,9,D,BQ,OD,D
14:35:37,JSMR,RG,4020,6,D,BQ,XC,D
14:35:37,JSMR,RG,4020,1,D,BQ,KK,D
14:35:37,JSMR,RG,4020,67,D,BQ,PD,D
14:35:37,JSMR,RG,4020,200,D,BQ,ZP,D
14:35:37,JSMR,RG,4020,19,D,BQ,OD,D
14:35:26,JSMR,RG,4020,1,D,CS,OD,D
14:35:26,JSMR,RG,4020,2,D,CS,SQ,D
14:35:26,JSMR,RG,4020,12,D,CS,XC,D
14:35:26,JSMR,RG,4020,1,D,CS,PD,D
14:35:07,JSMR,RG,4020,2,D,CS,PD,D
14:35:07,JSMR,RG,4020,1,D,CS,XC,D
14:35:07,JSMR,RG,4020,16,D,CS,ZP,D
14:35:04,JSMR,RG,4020,1,D,YP,ZP,D
14:34:57,JSMR,RG,4020,20,D,YP,ZP,D
14:34:39,JSMR,RG,4020,19,D,CS,ZP,D
14:34:19,JSMR,RG,4020,8,D,YP,ZP,D
14:34:09,JSMR,RG,4020,6,D,CS,ZP,D
14:34:09,JSMR,RG,4020,15,D,CS,LG,D
14:33:38,JSMR,RG,4020,19,D,CS,LG,D
14:33:33,JSMR,RG,4020,40,D,YP,LG,D
14:33:20,JSMR,RG,4020,26,D,YU,LG,D
14:33:20,JSMR,RG,4020,5,D,YU,CC,D
14:33:20,JSMR,RG,4020,5,D,YU,OD,D
14:33:20,JSMR,RG,4020,85,D,YU,ZP,D
14:33:15,JSMR,RG,4010,10,D,BQ,LG,D
14:33:13,JSMR,RG,4010,6,D,BQ,AK,F
14:33:13,JSMR,RG,4010,1,D,BQ,XC,D
14:33:13,JSMR,RG,4010,200,D,BQ,ZP,D
14:33:13,JSMR,RG,4010,9,D,BQ,OD,D
14:33:13,JSMR,RG,4010,100,D,BQ,ZP,D
14:33:13,JSMR,RG,4010,1,D,BQ,KK,D
14:33:13,JSMR,RG,4010,5,D,BQ,DR,D
14:33:13,JSMR,RG,4010,40,D,BQ,LG,D
14:33:09,JSMR,RG,4010,60,D,BQ,LG,D
14:33:09,JSMR,RG,4010,3,D,BQ,YP,D
14:33:09,JSMR,RG,4010,2,D,BQ,ZP,D
14:33:08,JSMR,RG,4010,20,D,CS,ZP,D
14:32:09,JSMR,RG,4000,184,D,BQ,ZP,D
14:32:05,JSMR,RG,4000,26,D,BQ,ZP,D
14:32:04,JSMR,RG,4000,5,D,CS,ZP,D
14:32:04,JSMR,RG,4000,1,D,CS,ZP,D
14:32:04,JSMR,RG,4000,9,D,CS,ZP,D
14:32:04,JSMR,RG,4000,5,D,CS,ZP,D
14:32:03,JSMR,RG,4000,8,D,CS,ZP,D
14:32:03,JSMR,RG,4000,3,D,CS,ZP,D
14:32:03,JSMR,RG,4000,3,D,CS,ZP,D
14:32:03,JSMR,RG,4000,4,D,CS,ZP,D
14:32:03,JSMR,RG,4000,4,D,CS,ZP,D
14:32:03,JSMR,RG,4000,1,D,CS,ZP,D
14:32:03,JSMR,RG,4000,3,D,CS,ZP,D
14:32:03,JSMR,RG,4000,8,D,CC,ZP,D
14:31:42,JSMR,RG,4000,6,D,CC,AK,F
14:31:42,JSMR,RG,4000,3,D,CC,ZP,D
14:31:40,JSMR,RG,4000,3,D,CS,ZP,D
14:31:37,JSMR,RG,4000,11,D,CS,ZP,D
14:31:26,JSMR,RG,4000,9,D,CS,ZP,D
14:31:17,JSMR,RG,4000,10,D,CS,ZP,D
14:31:07,JSMR,RG,4000,19,D,CS,ZP,D
14:30:48,JSMR,RG,4000,12,D,CS,ZP,D
14:30:20,JSMR,RG,4000,2,D,CS,ZP,D
14:30:20,JSMR,RG,4000,6,D,CS,ZP,D
14:30:20,JSMR,RG,4000,1,D,CS,ZP,D
14:30:19,JSMR,RG,4000,15,D,CS,ZP,D
14:30:19,JSMR,RG,4000,3,D,CS,ZP,D
14:30:19,JSMR,RG,4000,3,D,CS,ZP,D
14:30:19,JSMR,RG,4000,8,D,CS,ZP,D
14:30:19,JSMR,RG,4000,9,D,CS,ZP,D
14:30:19,JSMR,RG,4000,10,D,CS,ZP,D
14:30:19,JSMR,RG,4000,7,D,CS,ZP,D
14:30:19,JSMR,RG,4000,119,D,BQ,ZP,D
14:30:12,JSMR,RG,4000,23,D,BQ,AK,F
14:30:12,JSMR,RG,4000,200,D,BQ,ZP,D
14:30:12,JSMR,RG,4000,5,D,BQ,AK,F
14:30:12,JSMR,RG,4000,6,D,BQ,AK,F
14:30:12,JSMR,RG,4000,141,D,BQ,LG,D
14:30:07,JSMR,RG,4000,39,D,BQ,LG,D
14:30:07,JSMR,RG,4000,20,D,CP,LG,D
14:30:07,JSMR,RG,4000,1,D,CP,XC,D
14:30:07,JSMR,RG,4000,7,D,CP,AK,F
14:30:07,JSMR,RG,4000,9,D,CP,OD,D
14:30:07,JSMR,RG,4000,5,D,CP,AK,F
14:30:07,JSMR,RG,4000,58,D,CP,FS,D
14:30:02,JSMR,RG,4000,50,D,CS,FS,D
14:30:01,JSMR,RG,4000,103,D,YU,FS,D
14:29:52,JSMR,RG,4000,1,D,FS,FS,D
14:29:41,JSMR,RG,3990,5,D,YU,PD,D
14:29:41,JSMR,RG,3990,5,D,CS,PD,D
14:29:05,JSMR,RG,4000,2,D,XC,FS,D
14:29:04,JSMR,RG,4000,51,D,CS,FS,D
14:28:47,JSMR,RG,4000,10,D,NI,FS,D
14:28:04,JSMR,RG,4000,50,D,CS,FS,D
14:27:52,JSMR,RG,4000,1,D,FS,FS,D
14:27:05,JSMR,RG,4000,47,D,CS,FS,D
14:26:35,JSMR,RG,3990,7,D,CS,YP,D
14:26:35,JSMR,RG,3990,1,D,CS,YP,D
14:26:35,JSMR,RG,3990,1,D,CS,YP,D
14:26:35,JSMR,RG,3990,5,D,YP,YP,D
14:26:35,JSMR,RG,3990,36,D,YU,YP,D
14:26:09,JSMR,RG,4000,59,D,CS,FS,D
14:25:13,JSMR,RG,3990,8,D,YU,OD,D
14:25:01,JSMR,RG,4000,1,D,YB,FS,D
14:25:00,JSMR,RG,4000,122,D,YU,FS,D
14:23:44,JSMR,RG,4000,25,D,EP,FS,D
14:23:11,JSMR,RG,4000,21,D,CS,FS,D
14:23:11,JSMR,RG,4000,6,D,CS,FS,D
14:23:11,JSMR,RG,4000,6,D,CS,FS,D
14:23:10,JSMR,RG,4000,5,D,CS,FS,D
14:23:10,JSMR,RG,4000,20,D,CS,FS,D
14:23:10,JSMR,RG,4000,18,D,CS,FS,D
14:23:10,JSMR,RG,4000,41,D,YP,FS,D
14:23:10,JSMR,RG,4000,5,D,CS,FS,D
14:23:10,JSMR,RG,4000,17,D,CS,FS,D
14:23:10,JSMR,RG,4000,21,D,CS,FS,D
14:23:10,JSMR,RG,4000,2,D,CS,FS,D
14:23:10,JSMR,RG,4000,2,D,CS,FS,D
14:23:10,JSMR,RG,4000,3,D,CS,FS,D
14:23:10,JSMR,RG,4000,12,D,CS,FS,D
14:23:10,JSMR,RG,4000,4,D,CS,FS,D
14:23:10,JSMR,RG,4000,3,D,CS,FS,D
14:23:10,JSMR,RG,4000,6,D,CS,FS,D
14:23:10,JSMR,RG,4000,228,D,CS,FS,D
14:22:31,JSMR,RG,4010,39,D,CS,ZP,D
14:21:48,JSMR,RG,4000,10,D,CS,AK,F
14:21:48,JSMR,RG,4000,1,D,CS,PD,D
14:21:48,JSMR,RG,4000,11,D,CS,CC,D
14:21:44,JSMR,RG,4000,9,D,CC,CC,D
14:21:44,JSMR,RG,4000,1,D,CC,AK,F
14:21:43,JSMR,RG,4000,4,D,CS,AK,F
14:21:43,JSMR,RG,4000,3,D,CS,AK,F
14:21:42,JSMR,RG,4000,12,D,NI,AK,F
14:21:42,JSMR,RG,4000,11,D,NI,AK,F
14:21:42,JSMR,RG,4000,1,D,NI,YP,D
14:21:42,JSMR,RG,4000,13,D,NI,SQ,D
14:21:42,JSMR,RG,4000,5,D,NI,CC,D
14:21:42,JSMR,RG,4000,1,D,NI,KK,D
14:21:42,JSMR,RG,4000,3,D,NI,AK,F
14:21:42,JSMR,RG,4000,7,D,NI,AK,F
14:21:42,JSMR,RG,4000,3,D,NI,YP,D
14:21:42,JSMR,RG,4000,1,D,NI,OD,D
14:21:42,JSMR,RG,4000,193,D,NI,CC,D
14:21:40,JSMR,RG,4000,1,D,CS,CC,D
14:21:40,JSMR,RG,4000,11,D,CS,LG,D
14:21:40,JSMR,RG,4000,5,D,CS,LG,D
14:21:40,JSMR,RG,4000,12,D,CS,LG,D
14:21:40,JSMR,RG,4000,115,D,YU,LG,D
14:20:59,JSMR,RG,4000,13,D,CS,LG,D
14:20:11,JSMR,RG,4000,8,D,CS,LG,D
14:20:07,JSMR,RG,4000,7,D,CS,LG,D
14:20:07,JSMR,RG,4000,15,D,CS,LG,D
14:20:07,JSMR,RG,4000,1,D,CS,LG,D
14:20:07,JSMR,RG,4000,1,D,CS,LG,D
14:20:07,JSMR,RG,4000,2,D,CS,LG,D
14:20:07,JSMR,RG,4000,4,D,CS,LG,D
14:20:07,JSMR,RG,4000,6,D,CS,LG,D
14:19:15,JSMR,RG,4000,9,D,CS,AK,F
14:19:15,JSMR,RG,4000,3,D,CS,AK,F
14:19:15,JSMR,RG,4000,2,D,CS,AK,F
14:19:15,JSMR,RG,4000,1,D,CS,AK,F
14:19:15,JSMR,RG,4000,5,D,CS,PD,D
14:19:06,JSMR,RG,3990,2,D,YU,XC,D
14:18:44,JSMR,RG,4000,19,D,CS,PD,D
14:18:44,JSMR,RG,4000,3,D,CS,PD,D
14:18:44,JSMR,RG,4000,4,D,CS,PD,D
14:18:14,JSMR,RG,4000,17,D,CS,PD,D
14:17:45,JSMR,RG,4000,2,D,CS,PD,D
14:17:45,JSMR,RG,4000,13,D,CS,LG,D
14:17:30,JSMR,RG,4000,105,D,YU,LG,D
14:16:24,JSMR,RG,4000,1,D,HP,LG,D
14:16:05,JSMR,RG,4000,5,D,HP,LG,D
14:13:52,JSMR,RG,4000,5,D,YP,LG,D
14:13:40,JSMR,RG,4000,3,D,YP,LG,D
14:13:22,JSMR,RG,4000,68,D,CS,LG,D
14:13:22,JSMR,RG,4000,3,D,CS,XC,D
14:13:22,JSMR,RG,4000,6,D,CS,AK,F
14:13:22,JSMR,RG,4000,6,D,CS,PD,D
14:13:22,JSMR,RG,4000,100,D,CS,LG,D
14:13:22,JSMR,RG,4000,3,D,CS,AK,F
14:13:22,JSMR,RG,4000,9,D,CS,OD,D
14:13:22,JSMR,RG,4000,4,D,CS,AK,F
14:13:22,JSMR,RG,4000,3,D,CS,AK,F
14:13:22,JSMR,RG,4000,37,D,CS,AK,F
14:13:22,JSMR,RG,4000,11,D,CS,LG,D
14:11:59,JSMR,RG,3990,5,D,YU,AK,F
14:11:59,JSMR,RG,3990,2,D,CS,AK,F
14:11:59,JSMR,RG,3990,6,D,CS,AK,F
14:11:59,JSMR,RG,3990,3,D,YP,AK,F
14:11:58,JSMR,RG,3990,2,D,YP,OD,D
14:11:58,JSMR,RG,3990,7,D,YU,OD,D
14:11:42,JSMR,RG,3990,21,D,YU,PD,D
14:11:00,JSMR,RG,3990,12,D,YU,AK,F
14:09:45,JSMR,RG,3990,13,D,YU,CC,D
14:09:45,JSMR,RG,3990,3,D,CC,CC,D
14:09:45,JSMR,RG,3990,1,D,PD,CC,D
14:09:45,JSMR,RG,3990,1,D,XC,CC,D
14:09:45,JSMR,RG,3990,2,D,NI,CC,D
14:09:45,JSMR,RG,3990,7,D,CS,CC,D
14:09:45,JSMR,RG,3990,11,D,CS,CC,D
14:09:45,JSMR,RG,3990,50,D,KK,CC,D
14:09:45,JSMR,RG,3990,56,D,YU,CC,D
14:09:45,JSMR,RG,3990,9,D,KK,CC,D
14:09:45,JSMR,RG,3990,8,D,CS,CC,D
14:09:45,JSMR,RG,3990,1,D,YP,CC,D
14:09:45,JSMR,RG,3990,17,D,CS,CC,D
14:09:45,JSMR,RG,3990,54,D,YU,CC,D
14:09:45,JSMR,RG,3990,5,D,XC,CC,D
14:09:45,JSMR,RG,3990,3,D,PD,CC,D
14:08:59,JSMR,RG,3990,6,D,PD,AK,F
14:08:58,JSMR,RG,4000,25,D,KK,LG,D
14:08:06,JSMR,RG,4000,10,D,CC,LG,D
14:07:30,JSMR,RG,4000,9,D,CS,LG,D
14:07:30,JSMR,RG,3990,1,D,PD,AK,F
14:07:30,JSMR,RG,3990,1,D,PD,AK,F
14:07:30,JSMR,RG,3990,1,D,PD,AK,F
14:07:30,JSMR,RG,3990,1,D,YB,AK,F
14:07:30,JSMR,RG,3990,3,D,YP,AK,F
14:06:29,JSMR,RG,4000,18,D,CS,LG,D
14:05:59,JSMR,RG,3990,2,D,YP,CD,D
14:05:45,JSMR,RG,3990,9,D,EP,AK,F
14:05:00,JSMR,RG,4000,10,D,YU,LG,D
14:05:00,JSMR,RG,4000,17,D,YU,LG,D
14:05:00,JSMR,RG,4000,100,D,YU,LG,D
14:04:18,JSMR,RG,3990,1,D,EP,YP,D
14:04:15,JSMR,RG,3990,7,D,EP,AK,F
14:02:15,JSMR,RG,3990,7,D,EP,AK,F
14:02:13,JSMR,RG,3990,1,D,EP,PD,D
14:02:13,JSMR,RG,3990,1,D,DH,PD,D
14:02:13,JSMR,RG,3990,1,D,NI,PD,D
14:02:13,JSMR,RG,3990,2,D,XC,PD,D
14:01:41,JSMR,RG,3990,5,D,XC,YP,D
14:01:13,JSMR,RG,3990,3,D,XC,YP,D
14:01:13,JSMR,RG,3990,7,D,PD,YP,D
14:01:00,JSMR,RG,3990,3,D,PD,AK,F
14:01:00,JSMR,RG,3990,1,D,NI,AK,F
14:01:00,JSMR,RG,3990,1,D,CC,AK,F
14:01:00,JSMR,RG,3990,1,D,CC,AK,F
14:00:24,JSMR,RG,3990,2,D,CC,YP,D
14:00:16,JSMR,RG,3990,3,D,CC,CC,D
13:59:49,JSMR,RG,3990,80,D,CC,PD,D
13:59:41,JSMR,RG,3990,3,D,CC,AZ,D
13:59:35,JSMR,RG,3990,10,D,CC,XA,D
13:59:30,JSMR,RG,3990,7,D,CC,AK,F
13:57:39,JSMR,RG,3990,9,D,CC,AK,F
13:57:38,JSMR,RG,3990,2,D,CC,XC,D
13:57:29,JSMR,RG,3990,7,D,CC,CC,D
13:57:29,JSMR,RG,3990,20,D,CC,CC,D
13:57:00,JSMR,RG,3990,9,D,CC,OD,D
13:55:46,JSMR,RG,4000,49,D,YU,ZP,D
13:55:46,JSMR,RG,4000,13,D,DR,ZP,D
13:55:46,JSMR,RG,4000,2,D,NI,ZP,D
13:55:46,JSMR,RG,4000,1,D,OD,ZP,D
13:55:46,JSMR,RG,4000,12,D,PD,ZP,D
13:55:46,JSMR,RG,4000,1,D,XC,ZP,D
13:55:46,JSMR,RG,4000,5,D,PD,ZP,D
13:55:46,JSMR,RG,4000,50,D,YP,ZP,D
13:55:46,JSMR,RG,4000,5,D,PD,ZP,D
13:55:46,JSMR,RG,4000,5,D,DR,ZP,D
13:55:46,JSMR,RG,4000,5,D,YP,ZP,D
13:55:46,JSMR,RG,4000,2,D,YB,ZP,D
13:55:46,JSMR,RG,4000,5,D,KK,ZP,D
13:55:46,JSMR,RG,4000,2,D,XC,ZP,D
13:55:46,JSMR,RG,4000,2,D,XC,ZP,D
13:55:46,JSMR,RG,4000,1,D,PD,ZP,D
13:55:46,JSMR,RG,4000,2,D,YP,ZP,D
13:55:46,JSMR,RG,4000,100,D,CD,ZP,D
13:55:46,JSMR,RG,4000,5,D,PD,ZP,D
13:55:46,JSMR,RG,4000,2,D,YP,ZP,D
13:55:46,JSMR,RG,4000,10,D,PD,ZP,D
13:55:46,JSMR,RG,4000,4,D,YP,ZP,D
13:55:46,JSMR,RG,4000,200,D,SQ,ZP,D
13:55:46,JSMR,RG,4000,2,D,GR,ZP,D
13:55:46,JSMR,RG,4000,1,D,GR,ZP,D
13:55:46,JSMR,RG,4000,2,D,CC,ZP,D
13:55:46,JSMR,RG,4000,6,D,YP,ZP,D
13:55:46,JSMR,RG,4000,3,D,XC,ZP,D
13:55:46,JSMR,RG,4000,3,D,NI,ZP,D
13:55:46,JSMR,RG,4000,6,D,YP,ZP,D
13:55:32,JSMR,RG,4000,5,D,YP,XC,D
13:55:31,JSMR,RG,4000,1,D,YP,KK,D
13:55:31,JSMR,RG,4000,2,D,YP,KK,D
13:55:31,JSMR,RG,4000,2,D,YP,EP,D
13:55:30,JSMR,RG,4000,6,D,YP,AK,F
13:55:30,JSMR,RG,4000,5,D,CC,AK,F
13:54:17,JSMR,RG,4010,2,D,CS,ZP,D
13:54:17,JSMR,RG,4010,7,D,CS,ZP,D
13:54:17,JSMR,RG,4010,5,D,DR,ZP,D
13:54:17,JSMR,RG,4010,1,D,YB,ZP,D
13:54:17,JSMR,RG,4010,6,D,CS,ZP,D
13:54:17,JSMR,RG,4010,55,D,YU,ZP,D
13:54:17,JSMR,RG,4010,10,D,XC,ZP,D
13:54:17,JSMR,RG,4010,2,D,CS,ZP,D
13:54:17,JSMR,RG,4010,7,D,CS,ZP,D
13:54:17,JSMR,RG,4010,63,D,YU,ZP,D
13:54:17,JSMR,RG,4010,4,D,CS,ZP,D
13:54:17,JSMR,RG,4010,1,D,CS,ZP,D
13:54:17,JSMR,RG,4010,26,D,YU,ZP,D
13:53:30,JSMR,RG,4010,7,D,YU,AK,F
13:52:51,JSMR,RG,4010,1,D,YU,YB,D
13:51:45,JSMR,RG,4010,8,D,YU,AK,F
13:50:42,JSMR,RG,4020,2,D,DR,ZP,D
13:49:56,JSMR,RG,4010,11,D,YU,YP,D
13:49:45,JSMR,RG,4010,10,D,YU,AK,F
13:48:45,JSMR,RG,4010,1,D,YU,PD,D
13:48:45,JSMR,RG,4010,2,D,CS,PD,D
13:48:44,JSMR,RG,4010,6,D,CS,PD,D
13:48:44,JSMR,RG,4010,1,D,CS,PD,D
13:48:44,JSMR,RG,4010,3,D,PD,PD,D
13:48:44,JSMR,RG,4010,2,D,CS,PD,D
13:48:43,JSMR,RG,4010,1,D,CS,AG,D
13:48:43,JSMR,RG,4010,55,D,YU,AG,D
13:48:43,JSMR,RG,4010,1,D,YP,AG,D
13:48:43,JSMR,RG,4010,5,D,CS,AG,D
13:48:43,JSMR,RG,4010,5,D,CC,AG,D
13:48:43,JSMR,RG,4010,14,D,CS,AG,D
13:48:43,JSMR,RG,4010,2,D,YB,AG,D
13:48:43,JSMR,RG,4010,5,D,CS,AG,D
13:48:43,JSMR,RG,4010,2,D,CS,AG,D
13:48:43,JSMR,RG,4010,1,D,CS,AG,D
13:48:43,JSMR,RG,4010,3,D,CS,AG,D
13:48:43,JSMR,RG,4010,6,D,CS,AG,D
13:48:00,JSMR,RG,4010,6,D,CS,PD,D
13:48:00,JSMR,RG,4010,3,D,CS,PD,D
13:48:00,JSMR,RG,4010,5,D,XC,PD,D
13:48:00,JSMR,RG,4010,20,D,CC,PD,D
13:48:00,JSMR,RG,4010,54,D,YU,PD,D
13:48:00,JSMR,RG,4010,3,D,CS,PD,D
13:48:00,JSMR,RG,4010,9,D,YU,PD,D
13:47:30,JSMR,RG,4010,10,D,YU,AK,F
13:46:51,JSMR,RG,4020,11,D,CS,ZP,D
13:46:44,JSMR,RG,4020,2,D,CS,ZP,D
13:46:44,JSMR,RG,4020,17,D,CS,LG,D
13:46:44,JSMR,RG,4020,5,D,CC,LG,D
13:46:42,JSMR,RG,4020,1,D,FS,LG,D
13:46:15,JSMR,RG,4020,77,D,YU,LG,D
13:46:15,JSMR,RG,4020,20,D,YU,YP,D
13:46:15,JSMR,RG,4020,4,D,YU,EP,D
13:45:30,JSMR,RG,4010,7,D,YU,AK,F
13:43:56,JSMR,RG,4020,3,D,CC,EP,D
13:43:45,JSMR,RG,4010,9,D,YU,AK,F
13:41:37,JSMR,RG,4010,5,D,YU,YP,D
13:41:33,JSMR,RG,4020,11,D,CS,EP,D
13:41:25,JSMR,RG,4020,2,D,CS,EP,D
13:41:25,JSMR,RG,4020,6,D,CS,AK,F
13:41:25,JSMR,RG,4020,9,D,CS,OD,D
13:41:25,JSMR,RG,4020,2,D,CS,AK,F
13:40:00,JSMR,RG,4020,5,D,YU,AK,F
13:40:00,JSMR,RG,4020,8,D,YU,AK,F
13:40:00,JSMR,RG,4020,41,D,YU,AK,F
13:40:00,JSMR,RG,4020,17,D,YU,AK,F
13:40:00,JSMR,RG,4020,53,D,YU,LS,D
13:39:37,JSMR,RG,4010,9,D,YU,LG,D
13:39:37,JSMR,RG,4010,1,D,CS,LG,D
13:39:24,JSMR,RG,4010,1,D,CS,XC,D
13:37:42,JSMR,RG,4010,3,D,CS,YP,D
13:37:09,JSMR,RG,4020,22,D,AG,LS,D
13:37:09,JSMR,RG,4020,1,D,AG,YP,D
13:37:09,JSMR,RG,4020,12,D,AG,PD,D
13:37:09,JSMR,RG,4020,60,D,AG,SQ,D
13:37:09,JSMR,RG,4020,5,D,AG,SQ,D
13:36:43,JSMR,RG,4020,1,D,NI,SQ,D
13:35:59,JSMR,RG,4010,9,D,CS,YP,D
13:35:59,JSMR,RG,4010,1,D,CS,YP,D
13:35:46,JSMR,RG,4010,1,D,CS,KK,D
13:35:46,JSMR,RG,4010,2,D,OD,KK,D
13:34:44,JSMR,RG,4010,11,D,OD,YP,D
13:34:23,JSMR,RG,4010,1,D,OD,PD,D
13:34:23,JSMR,RG,4010,2,D,PD,PD,D
13:34:23,JSMR,RG,4010,1,D,YP,PD,D
13:34:23,JSMR,RG,4010,1,D,YP,PD,D
13:34:02,JSMR,RG,4010,9,D,DR,PD,D
13:33:39,JSMR,RG,4020,5,D,YU,SQ,D
13:32:31,JSMR,RG,4020,13,D,YP,SQ,D
13:32:31,JSMR,RG,4020,2,D,YP,CC,D
13:32:12,JSMR,RG,4010,25,D,DR,CC,D
13:31:11,JSMR,RG,4010,11,D,DR,YP,D
13:30:23,JSMR,RG,4010,50,D,DR,XC,D
13:30:15,JSMR,RG,4010,5,D,DR,AK,F
13:30:15,JSMR,RG,4010,6,D,CS,AK,F
13:30:15,JSMR,RG,4010,6,D,CS,AK,F
13:30:12,JSMR,RG,4020,4,D,PD,DH,D
13:30:12,JSMR,RG,4020,2,D,PD,YP,D
13:30:12,JSMR,RG,4020,1,D,XC,YP,D
13:30:11,JSMR,RG,4020,1,D,CC,YP,D
13:30:07,JSMR,RG,4020,3,D,YP,YP,D
13:30:07,JSMR,RG,4020,7,D,YP,PD,D
13:30:07,JSMR,RG,4020,1,F,ZP,PD,D
13:30:05,JSMR,RG,4010,2,D,CS,PD,D
13:30:04,JSMR,RG,4020,2,D,YP,PD,D
13:30:03,JSMR,RG,4030,5,D,YU,XC,D
13:30:03,JSMR,RG,4020,10,D,YU,YU,D
13:30:03,JSMR,RG,4020,30,D,YU,KK,D
13:30:03,JSMR,RG,4020,20,D,YU,EP,D
11:29:44,JSMR,RG,4020,1,D,CS,AK,F
11:29:43,JSMR,RG,4010,1,F,BK,AK,F
11:29:34,JSMR,RG,4020,1,D,CS,AK,F
11:29:10,JSMR,RG,4010,2,F,BK,AK,F
11:29:10,JSMR,RG,4010,1,D,SQ,AK,F
11:29:10,JSMR,RG,4020,1,D,CS,AK,F
11:29:10,JSMR,RG,4020,5,D,CS,HP,D
11:28:09,JSMR,RG,4020,1,D,CS,ZP,D
11:28:08,JSMR,RG,4020,2,D,CS,ZP,D
11:28:08,JSMR,RG,4020,9,D,CS,ZP,D
11:28:08,JSMR,RG,4020,2,D,CS,ZP,D
11:28:08,JSMR,RG,4020,5,D,NI,ZP,D
11:28:08,JSMR,RG,4020,1,D,CS,ZP,D
11:28:08,JSMR,RG,4020,5,D,CS,ZP,D
11:28:08,JSMR,RG,4020,8,D,CS,ZP,D
11:28:08,JSMR,RG,4020,317,F,ZP,ZP,D
11:26:19,JSMR,RG,4020,20,F,ZP,KK,D
11:26:19,JSMR,RG,4020,47,F,ZP,BK,F
11:26:19,JSMR,RG,4020,100,F,ZP,LG,D
11:26:19,JSMR,RG,4020,100,F,ZP,LG,D
11:26:19,JSMR,RG,4020,13,F,ZP,AK,F
11:26:19,JSMR,RG,4020,1,F,ZP,ZP,F
11:26:19,JSMR,RG,4020,20,F,ZP,HP,D
11:26:19,JSMR,RG,4020,1,F,ZP,PD,D
11:26:19,JSMR,RG,4020,8,F,ZP,AK,F
11:26:19,JSMR,RG,4020,16,F,ZP,CC,D
11:25:31,JSMR,RG,4020,1,D,SQ,CC,D
11:24:30,JSMR,RG,4020,7,D,CS,CC,D
11:24:30,JSMR,RG,4020,75,D,YU,CC,D
11:24:30,JSMR,RG,4020,14,D,YU,AK,F
11:24:30,JSMR,RG,4020,15,D,YU,PD,D
11:24:30,JSMR,RG,4020,1,D,YU,KK,D
11:24:30,JSMR,RG,4020,1,D,YU,AK,F
11:24:30,JSMR,RG,4020,1,D,YU,AK,F
11:24:30,JSMR,RG,4020,9,D,YU,OD,D
11:24:30,JSMR,RG,4020,2,D,YU,XC,D
11:24:30,JSMR,RG,4020,19,D,YU,LG,D
11:22:00,JSMR,RG,4020,81,D,YU,LG,D
11:22:00,JSMR,RG,4020,1,D,YU,XC,D
11:22:00,JSMR,RG,4020,1,D,YU,DR,D
11:22:00,JSMR,RG,4020,12,D,YU,PD,D
11:20:03,JSMR,RG,4020,15,D,NI,PD,D
11:20:03,JSMR,RG,4020,1,D,NI,AK,F
11:20:03,JSMR,RG,4020,1,D,NI,PD,D
11:20:03,JSMR,RG,4020,1,D,NI,AK,F
11:18:20,JSMR,RG,4020,7,D,YU,AK,F
11:18:20,JSMR,RG,4020,29,D,YU,AK,F
11:18:20,JSMR,RG,4020,79,D,YU,LG,D
11:15:16,JSMR,RG,4010,26,D,YU,AZ,D
11:15:16,JSMR,RG,4010,17,F,ZP,AZ,D
11:15:16,JSMR,RG,4010,7,F,ZP,AZ,D
11:15:14,JSMR,RG,4010,1,F,ZP,XC,D
11:15:13,JSMR,RG,4010,8,F,ZP,AK,F
11:15:13,JSMR,RG,4010,7,F,ZP,AK,F
11:15:00,JSMR,RG,4010,9,F,ZP,OD,D
11:14:00,JSMR,RG,4010,1,F,ZP,PD,D
11:14:00,JSMR,RG,4010,1,F,ZP,PD,D
11:12:47,JSMR,RG,4010,61,D,YU,ZP,D
11:12:47,JSMR,RG,4010,17,F,ZP,ZP,D
11:12:47,JSMR,RG,4010,8,D,CS,ZP,D
11:12:47,JSMR,RG,4010,12,D,CS,ZP,D
11:12:47,JSMR,RG,4010,8,D,CS,ZP,D
11:12:47,JSMR,RG,4010,6,D,CS,ZP,D
11:12:47,JSMR,RG,4010,17,F,ZP,ZP,D
11:12:47,JSMR,RG,4010,1,D,CS,ZP,D
11:12:47,JSMR,RG,4010,9,D,CS,ZP,D
11:12:47,JSMR,RG,4010,16,F,ZP,ZP,D
11:12:47,JSMR,RG,4010,4,D,CS,ZP,D
11:12:47,JSMR,RG,4010,16,F,ZP,ZP,D
11:12:47,JSMR,RG,4010,5,D,DR,ZP,D
11:12:47,JSMR,RG,4010,2,D,NI,ZP,D
11:12:47,JSMR,RG,4010,5,D,PD,ZP,D
11:12:47,JSMR,RG,4010,2,D,YB,ZP,D
11:12:47,JSMR,RG,4010,5,D,KK,ZP,D
11:12:47,JSMR,RG,4010,1,D,CC,ZP,D
11:12:47,JSMR,RG,4010,52,D,YU,ZP,D
11:12:47,JSMR,RG,4010,5,D,CS,ZP,D
11:12:47,JSMR,RG,4010,5,D,BQ,ZP,D
11:12:47,JSMR,RG,4010,60,D,YU,ZP,D
11:12:47,JSMR,RG,4010,12,D,OD,ZP,D
11:12:47,JSMR,RG,4010,25,D,YP,ZP,D
11:12:47,JSMR,RG,4010,10,D,CC,ZP,D
11:12:47,JSMR,RG,4010,25,D,KK,ZP,D
11:12:47,JSMR,RG,4010,20,D,DH,ZP,D
11:12:47,JSMR,RG,4010,5,D,YP,ZP,D
11:12:47,JSMR,RG,4010,25,D,YP,ZP,D
11:12:47,JSMR,RG,4010,1,D,XC,ZP,D
11:12:47,JSMR,RG,4010,2,D,PD,ZP,D
11:12:47,JSMR,RG,4010,1,D,KK,ZP,D
11:12:47,JSMR,RG,4010,1,D,KK,ZP,D
11:12:47,JSMR,RG,4010,25,D,KK,ZP,D
11:12:47,JSMR,RG,4010,24,D,XC,ZP,D
11:12:47,JSMR,RG,4010,59,D,KK,ZP,D
11:12:07,JSMR,RG,4020,13,D,CS,LG,D
11:11:43,JSMR,RG,4010,17,D,KK,AK,F
11:10:15,JSMR,RG,4020,5,D,CS,LG,D
11:10:00,JSMR,RG,4020,3,D,YU,LG,D
11:10:00,JSMR,RG,4020,9,D,YU,OD,D
11:10:00,JSMR,RG,4020,2,D,YU,AK,F
11:10:00,JSMR,RG,4020,1,D,YU,AK,F
11:10:00,JSMR,RG,4020,95,D,YU,ZP,D
11:09:43,JSMR,RG,4010,1,D,KK,DR,D
11:08:00,JSMR,RG,4020,12,D,CS,ZP,D
11:06:00,JSMR,RG,4020,43,D,YU,ZP,D
11:06:00,JSMR,RG,4020,2,D,YU,AK,F
11:06:00,JSMR,RG,4020,8,D,YU,AK,F
11:06:00,JSMR,RG,4020,8,D,YU,AK,F
11:06:00,JSMR,RG,4020,37,D,YU,LG,D
11:05:44,JSMR,RG,4010,1,D,KK,XC,D
11:03:35,JSMR,RG,4020,7,D,CS,LG,D
11:03:35,JSMR,RG,4020,3,D,CS,LG,D
11:03:35,JSMR,RG,4020,3,D,CS,LG,D
11:03:35,JSMR,RG,4020,1,D,CS,LG,D
11:03:35,JSMR,RG,4020,10,D,YP,LG,D
11:03:35,JSMR,RG,4020,1,D,CC,LG,D
11:03:35,JSMR,RG,4020,2,D,CS,LG,D
11:03:35,JSMR,RG,4020,1,D,CS,LG,D
11:03:35,JSMR,RG,4020,1,D,CS,LG,D
11:03:35,JSMR,RG,4020,3,D,CS,LG,D
11:03:35,JSMR,RG,4020,13,D,CS,LG,D
11:03:35,JSMR,RG,4020,2,D,CS,LG,D
11:03:35,JSMR,RG,4020,2,D,CS,LG,D
11:03:35,JSMR,RG,4020,1,D,CS,LG,D
11:03:35,JSMR,RG,4020,3,D,CS,LG,D
11:03:35,JSMR,RG,4020,25,D,EP,LG,D
11:03:35,JSMR,RG,4020,17,F,ZP,LG,D
11:03:35,JSMR,RG,4020,16,F,ZP,LG,D
11:03:35,JSMR,RG,4020,16,F,ZP,LG,D
11:03:35,JSMR,RG,4020,17,F,ZP,LG,D
11:03:35,JSMR,RG,4020,17,F,ZP,LG,D
11:03:35,JSMR,RG,4020,2,F,ZP,LG,D
11:02:17,JSMR,RG,4030,1,D,FS,XC,D
11:02:03,JSMR,RG,4020,5,F,ZP,PD,D
11:02:00,JSMR,RG,4030,99,D,YU,XC,D
11:02:00,JSMR,RG,4030,15,D,YU,PD,D
11:02:00,JSMR,RG,4030,1,D,YU,GR,D
11:01:01,JSMR,RG,4020,9,F,ZP,YP,D
11:01:01,JSMR,RG,4020,2,D,CS,YP,D
10:59:33,JSMR,RG,4030,1,D,XC,GR,D
10:58:00,JSMR,RG,4030,18,D,YU,GR,D
10:58:00,JSMR,RG,4030,45,D,YU,ZP,D
10:56:48,JSMR,RG,4020,2,D,YU,KK,D
10:56:00,JSMR,RG,4020,1,D,YU,AK,F
10:56:00,JSMR,RG,4020,2,D,YU,AK,F
10:56:00,JSMR,RG,4020,8,D,YU,AK,F
10:56:00,JSMR,RG,4020,10,D,YU,XC,D
10:56:00,JSMR,RG,4020,27,D,YU,AK,F
10:56:00,JSMR,RG,4020,1,D,YU,AK,F
10:56:00,JSMR,RG,4020,4,D,YU,AK,F
10:56:00,JSMR,RG,4020,41,D,YU,ZP,D
10:55:58,JSMR,RG,4020,5,D,CS,ZP,D
10:54:49,JSMR,RG,4010,14,D,KK,NI,D
10:54:33,JSMR,RG,4020,3,D,CS,ZP,D
10:54:29,JSMR,RG,4020,5,D,YU,ZP,D
10:54:28,JSMR,RG,4010,4,D,KK,AK,F
10:53:55,JSMR,RG,4020,6,D,CS,ZP,D
10:52:51,JSMR,RG,4020,3,D,CS,ZP,D
10:52:00,JSMR,RG,4020,6,D,CS,ZP,D
10:52:00,JSMR,RG,4020,31,D,YU,ZP,D
10:52:00,JSMR,RG,4020,6,D,YU,PD,D
10:52:00,JSMR,RG,4020,8,D,YU,XC,D
10:52:00,JSMR,RG,4020,1,D,YU,AK,F
10:52:00,JSMR,RG,4020,16,D,YU,XC,D
10:52:00,JSMR,RG,4020,45,D,YU,EP,D
10:52:00,JSMR,RG,4020,1,D,YU,AK,F
10:52:00,JSMR,RG,4020,4,D,YU,ZP,D
10:50:56,JSMR,RG,4020,5,D,SQ,ZP,D
10:48:16,JSMR,RG,4020,2,D,DR,ZP,D
10:48:12,JSMR,RG,4020,3,D,YU,ZP,D
10:47:30,JSMR,RG,4020,86,D,YU,ZP,D
10:47:30,JSMR,RG,4020,3,D,YU,AK,F
10:47:30,JSMR,RG,4020,7,D,YU,PD,D
10:47:30,JSMR,RG,4020,2,D,YU,YP,D
10:47:30,JSMR,RG,4020,2,D,YU,YP,D
10:47:26,JSMR,RG,4010,4,D,KK,CC,D
10:47:26,JSMR,RG,4010,1,D,KK,CC,D
10:44:55,JSMR,RG,4010,2,D,AG,PD,D
10:44:16,JSMR,RG,4010,3,D,AG,XC,D
10:43:48,JSMR,RG,4010,15,D,AG,OD,D
10:42:18,JSMR,RG,4010,25,D,AG,YP,D
10:42:00,JSMR,RG,4020,1,D,XC,AK,F
10:41:32,JSMR,RG,4020,1,D,YP,AK,F
10:41:32,JSMR,RG,4020,19,D,YP,ZP,D
10:41:14,JSMR,RG,4020,1,D,BQ,ZP,D
10:40:23,JSMR,RG,4020,80,D,AG,ZP,D
10:40:23,JSMR,RG,4020,1,D,AG,XC,D
10:40:23,JSMR,RG,4020,19,D,AG,LG,D
10:40:22,JSMR,RG,4020,2,D,DR,LG,D
10:38:55,JSMR,RG,4020,5,D,CS,LG,D
10:38:54,JSMR,RG,4020,3,D,CS,LG,D
10:38:54,JSMR,RG,4020,6,D,CS,LG,D
10:38:54,JSMR,RG,4020,7,D,CS,LG,D
10:38:54,JSMR,RG,4020,4,D,CS,LG,D
10:38:54,JSMR,RG,4020,52,D,YU,LG,D
10:38:54,JSMR,RG,4020,2,D,XC,LG,D
10:38:54,JSMR,RG,4020,5,D,YP,LG,D
10:38:54,JSMR,RG,4020,17,F,ZP,LG,D
10:38:54,JSMR,RG,4020,16,F,ZP,LG,D
10:38:54,JSMR,RG,4020,7,D,CS,LG,D
10:38:54,JSMR,RG,4020,6,D,CS,LG,D
10:38:54,JSMR,RG,4020,6,D,CS,LG,D
10:38:54,JSMR,RG,4020,7,D,CS,LG,D
10:38:54,JSMR,RG,4020,58,D,YU,LG,D
10:38:54,JSMR,RG,4020,7,D,CS,LG,D
10:38:54,JSMR,RG,4020,48,D,YU,LG,D
10:38:54,JSMR,RG,4020,6,D,CS,LG,D
10:38:54,JSMR,RG,4020,6,D,CS,LG,D
10:38:54,JSMR,RG,4020,8,D,CS,LG,D
10:38:54,JSMR,RG,4020,3,D,GR,LG,D
10:38:17,JSMR,RG,4020,16,D,GR,DR,D
10:38:17,JSMR,RG,4020,8,D,LG,DR,D
10:37:01,JSMR,RG,4020,1,D,LG,CC,D
10:36:05,JSMR,RG,4020,5,D,LG,YP,D
10:34:40,JSMR,RG,4020,1,D,LG,YP,D
10:34:28,JSMR,RG,4020,2,D,LG,YP,D
10:34:16,JSMR,RG,4020,10,D,LG,YP,D
10:33:20,JSMR,RG,4030,55,D,YU,ZP,D
10:33:20,JSMR,RG,4030,1,D,YU,XC,D
10:33:20,JSMR,RG,4030,3,D,YU,XC,D
10:33:20,JSMR,RG,4030,5,D,YU,OD,D
10:33:20,JSMR,RG,4030,50,D,YU,LG,D
10:32:30,JSMR,RG,4020,17,D,LG,KK,D
10:32:30,JSMR,RG,4020,10,D,YP,KK,D
10:32:05,JSMR,RG,4030,9,D,CS,LG,D
10:31:52,JSMR,RG,4030,16,D,CS,LG,D
10:29:52,JSMR,RG,4030,25,D,KK,LG,D
10:29:52,JSMR,RG,4030,9,D,KK,SQ,D
10:29:52,JSMR,RG,4030,1,D,KK,SQ,D
10:29:52,JSMR,RG,4030,1,D,KK,GR,D
10:29:52,JSMR,RG,4030,1,D,KK,AK,F
10:29:52,JSMR,RG,4030,1,D,KK,AK,F
10:29:52,JSMR,RG,4030,1,D,KK,AK,F
10:29:52,JSMR,RG,4030,61,D,KK,ZP,D
10:28:57,JSMR,RG,4030,5,D,NI,ZP,D
10:27:30,JSMR,RG,4030,34,D,YU,ZP,D
10:27:30,JSMR,RG,4030,66,D,YU,LG,D
10:27:01,JSMR,RG,4030,3,D,CC,LG,D
10:26:32,JSMR,RG,4030,1,D,XC,LG,D
10:23:49,JSMR,RG,4030,1,D,XC,LG,D
10:23:41,JSMR,RG,4030,4,D,YP,LG,D
10:23:28,JSMR,RG,4020,10,D,YP,OD,D
10:23:28,JSMR,RG,4020,1,D,XC,OD,D
10:23:28,JSMR,RG,4020,10,D,YP,OD,D
10:20:18,JSMR,RG,4030,25,D,YP,LG,D
10:18:30,JSMR,RG,4030,1,D,CS,PD,D
10:18:30,JSMR,RG,4030,1,D,CS,PD,D
10:18:30,JSMR,RG,4030,1,D,CS,PD,D
10:18:30,JSMR,RG,4030,1,D,CS,PD,D
10:17:56,JSMR,RG,4030,2,D,CS,LG,D
10:17:56,JSMR,RG,4030,13,D,CS,LG,D
10:17:55,JSMR,RG,4030,2,D,CS,LG,D
10:17:55,JSMR,RG,4030,1,D,CS,LG,D
10:17:55,JSMR,RG,4030,3,D,CS,LG,D
10:17:55,JSMR,RG,4030,5,D,CS,LG,D
10:17:55,JSMR,RG,4030,4,D,CS,LG,D
10:17:55,JSMR,RG,4030,2,F,ZP,LG,D
10:17:55,JSMR,RG,4030,2,D,CS,LG,D
10:17:55,JSMR,RG,4030,1,D,CS,LG,D
10:17:55,JSMR,RG,4030,4,D,CS,LG,D
10:17:55,JSMR,RG,4030,1,D,CS,LG,D
10:17:55,JSMR,RG,4030,60,D,YU,LG,D
10:17:26,JSMR,RG,4040,5,D,DR,ZP,D
10:16:32,JSMR,RG,4030,8,D,CS,ZP,D
10:16:32,JSMR,RG,4030,5,D,CS,ZP,D
10:16:32,JSMR,RG,4030,1,F,ZP,ZP,D
10:16:32,JSMR,RG,4030,1,D,CS,ZP,D
10:16:32,JSMR,RG,4030,57,D,YU,ZP,D
10:16:32,JSMR,RG,4030,3,D,CS,ZP,D
10:16:32,JSMR,RG,4030,16,F,ZP,ZP,D
10:16:32,JSMR,RG,4030,17,F,ZP,ZP,D
10:16:32,JSMR,RG,4030,12,F,ZP,ZP,D
10:16:32,JSMR,RG,4030,17,F,ZP,ZP,D
10:16:32,JSMR,RG,4030,16,F,ZP,ZP,D
10:16:32,JSMR,RG,4030,17,F,ZP,ZP,D
10:16:32,JSMR,RG,4030,16,F,ZP,ZP,D
10:16:32,JSMR,RG,4030,16,F,ZP,ZP,D
10:16:32,JSMR,RG,4030,17,F,ZP,ZP,D
10:16:32,JSMR,RG,4030,9,D,CS,ZP,D
10:16:32,JSMR,RG,4030,1,D,CS,ZP,D
10:16:32,JSMR,RG,4030,56,D,YU,ZP,D
10:16:32,JSMR,RG,4030,15,D,YU,ZP,D
10:15:50,JSMR,RG,4040,2,D,KK,ZP,D
10:15:41,JSMR,RG,4040,16,F,ZP,ZP,D
10:15:40,JSMR,RG,4030,10,D,YU,PD,D
10:14:54,JSMR,RG,4030,1,D,YU,HP,D
10:14:15,JSMR,RG,4030,21,D,YU,PD,D
10:14:15,JSMR,RG,4030,1,D,CS,PD,D
10:14:15,JSMR,RG,4030,1,D,CS,PD,D
10:14:15,JSMR,RG,4030,1,D,CS,PD,D
10:14:07,JSMR,RG,4040,5,D,KK,ZP,D
10:13:14,JSMR,RG,4040,25,D,YP,ZP,D
10:11:14,JSMR,RG,4040,2,D,YP,ZP,D
10:11:06,JSMR,RG,4040,10,D,PD,ZP,D
10:11:06,JSMR,RG,4040,2,D,PD,MK,D
10:10:43,JSMR,RG,4040,16,F,ZP,MK,D
10:10:37,JSMR,RG,4040,100,F,AK,MK,D
10:10:37,JSMR,RG,4040,17,F,ZP,MK,D
10:10:36,JSMR,RG,4040,65,D,DR,MK,D
10:10:36,JSMR,RG,4040,3,D,DR,DR,D
10:10:36,JSMR,RG,4040,1,D,DR,LG,D
10:10:36,JSMR,RG,4040,181,D,DR,YP,D
10:10:28,JSMR,RG,4040,17,F,ZP,YP,D
10:10:24,JSMR,RG,4040,16,F,ZP,YP,D
10:10:24,JSMR,RG,4040,8,D,YP,YP,D
10:10:22,JSMR,RG,4040,8,F,ZP,YP,D
10:10:22,JSMR,RG,4040,1,F,ZP,SQ,D
10:10:22,JSMR,RG,4040,1,F,ZP,YP,D
10:10:22,JSMR,RG,4040,6,F,ZP,GR,D
10:10:18,JSMR,RG,4040,16,F,ZP,GR,D
10:10:18,JSMR,RG,4040,1,F,ZP,YP,D
10:10:09,JSMR,RG,4040,1,F,ZP,YP,D
10:10:09,JSMR,RG,4040,15,F,ZP,YP,D
10:10:08,JSMR,RG,4040,35,F,AK,YP,D
10:10:08,JSMR,RG,4040,4,F,AK,PD,D
10:10:08,JSMR,RG,4040,4,F,AK,YP,D
10:10:08,JSMR,RG,4040,1,F,AK,PD,D
10:10:08,JSMR,RG,4040,1,F,AK,DH,D
10:10:08,JSMR,RG,4040,9,F,AK,CC,D
10:10:08,JSMR,RG,4040,5,F,AK,YP,D
10:10:08,JSMR,RG,4040,20,F,AK,KK,D
10:10:08,JSMR,RG,4040,9,F,AK,OD,D
10:10:08,JSMR,RG,4040,1,F,AK,XC,D
10:10:08,JSMR,RG,4040,1,F,AK,SQ,D
10:10:08,JSMR,RG,4040,5,F,AK,KK,D
10:10:08,JSMR,RG,4040,1,F,AK,CC,D
10:10:08,JSMR,RG,4040,4,F,AK,CC,D
10:10:07,JSMR,RG,4040,1,D,YP,CC,D
10:10:07,JSMR,RG,4040,5,F,AK,CC,D
10:10:07,JSMR,RG,4040,1,F,AK,KK,D
10:10:07,JSMR,RG,4040,10,F,AK,YP,D
10:10:07,JSMR,RG,4040,1,F,AK,SQ,D
10:10:07,JSMR,RG,4040,6,F,AK,KK,D
10:10:07,JSMR,RG,4040,8,F,AK,CC,D
10:10:07,JSMR,RG,4040,69,F,AK,NI,D
10:10:06,JSMR,RG,4040,2,F,ZP,NI,D
10:10:06,JSMR,RG,4040,14,F,ZP,YP,D
10:10:04,JSMR,RG,4030,1,F,AK,YP,D
10:10:04,JSMR,RG,4030,10,F,AK,LG,D
10:10:04,JSMR,RG,4030,2,F,AK,TF,D
10:10:04,JSMR,RG,4030,1,F,AK,AK,F
10:10:04,JSMR,RG,4030,100,F,AK,LG,D
10:10:04,JSMR,RG,4030,10,F,AK,PD,D
10:10:04,JSMR,RG,4030,30,F,AK,YP,D
10:10:04,JSMR,RG,4030,5,F,AK,CC,D
10:10:04,JSMR,RG,4030,2,F,AK,PD,D
10:10:04,JSMR,RG,4030,1,F,AK,PD,D
10:10:04,JSMR,RG,4030,437,F,AK,DR,D
10:10:04,JSMR,RG,4030,63,F,AK,DR,D
10:10:04,JSMR,RG,4030,5,F,AK,DR,D
10:10:04,JSMR,RG,4030,32,F,AK,ZP,D
10:10:03,JSMR,RG,4030,88,F,AK,ZP,D
10:10:03,JSMR,RG,4030,12,F,AK,GR,D
10:10:02,JSMR,RG,4030,17,F,AK,GR,D
10:10:02,JSMR,RG,4030,13,F,AK,YP,D
10:10:02,JSMR,RG,4030,3,F,AK,DR,D
10:10:02,JSMR,RG,4030,67,F,AK,ZP,D
10:10:01,JSMR,RG,4030,33,F,AK,ZP,D
10:10:01,JSMR,RG,4030,9,F,AK,OD,D
10:10:01,JSMR,RG,4030,25,F,AK,KK,D
10:10:01,JSMR,RG,4030,33,F,AK,NI,D
10:10:00,JSMR,RG,4030,100,F,AK,NI,D
10:10:00,JSMR,RG,4030,67,D,YU,NI,D
10:10:00,JSMR,RG,4030,34,D,YU,ZP,D
10:06:58,JSMR,RG,4020,2,F,ZP,PD,D
10:06:00,JSMR,RG,4030,66,D,YU,ZP,D
10:06:00,JSMR,RG,4030,5,D,YU,XA,D
10:06:00,JSMR,RG,4030,35,D,YU,KI,D
10:05:54,JSMR,RG,4020,2,F,ZP,CC,D
10:04:20,JSMR,RG,4030,1,D,YP,KI,D
10:04:19,JSMR,RG,4030,1,D,YP,KI,D
10:04:08,JSMR,RG,4020,2,D,YP,YP,D
10:04:08,JSMR,RG,4020,46,D,YP,LG,D
10:04:01,JSMR,RG,4020,24,F,BK,LG,D
10:02:53,JSMR,RG,4020,30,F,BK,LG,D
10:02:53,JSMR,RG,4020,2,F,BK,LG,D
10:02:53,JSMR,RG,4020,1,F,BK,AK,F
10:02:53,JSMR,RG,4020,1,F,BK,AK,F
10:02:53,JSMR,RG,4020,1,F,BK,AK,F
10:02:53,JSMR,RG,4020,1,F,BK,AK,F
10:02:23,JSMR,RG,4020,1,D,CC,AK,F
10:02:10,JSMR,RG,4020,5,D,YP,LG,D
10:02:00,JSMR,RG,4020,13,D,YU,LG,D
10:02:00,JSMR,RG,4020,23,D,YU,CC,D
10:02:00,JSMR,RG,4020,1,D,YU,AK,F
10:02:00,JSMR,RG,4020,5,D,YU,CC,D
10:02:00,JSMR,RG,4020,2,D,YU,AK,F
10:02:00,JSMR,RG,4020,11,D,YU,LG,D
10:02:00,JSMR,RG,4020,57,D,YU,LG,D
9:59:46,JSMR,RG,4020,8,D,CS,LG,D
9:59:46,JSMR,RG,4020,3,D,CS,LG,D
9:59:46,JSMR,RG,4020,7,D,CS,LG,D
9:59:46,JSMR,RG,4020,16,F,ZP,LG,D
9:59:46,JSMR,RG,4020,16,F,ZP,LG,D
9:59:46,JSMR,RG,4020,1,D,CS,LG,D
9:59:46,JSMR,RG,4020,11,D,CS,LG,D
9:59:46,JSMR,RG,4020,3,D,CS,LG,D
9:59:46,JSMR,RG,4020,3,D,CS,LG,D
9:59:46,JSMR,RG,4020,3,D,CS,LG,D
9:59:46,JSMR,RG,4020,1,D,CS,LG,D
9:59:46,JSMR,RG,4020,58,F,BK,LG,D
9:59:46,JSMR,RG,4020,16,F,ZP,LG,D
9:59:46,JSMR,RG,4020,97,D,YU,LG,D
9:59:35,JSMR,RG,4020,5,D,YU,NI,D
9:57:12,JSMR,RG,4020,3,D,YU,GR,D
9:56:40,JSMR,RG,4020,1,D,YU,DH,D
9:56:40,JSMR,RG,4020,3,D,YU,YU,D
9:56:33,JSMR,RG,4020,1,D,CS,YU,D
9:56:33,JSMR,RG,4020,1,D,CS,YU,D
9:56:12,JSMR,RG,4020,1,D,CS,YU,D
9:55:54,JSMR,RG,4020,1,D,CS,YP,D
9:55:53,JSMR,RG,4020,1,D,CS,YP,D
9:55:28,JSMR,RG,4020,1,D,CS,YP,D
9:55:27,JSMR,RG,4020,7,D,PD,YP,D
9:55:27,JSMR,RG,4020,3,D,PD,NI,D
9:54:53,JSMR,RG,4020,1,D,CS,NI,D
9:54:13,JSMR,RG,4020,1,D,CS,NI,D
9:53:54,JSMR,RG,4010,5,D,AG,NI,D
9:53:51,JSMR,RG,4020,9,D,XA,OD,D
9:53:51,JSMR,RG,4020,1,D,XA,AK,F
9:53:30,JSMR,RG,4020,1,D,CS,AK,F
9:52:50,JSMR,RG,4020,5,D,OD,PD,D
9:52:50,JSMR,RG,4020,3,D,OD,XC,D
9:52:50,JSMR,RG,4020,9,D,OD,OD,D
9:52:50,JSMR,RG,4020,1,D,OD,AK,F
9:52:50,JSMR,RG,4020,1,D,OD,AK,F
9:52:50,JSMR,RG,4020,5,D,OD,BK,F
9:52:50,JSMR,RG,4020,76,D,OD,ZP,D
9:52:08,JSMR,RG,4020,7,D,CS,ZP,D
9:52:08,JSMR,RG,4020,1,D,CS,ZP,D
9:52:08,JSMR,RG,4020,1,D,CS,ZP,D
9:52:08,JSMR,RG,4020,53,D,YU,ZP,D
9:52:08,JSMR,RG,4020,3,D,KK,ZP,D
9:52:08,JSMR,RG,4020,4,D,CS,ZP,D
9:52:08,JSMR,RG,4020,1,D,SQ,ZP,D
9:52:08,JSMR,RG,4020,16,F,ZP,ZP,D
9:52:08,JSMR,RG,4020,13,D,CS,ZP,D
9:52:08,JSMR,RG,4020,4,D,CS,ZP,D
9:52:08,JSMR,RG,4020,7,D,YP,ZP,D
9:52:08,JSMR,RG,4020,14,D,NI,ZP,D
9:51:50,JSMR,RG,4020,1,D,NI,PD,D
9:50:14,JSMR,RG,4020,1,D,NI,XC,D
9:50:05,JSMR,RG,4020,9,D,NI,CP,D
9:50:05,JSMR,RG,4020,17,F,ZP,CP,D
9:50:05,JSMR,RG,4020,16,F,ZP,CP,D
9:50:05,JSMR,RG,4020,6,D,YP,CP,D
9:50:05,JSMR,RG,4020,4,D,CS,CP,D
9:50:05,JSMR,RG,4020,11,D,CS,CP,D
9:50:05,JSMR,RG,4020,1,D,CS,CP,D
9:50:05,JSMR,RG,4020,1,D,YP,CP,D
9:50:05,JSMR,RG,4020,15,F,ZP,CP,D
9:48:04,JSMR,RG,4020,2,F,ZP,BK,F
9:48:01,JSMR,RG,4030,17,F,ZP,KI,D
9:48:00,JSMR,RG,4030,107,D,YU,KI,D
9:47:40,JSMR,RG,4030,1,D,YP,KI,D
9:45:22,JSMR,RG,4030,94,F,FS,KI,D
9:44:00,JSMR,RG,4030,16,F,ZP,KI,D
9:44:00,JSMR,RG,4020,1,F,FS,PD,D
9:44:00,JSMR,RG,4030,107,D,YU,KI,D
9:42:46,JSMR,RG,4020,75,F,FS,LG,D
9:42:46,JSMR,RG,4020,5,F,ZP,LG,D
9:42:04,JSMR,RG,4020,4,F,ZP,PD,D
9:42:02,JSMR,RG,4020,1,D,CS,KK,D
9:41:14,JSMR,RG,4020,2,D,CS,OD,D
9:40:23,JSMR,RG,4030,1,D,KK,KI,D
9:40:18,JSMR,RG,4030,120,F,FS,KI,D
9:40:18,JSMR,RG,4030,2,F,FS,BK,F
9:40:18,JSMR,RG,4030,3,F,FS,DR,D
9:40:18,JSMR,RG,4030,5,F,FS,OD,D
9:40:18,JSMR,RG,4030,40,F,FS,ZP,D
9:40:06,JSMR,RG,4020,6,D,CS,EP,D
9:40:06,JSMR,RG,4020,5,D,CS,EP,D
9:40:06,JSMR,RG,4020,2,F,ZP,EP,D
9:40:00,JSMR,RG,4030,60,D,YU,ZP,D
9:40:00,JSMR,RG,4030,5,D,YU,YP,D
9:40:00,JSMR,RG,4030,25,D,YU,XA,D
9:40:00,JSMR,RG,4030,17,D,YU,NI,D
9:39:54,JSMR,RG,4020,2,F,ZP,SQ,D
9:39:37,JSMR,RG,4020,3,F,ZP,PD,D
9:38:40,JSMR,RG,4020,10,F,ZP,CC,D
9:36:09,JSMR,RG,4020,9,D,CS,ZP,D
9:36:09,JSMR,RG,4020,7,D,CS,ZP,D
9:36:09,JSMR,RG,4020,4,D,CS,ZP,D
9:36:09,JSMR,RG,4020,1,D,CS,ZP,D
9:36:09,JSMR,RG,4020,10,D,SQ,ZP,D
9:36:09,JSMR,RG,4020,3,D,CS,ZP,D
9:36:09,JSMR,RG,4020,4,D,CS,ZP,D
9:36:09,JSMR,RG,4020,16,F,ZP,ZP,D
9:36:09,JSMR,RG,4020,5,D,CS,ZP,D
9:36:09,JSMR,RG,4020,170,F,FS,ZP,D
9:36:09,JSMR,RG,4020,53,D,YU,ZP,D
9:36:09,JSMR,RG,4020,3,D,CS,ZP,D
9:36:09,JSMR,RG,4020,10,D,CS,ZP,D
9:36:09,JSMR,RG,4020,3,D,CS,ZP,D
9:36:09,JSMR,RG,4020,2,D,CS,ZP,D
9:36:03,JSMR,RG,4020,4,D,CS,XC,D
9:33:52,JSMR,RG,4020,1,D,CS,NI,D
9:33:49,JSMR,RG,4020,5,D,CS,OD,D
9:33:43,JSMR,RG,4020,2,D,CS,KK,D
9:33:20,JSMR,RG,4020,1,D,CS,PD,D
9:33:17,JSMR,RG,4020,14,D,CS,YP,D
9:33:17,JSMR,RG,4020,40,D,CS,YP,D
9:33:17,JSMR,RG,4020,14,F,ZP,YP,D
9:33:17,JSMR,RG,4020,12,F,ZP,YP,D
9:33:16,JSMR,RG,4020,4,F,ZP,PD,D
9:33:16,JSMR,RG,4020,3,D,CS,PD,D
9:33:16,JSMR,RG,4020,3,D,CS,PD,D
9:33:16,JSMR,RG,4020,2,F,ZP,PD,D
9:32:44,JSMR,RG,4020,1,F,ZP,XC,D
9:31:35,JSMR,RG,4020,13,F,ZP,EP,D
9:30:55,JSMR,RG,4030,1,D,XC,NI,D
9:30:00,JSMR,RG,4030,117,D,YU,NI,D
9:29:28,JSMR,RG,4020,1,F,BK,AK,F
9:29:28,JSMR,RG,4020,3,F,BK,DR,D
9:29:28,JSMR,RG,4020,9,F,BK,AI,D
9:29:28,JSMR,RG,4020,11,F,BK,CP,D
9:29:27,JSMR,RG,4020,5,D,CS,CP,D
9:29:27,JSMR,RG,4020,9,D,CS,CP,D
9:29:26,JSMR,RG,4020,75,F,FS,CP,D
9:29:26,JSMR,RG,4020,9,F,FS,OD,D
9:29:26,JSMR,RG,4020,1,F,FS,AK,F
9:29:26,JSMR,RG,4020,2,F,FS,BK,F
9:29:26,JSMR,RG,4020,83,F,FS,ZP,D
9:29:20,JSMR,RG,4010,2,D,AG,NI,D
9:28:00,JSMR,RG,4010,3,D,AG,DR,D
9:26:50,JSMR,RG,4020,46,D,YU,ZP,D
9:26:50,JSMR,RG,4020,32,D,CS,ZP,D
9:26:50,JSMR,RG,4020,18,D,CS,ZP,D
9:26:50,JSMR,RG,4020,5,D,CC,ZP,D
9:26:50,JSMR,RG,4020,16,F,ZP,ZP,D
9:26:27,JSMR,RG,4020,7,F,ZP,YP,D
9:25:01,JSMR,RG,4020,9,F,ZP,SQ,D
9:25:01,JSMR,RG,4020,16,F,ZP,SQ,D
9:25:01,JSMR,RG,4020,5,D,CS,SQ,D
9:24:47,JSMR,RG,4020,1,D,CS,PD,D
9:24:47,JSMR,RG,4020,2,D,CS,BK,F
9:24:46,JSMR,RG,4020,1,D,PD,AK,F
9:24:46,JSMR,RG,4020,1,D,PD,LG,D
9:24:17,JSMR,RG,4020,16,F,ZP,LG,D
9:24:16,JSMR,RG,4020,33,D,AG,LG,D
9:24:16,JSMR,RG,4020,5,D,AG,DR,D
9:24:16,JSMR,RG,4020,5,D,AG,PD,D
9:24:16,JSMR,RG,4020,9,D,AG,OD,D
9:24:16,JSMR,RG,4020,1,D,AG,AK,F
9:24:16,JSMR,RG,4020,2,D,AG,PD,D
9:24:16,JSMR,RG,4020,2,D,AG,PD,D
9:24:16,JSMR,RG,4020,5,D,AG,BK,F
9:24:16,JSMR,RG,4020,38,D,AG,ZP,D
9:24:08,JSMR,RG,4010,3,D,AG,PD,D
9:23:26,JSMR,RG,4010,20,D,AG,PD,D
9:23:22,JSMR,RG,4010,1,D,AG,XC,D
9:23:01,JSMR,RG,4010,1,D,AG,PD,D
9:22:39,JSMR,RG,4010,1,D,AG,YP,D
9:22:22,JSMR,RG,4010,20,D,AG,KK,D
9:20:51,JSMR,RG,4020,17,F,ZP,ZP,D
9:20:50,JSMR,RG,4020,56,D,YU,ZP,D
9:20:50,JSMR,RG,4020,1,D,YP,ZP,D
9:20:50,JSMR,RG,4020,1,D,CC,ZP,D
9:20:50,JSMR,RG,4020,58,D,YU,ZP,D
9:20:50,JSMR,RG,4020,100,D,AG,ZP,D
9:20:50,JSMR,RG,4020,54,D,YU,ZP,D
9:20:50,JSMR,RG,4020,10,D,BQ,ZP,D
9:20:50,JSMR,RG,4020,165,F,FS,ZP,D
9:20:41,JSMR,RG,4020,1,F,FS,YU,D
9:20:21,JSMR,RG,4030,5,D,YP,NI,D
9:20:21,JSMR,RG,4030,1,D,OD,NI,D
9:19:38,JSMR,RG,4030,4,D,XC,NI,D
9:19:33,JSMR,RG,4030,1,D,CC,NI,D
9:19:33,JSMR,RG,4030,17,F,ZP,NI,D
9:19:33,JSMR,RG,4030,17,F,ZP,NI,D
9:19:33,JSMR,RG,4030,73,F,FS,NI,D
9:18:57,JSMR,RG,4040,3,D,XC,YP,D
9:18:49,JSMR,RG,4030,5,F,FS,XC,D
9:18:38,JSMR,RG,4030,3,F,FS,YP,D
9:18:35,JSMR,RG,4030,14,F,FS,DR,D
9:18:27,JSMR,RG,4030,25,F,FS,PD,D
9:18:16,JSMR,RG,4030,3,F,FS,XC,D
9:17:55,JSMR,RG,4040,3,D,YP,YP,D
9:17:52,JSMR,RG,4030,1,F,FS,YP,D
9:17:47,JSMR,RG,4040,5,D,PD,YP,D
9:17:36,JSMR,RG,4030,2,F,FS,GR,D
9:17:08,JSMR,RG,4040,1,F,ZP,YP,D
9:17:08,JSMR,RG,4040,10,F,ZP,YP,D
9:17:08,JSMR,RG,4040,1,F,ZP,YP,D
9:17:08,JSMR,RG,4040,5,F,ZP,AT,D
9:17:06,JSMR,RG,4030,2,F,FS,NI,D
9:17:06,JSMR,RG,4030,2,F,FS,KK,D
9:17:06,JSMR,RG,4030,1,F,FS,XC,D
9:17:06,JSMR,RG,4030,5,F,FS,YP,D
9:17:06,JSMR,RG,4030,1,F,FS,AK,F
9:17:06,JSMR,RG,4030,1,F,FS,AK,F
9:17:06,JSMR,RG,4030,8,F,FS,BK,F
9:17:06,JSMR,RG,4030,24,F,FS,GR,D
9:15:40,JSMR,RG,4030,200,D,AG,GR,D
9:15:16,JSMR,RG,4030,1,D,CC,GR,D
9:15:00,JSMR,RG,4030,1,D,XC,GR,D
9:15:00,JSMR,RG,4030,2,D,NI,GR,D
9:15:00,JSMR,RG,4030,17,F,ZP,GR,D
9:15:00,JSMR,RG,4030,53,D,YU,GR,D
9:15:00,JSMR,RG,4030,2,D,DX,GR,D
9:14:30,JSMR,RG,4030,5,D,DX,PD,D
9:14:08,JSMR,RG,4030,13,D,DX,NI,D
9:14:08,JSMR,RG,4030,12,D,LG,NI,D
9:14:08,JSMR,RG,4040,2,D,YP,IF,D
9:14:03,JSMR,RG,4040,1,D,YP,IF,D
9:13:44,JSMR,RG,4030,10,D,LG,NI,D
9:13:38,JSMR,RG,4040,10,D,XC,IF,D
9:13:26,JSMR,RG,4040,16,F,ZP,IF,D
9:13:25,JSMR,RG,4030,28,D,LG,CC,D
9:13:25,JSMR,RG,4030,2,D,KK,CC,D
9:13:25,JSMR,RG,4030,25,D,KK,CC,D
9:13:25,JSMR,RG,4030,1,D,YB,CC,D
9:13:25,JSMR,RG,4030,44,D,YU,CC,D
9:12:59,JSMR,RG,4040,17,F,ZP,IF,D
9:12:58,JSMR,RG,4030,16,D,YU,KK,D
9:12:58,JSMR,RG,4030,2,F,ZP,KK,D
9:12:58,JSMR,RG,4030,48,D,YU,KK,D
9:12:58,JSMR,RG,4030,34,F,FS,KK,D
9:12:37,JSMR,RG,4040,2,D,PD,IF,D
9:11:19,JSMR,RG,4030,9,F,FS,OD,D
9:10:44,JSMR,RG,4040,9,D,KK,IF,D
9:10:27,JSMR,RG,4040,17,F,ZP,IF,D
9:10:27,JSMR,RG,4040,170,F,FS,IF,D
9:10:11,JSMR,RG,4040,1,D,YB,IF,D
9:09:28,JSMR,RG,4040,1,D,FS,IF,D
9:09:23,JSMR,RG,4040,1,D,XC,IF,D
9:08:26,JSMR,RG,4040,3,F,ZP,IF,D
9:08:26,JSMR,RG,4040,1,F,ZP,ZP,D
9:08:26,JSMR,RG,4040,10,F,ZP,YP,D
9:08:26,JSMR,RG,4040,2,F,ZP,IT,D
9:08:25,JSMR,RG,4030,100,F,FS,NI,D
9:08:25,JSMR,RG,4030,1,F,FS,AK,F
9:08:25,JSMR,RG,4030,3,F,FS,BK,F
9:08:25,JSMR,RG,4030,23,F,FS,BK,F
9:08:01,JSMR,RG,4020,4,F,FS,PD,D
9:08:01,JSMR,RG,4020,8,D,AG,PD,D
9:07:46,JSMR,RG,4030,23,D,YB,BK,F
9:07:46,JSMR,RG,4030,2,D,YB,CC,D
9:07:11,JSMR,RG,4030,3,D,BQ,CC,D
9:07:06,JSMR,RG,4030,5,D,BQ,PD,D
9:07:00,JSMR,RG,4030,2,D,BQ,PD,D
9:07:00,JSMR,RG,4030,2,D,PD,PD,D
9:07:00,JSMR,RG,4030,1,F,ZP,PD,D
9:07:00,JSMR,RG,4030,5,D,XC,PD,D
9:06:54,JSMR,RG,4030,1,D,XC,PD,D
9:06:54,JSMR,RG,4030,19,D,YP,PD,D
9:06:23,JSMR,RG,4040,1,D,PD,IT,D
9:06:10,JSMR,RG,4040,5,D,CC,IT,D
9:05:55,JSMR,RG,4040,53,D,YU,IT,D
9:05:46,JSMR,RG,4040,16,F,ZP,IT,D
9:05:40,JSMR,RG,4040,17,F,ZP,IT,D
9:05:39,JSMR,RG,4030,5,D,YP,NI,D
9:05:39,JSMR,RG,4030,1,D,YP,NI,D
9:05:39,JSMR,RG,4030,2,D,PD,NI,D
9:05:39,JSMR,RG,4030,142,F,FS,NI,D
9:03:55,JSMR,RG,4030,6,F,FS,DR,D
9:03:55,JSMR,RG,4030,2,F,FS,SQ,D
9:03:55,JSMR,RG,4030,3,F,FS,BK,F
9:03:55,JSMR,RG,4030,3,F,FS,BK,F
9:03:55,JSMR,RG,4030,14,F,FS,PD,D
9:03:52,JSMR,RG,4020,3,D,AG,YU,D
9:03:49,JSMR,RG,4020,6,D,AG,CC,D
9:03:32,JSMR,RG,4020,1,D,AG,XC,D
9:03:12,JSMR,RG,4020,1,D,AG,PD,D
9:02:58,JSMR,RG,4030,10,D,DH,PD,D
9:02:54,JSMR,RG,4030,49,D,YP,PD,D
9:02:47,JSMR,RG,4030,1,D,CC,PD,D
9:02:47,JSMR,RG,4030,6,D,NI,PD,D
9:02:41,JSMR,RG,4030,1,D,NI,YP,D
9:02:36,JSMR,RG,4030,1,D,NI,XC,D
9:02:32,JSMR,RG,4030,4,D,NI,BK,F
9:02:32,JSMR,RG,4030,13,D,NI,DH,D
9:02:18,JSMR,RG,4030,1,D,EP,DH,D
9:02:18,JSMR,RG,4030,12,F,FS,DH,D
9:01:51,JSMR,RG,4030,12,F,FS,KK,D
9:01:46,JSMR,RG,4040,17,F,ZP,IT,D
9:01:45,JSMR,RG,4030,10,F,FS,NI,D
9:01:44,JSMR,RG,4040,17,F,ZP,IT,D
9:01:43,JSMR,RG,4030,126,F,FS,BK,F
9:01:27,JSMR,RG,4030,10,F,FS,KK,D
9:01:14,JSMR,RG,4040,8,F,ZP,IT,D
9:01:13,JSMR,RG,4030,4,F,ZP,BK,F
9:01:13,JSMR,RG,4030,1,F,ZP,YP,D
9:01:13,JSMR,RG,4030,1,F,ZP,YP,D
9:01:13,JSMR,RG,4030,3,F,ZP,LG,D
9:01:04,JSMR,RG,4030,7,F,ZP,LG,D
9:01:04,JSMR,RG,4030,10,F,ZP,YP,D
9:01:03,JSMR,RG,4020,8,D,AG,BK,F
9:01:03,JSMR,RG,4020,14,D,AG,AK,F
9:01:03,JSMR,RG,4020,1,D,AG,YP,D
9:01:03,JSMR,RG,4020,250,D,AG,IF,D
9:01:03,JSMR,RG,4020,1,D,AG,KK,D
9:01:03,JSMR,RG,4020,1,D,AG,KK,D
9:01:03,JSMR,RG,4020,6,D,AG,YP,D
9:00:46,JSMR,RG,4020,4,F,ZP,YP,D
9:00:41,JSMR,RG,4010,1,F,ZP,YP,D
9:00:41,JSMR,RG,4010,10,F,ZP,YP,D
9:00:41,JSMR,RG,4010,1,F,ZP,PD,D
9:00:26,JSMR,RG,4000,1,F,ZP,PD,D
9:00:24,JSMR,RG,3990,3,D,CC,CC,D
9:00:24,JSMR,RG,3990,3,D,XC,CC,D
9:00:24,JSMR,RG,3990,12,D,XC,CC,D
9:00:24,JSMR,RG,3990,9,D,YP,CC,D
9:00:24,JSMR,RG,3990,9,D,YP,CC,D
9:00:24,JSMR,RG,3990,9,D,YP,CC,D
9:00:24,JSMR,RG,3990,30,D,EP,CC,D
9:00:16,JSMR,RG,4000,1,D,LG,PD,D
9:00:16,JSMR,RG,4000,1,D,LG,YP,D
9:00:16,JSMR,RG,4000,1,D,LG,PD,D
9:00:16,JSMR,RG,4000,7,D,LG,YP,D
9:00:15,JSMR,RG,4000,3,D,XC,YP,D
9:00:10,JSMR,RG,4000,3,D,PD,PD,D
9:00:00,JSMR,RG,3980,27,D,AG,GR,D
9:00:00,JSMR,RG,3980,1,D,XC,GR,D
9:00:00,JSMR,RG,3990,10,D,CC,GR,D
9:00:00,JSMR,RG,3990,36,D,AG,GR,D
8:55:00,JSMR,RG,3990,1,D,AG,YP,D
8:55:00,JSMR,RG,3990,1,D,AG,YP,D
8:55:00,JSMR,RG,3990,3,D,AG,CC,D
8:55:00,JSMR,RG,3990,3,D,AG,EP,D
8:55:00,JSMR,RG,3990,156,D,AG,YP,D
8:55:00,JSMR,RG,3990,4,D,AG,YP,D
8:55:00,JSMR,RG,3990,1,D,AG,YP,D
8:55:00,JSMR,RG,3990,1,D,EP,CC,D
8:55:00,JSMR,RG,3990,3,D,EP,DH,D
8:55:00,JSMR,RG,3990,1,D,XA,YP,D
8:55:00,JSMR,RG,3990,1,D,XA,PD,D
8:55:00,JSMR,RG,3990,1,D,XA,PD,D
8:55:00,JSMR,RG,3990,1,D,XA,PD,D
8:55:00,JSMR,RG,3990,1,D,XA,AK,F