Time,Stock,Brd,Price,Qty,BT,BC,SC,ST
15:14:23,JSMR,RG,4070,10,D,YP,KK,D
15:13:54,JSMR,RG,4070,45,D,YP,CC,D
15:13:19,JSMR,RG,4070,10,D,YP,NI,D
15:13:06,JSMR,RG,4070,1,D,YP,PD,D
15:13:06,JSMR,RG,4070,26,D,YP,YP,D
15:13:06,JSMR,RG,4070,45,D,YP,CC,D
15:13:06,JSMR,RG,4070,13,D,YP,HP,D
15:13:06,JSMR,RG,4070,4,D,YP,YP,D
15:13:06,JSMR,RG,4070,10,D,YP,YP,D
15:13:06,JSMR,RG,4070,10,D,YP,SQ,D
15:13:06,JSMR,RG,4070,4,D,YP,PD,D
15:13:06,JSMR,RG,4070,62,D,YP,PD,D
15:13:06,JSMR,RG,4070,3,D,YP,KK,D
15:13:06,JSMR,RG,4070,352,D,YP,PD,D
15:13:06,JSMR,RG,4070,700,D,YP,DH,D
15:13:06,JSMR,RG,4070,372,D,YP,YP,D
15:13:06,JSMR,RG,4070,15,D,YP,EP,D
15:13:06,JSMR,RG,4070,20,D,YP,YP,D
15:13:06,JSMR,RG,4070,100,D,YP,YP,D
15:13:06,JSMR,RG,4070,10,D,YP,NI,D
15:13:06,JSMR,RG,4070,10,D,YP,TP,D
15:13:06,JSMR,RG,4070,19,D,YP,PD,D
15:12:57,JSMR,RG,4070,1,D,KK,PD,D
15:12:57,JSMR,RG,4070,1,D,KK,RF,D
15:12:54,JSMR,RG,4070,5,D,PD,RF,D
15:12:53,JSMR,RG,4070,5,D,YP,RF,D
15:12:49,JSMR,RG,4070,10,D,PD,RF,D
15:12:41,JSMR,RG,4070,10,D,PD,RF,D
15:11:10,JSMR,RG,4070,5,D,PD,RF,D
15:11:01,JSMR,RG,4070,20,D,PD,RF,D
15:06:13,JSMR,RG,4070,2,D,PD,RF,D
15:05:19,JSMR,RG,4070,23,D,NI,RF,D
15:05:02,JSMR,RG,4070,10,D,YP,RF,D
15:05:02,JSMR,RG,4070,1,D,PD,RF,D
15:05:02,JSMR,RG,4070,1,D,CD,RF,D
15:00:00,JSMR,RG,4070,5,D,NI,RF,D
15:00:00,JSMR,RG,4070,10,D,PD,RF,D
15:00:00,JSMR,RG,4070,1,D,YP,RF,D
15:00:00,JSMR,RG,4070,391,D,AG,RF,D
15:00:00,JSMR,RG,4070,13,D,AG,OK,D
15:00:00,JSMR,RG,4070,1,D,AG,PD,D
15:00:00,JSMR,RG,4070,6,D,AG,KK,D
15:00:00,JSMR,RG,4070,9,D,AG,CC,D
15:00:00,JSMR,RG,4070,25,D,AG,OD,D
15:00:00,JSMR,RG,4070,5,D,AG,YP,D
15:00:00,JSMR,RG,4070,1,D,AG,KK,D
15:00:00,JSMR,RG,4070,1,D,AG,KK,D
15:00:00,JSMR,RG,4070,48,D,AG,GR,D
15:00:00,JSMR,RG,4070,1,D,KK,GR,D
15:00:00,JSMR,RG,4070,1,D,CC,GR,D
15:00:00,JSMR,RG,4070,1097,D,BB,GR,D
15:00:00,JSMR,RG,4070,1,D,BB,PD,D
15:00:00,JSMR,RG,4070,70,D,BB,YP,D
15:00:00,JSMR,RG,4070,1800,D,BB,YB,D
15:00:00,JSMR,RG,4070,32,D,BB,XC,D
15:00:00,JSMR,RG,4070,20,D,NI,XC,D
15:00:00,JSMR,RG,4070,37,F,CC,XC,D
15:00:00,JSMR,RG,4070,500,D,AG,XC,D
15:00:00,JSMR,RG,4070,72,D,AG,XC,D
15:00:00,JSMR,RG,4070,8,D,NI,XC,D
15:00:00,JSMR,RG,4070,4,D,YP,XC,D
15:00:00,JSMR,RG,4070,1,D,CC,XC,D
15:00:00,JSMR,RG,4070,1,D,XL,XC,D
15:00:00,JSMR,RG,4070,1,D,YP,XC,D
15:00:00,JSMR,RG,4070,500,D,AG,XC,D
15:00:00,JSMR,RG,4070,192,D,AG,XC,D
15:00:00,JSMR,RG,4070,3,D,AG,HP,D
15:00:00,JSMR,RG,4070,1,D,AG,NI,D
15:00:00,JSMR,RG,4070,1,D,AG,OD,D
15:00:00,JSMR,RG,4070,303,D,AG,KZ,D
15:00:00,JSMR,RG,4070,25,D,YP,KZ,D
15:00:00,JSMR,RG,4070,1,D,KK,KZ,D
15:00:00,JSMR,RG,4070,10,D,CC,KZ,D
15:00:00,JSMR,RG,4070,1,D,YP,KZ,D
15:00:00,JSMR,RG,4070,2,D,OD,KZ,D
15:00:00,JSMR,RG,4070,1,D,DR,KZ,D
15:00:00,JSMR,RG,4070,1,D,YP,KZ,D
15:00:00,JSMR,RG,4070,5,D,YP,KZ,D
15:00:00,JSMR,RG,4070,19,D,YP,KZ,D
15:00:00,JSMR,RG,4070,2,D,AZ,KZ,D
15:00:00,JSMR,RG,4070,47,F,BK,KZ,D
15:00:00,JSMR,RG,4070,49,F,BK,DR,D
14:49:55,JSMR,RG,4080,36,D,YP,MG,D
14:49:53,JSMR,RG,4080,104,D,PD,MG,D
14:49:53,JSMR,RG,4080,15,D,PD,YP,D
14:49:53,JSMR,RG,4080,2,D,PD,SQ,D
14:49:53,JSMR,RG,4080,10,D,PD,XC,D
14:49:53,JSMR,RG,4080,36,D,PD,YP,D
14:49:53,JSMR,RG,4080,33,D,PD,YP,D
14:49:52,JSMR,RG,4080,6,D,RX,YP,D
14:49:52,JSMR,RG,4080,55,D,RX,YP,D
14:49:52,JSMR,RG,4080,11,D,RX,PD,D
14:49:52,JSMR,RG,4080,3,D,RX,CC,D
14:49:52,JSMR,RG,4080,158,D,RX,YP,D
14:49:33,JSMR,RG,4080,4,D,RX,YP,D
14:49:31,JSMR,RG,4080,38,D,RX,YP,D
14:49:31,JSMR,RG,4080,1,D,RX,CC,D
14:49:31,JSMR,RG,4080,50,D,RX,YP,D
14:49:31,JSMR,RG,4080,1,D,RX,YP,D
14:49:31,JSMR,RG,4080,39,D,RX,DR,D
14:49:30,JSMR,RG,4080,1,F,BK,DR,D
14:49:25,JSMR,RG,4080,2,D,RX,DR,D
14:49:25,JSMR,RG,4080,10,F,BK,DR,D
14:49:18,JSMR,RG,4080,5,D,AZ,DR,D
14:49:18,JSMR,RG,4080,32,D,RX,DR,D
14:49:11,JSMR,RG,4080,2,D,RX,DR,D
14:49:07,JSMR,RG,4080,37,D,RX,DR,D
14:49:03,JSMR,RG,4080,15,F,BK,DR,D
14:49:00,JSMR,RG,4080,16,D,AK,DR,D
14:49:00,JSMR,RG,4080,2,D,AK,DR,D
14:49:00,JSMR,RG,4080,1,D,AK,DR,D
14:49:00,JSMR,RG,4080,1,D,AK,DR,D
14:49:00,JSMR,RG,4080,1,D,AK,DR,D
14:48:55,JSMR,RG,4080,36,D,RX,DR,D
14:48:45,JSMR,RG,4080,1,D,RX,DR,D
14:48:43,JSMR,RG,4080,49,D,RX,DR,D
14:48:43,JSMR,RG,4080,1,D,RX,NI,D
14:48:43,JSMR,RG,4080,11,D,RX,KK,D
14:48:42,JSMR,RG,4080,2,F,BK,KK,D
14:48:42,JSMR,RG,4080,8,F,BK,CS,F
14:48:37,JSMR,RG,4070,1,D,AG,EP,D
14:48:32,JSMR,RG,4080,2,D,RX,CS,F
14:48:22,JSMR,RG,4080,35,D,RX,CS,F
14:48:16,JSMR,RG,4080,1,D,RX,CS,F
14:48:15,JSMR,RG,4080,26,D,AK,CS,F
14:48:15,JSMR,RG,4080,9,F,BK,CS,F
14:48:10,JSMR,RG,4080,5,D,RX,CS,F
14:48:08,JSMR,RG,4080,29,D,RX,CS,F
14:48:05,JSMR,RG,4080,1,D,RX,CS,F
14:47:57,JSMR,RG,4080,42,D,RX,CS,F
14:47:56,JSMR,RG,4080,9,D,AK,CS,F
14:47:56,JSMR,RG,4080,4,D,AK,CS,F
14:47:55,JSMR,RG,4080,1,D,RX,CS,F
14:47:55,JSMR,RG,4080,6,F,BK,CS,F
14:47:55,JSMR,RG,4080,4,F,BK,PD,D
14:47:46,JSMR,RG,4080,2,D,CS,PD,D
14:47:43,JSMR,RG,4080,9,D,RX,PD,D
14:47:43,JSMR,RG,4080,2,D,RX,PD,D
14:47:43,JSMR,RG,4080,1,D,RX,XC,D
14:47:43,JSMR,RG,4080,1,D,RX,OD,F
14:47:43,JSMR,RG,4080,10,D,RX,AT,D
14:47:43,JSMR,RG,4080,5,D,RX,CC,D
14:47:43,JSMR,RG,4080,5,D,RX,PD,D
14:47:43,JSMR,RG,4080,1,D,RX,PD,D
14:47:36,JSMR,RG,4080,3,D,CS,PD,D
14:47:36,JSMR,RG,4080,1,D,CS,PD,D
14:47:36,JSMR,RG,4080,1,D,CS,CC,D
14:47:35,JSMR,RG,4080,10,F,BK,CC,D
14:47:32,JSMR,RG,4080,39,D,RX,CC,D
14:47:30,JSMR,RG,4080,7,D,PD,NI,D
14:47:29,JSMR,RG,4080,1,D,RX,NI,D
14:47:26,JSMR,RG,4080,2,D,CS,NI,D
14:47:26,JSMR,RG,4080,3,D,CS,CC,D
14:47:19,JSMR,RG,4080,7,D,CC,CC,D
14:47:19,JSMR,RG,4080,13,D,CC,CC,D
14:47:19,JSMR,RG,4080,1,D,RX,CC,D
14:47:19,JSMR,RG,4080,6,D,RX,CC,D
14:47:19,JSMR,RG,4080,25,D,RX,MG,D
14:47:16,JSMR,RG,4080,6,D,CS,MG,D
14:47:16,JSMR,RG,4080,3,D,CS,MG,D
14:47:09,JSMR,RG,4080,1,D,RX,MG,D
14:47:09,JSMR,RG,4080,33,D,RX,MG,D
14:47:06,JSMR,RG,4080,11,F,BK,MG,D
14:47:05,JSMR,RG,4080,5,D,CS,MG,D
14:46:59,JSMR,RG,4080,2,D,RX,MG,D
14:46:58,JSMR,RG,4080,39,D,RX,MG,D
14:46:49,JSMR,RG,4070,5,D,AG,YB,D
14:46:45,JSMR,RG,4080,1,D,RX,MG,D
14:46:44,JSMR,RG,4080,43,D,RX,MG,D
14:46:44,JSMR,RG,4080,10,F,BK,MG,D
14:46:43,JSMR,RG,4080,14,D,CS,MG,D
14:46:33,JSMR,RG,4080,1,D,RX,MG,D
14:46:32,JSMR,RG,4080,2,D,EP,MG,D
14:46:30,JSMR,RG,4080,29,D,RX,MG,D
14:46:23,JSMR,RG,4080,1,D,RX,MG,D
14:46:23,JSMR,RG,4070,1,D,AG,DP,D
14:46:22,JSMR,RG,4080,11,F,BK,MG,D
14:46:21,JSMR,RG,4080,9,D,CS,MG,D
14:46:20,JSMR,RG,4080,33,D,RX,MG,D
14:46:11,JSMR,RG,4080,2,D,RX,MG,D
14:46:09,JSMR,RG,4080,50,D,RX,MG,D
14:45:59,JSMR,RG,4080,1,D,RX,MG,D
14:45:58,JSMR,RG,4080,39,D,RX,MG,D
14:45:49,JSMR,RG,4080,1,D,RX,MG,D
14:45:47,JSMR,RG,4070,2,D,AG,YB,D
14:45:47,JSMR,RG,4070,1,D,AG,YP,D
14:45:47,JSMR,RG,4070,1,D,AG,YP,D
14:45:47,JSMR,RG,4070,1,D,AG,YP,D
14:45:47,JSMR,RG,4070,10,D,AG,KK,D
14:45:47,JSMR,RG,4070,2,D,AG,YP,D
14:45:47,JSMR,RG,4070,14,D,AG,PD,D
14:45:47,JSMR,RG,4070,30,D,AG,CC,D
14:45:47,JSMR,RG,4070,20,D,AG,CC,D
14:45:47,JSMR,RG,4070,10,D,AG,DR,D
14:45:47,JSMR,RG,4070,10,D,AG,CC,D
14:45:47,JSMR,RG,4070,90,D,AG,PD,D
14:45:47,JSMR,RG,4070,2,D,AG,SQ,D
14:45:47,JSMR,RG,4070,10,D,AG,XC,D
14:45:47,JSMR,RG,4070,18,D,AG,GR,D
14:45:45,JSMR,RG,4070,34,D,RX,GR,D
14:45:40,JSMR,RG,4060,1,F,BK,PD,D
14:45:39,JSMR,RG,4070,10,F,BK,GR,D
14:45:38,JSMR,RG,4070,1,D,RX,GR,D
14:45:35,JSMR,RG,4070,6,D,CS,GR,D
14:45:34,JSMR,RG,4070,41,D,RX,GR,D
14:45:28,JSMR,RG,4070,1,D,CC,GR,D
14:45:28,JSMR,RG,4070,1,D,RX,GR,D
14:45:23,JSMR,RG,4070,2,F,AK,GR,D
14:45:22,JSMR,RG,4060,3,F,BK,BK,F
14:45:21,JSMR,RG,4070,34,D,RX,GR,D
14:45:20,JSMR,RG,4070,152,F,BK,GR,D
14:45:20,JSMR,RG,4070,66,F,BK,YP,D
14:45:20,JSMR,RG,4070,25,F,BK,PD,D
14:45:20,JSMR,RG,4070,1,F,BK,YP,D
14:45:20,JSMR,RG,4070,3,F,BK,DP,D
14:45:20,JSMR,RG,4070,1,F,BK,YP,D
14:45:20,JSMR,RG,4070,2,F,BK,CC,D
14:45:19,JSMR,RG,4070,10,D,CS,CC,D
14:45:19,JSMR,RG,4070,4,D,CS,CC,D
14:45:18,JSMR,RG,4070,1,D,RX,CC,D
14:45:10,JSMR,RG,4070,11,D,RX,CC,D
14:45:10,JSMR,RG,4070,1,D,RX,OD,F
14:45:10,JSMR,RG,4070,10,D,RX,PD,D
14:45:10,JSMR,RG,4070,3,D,RX,EP,D
14:45:10,JSMR,RG,4070,1,D,RX,CC,D
14:45:10,JSMR,RG,4070,18,D,RX,GR,D
14:45:08,JSMR,RG,4070,2,D,RX,GR,D
14:44:59,JSMR,RG,4060,1,F,BK,DP,D
14:44:55,JSMR,RG,4070,1,D,CC,GR,D
14:44:54,JSMR,RG,4070,4,D,RX,GR,D
14:44:54,JSMR,RG,4070,33,D,RX,IF,D
14:44:52,JSMR,RG,4070,12,D,LS,IF,D
14:44:50,JSMR,RG,4070,1,D,RX,IF,D
14:44:42,JSMR,RG,4070,10,F,BK,IF,D
14:44:36,JSMR,RG,4070,33,D,RX,IF,D
14:44:33,JSMR,RG,4070,1,D,RX,IF,D
14:44:33,JSMR,RG,4070,17,D,CS,IF,D
14:44:21,JSMR,RG,4070,37,D,RX,IF,D
14:44:14,JSMR,RG,4070,1,D,RX,IF,D
14:44:14,JSMR,RG,4060,1,F,BK,CP,D
14:44:04,JSMR,RG,4070,23,D,RX,IF,D
14:43:59,JSMR,RG,4070,1,D,RX,IF,D
14:43:51,JSMR,RG,4060,1,F,BK,NI,D
14:43:50,JSMR,RG,4060,1,F,BK,DP,D
14:43:49,JSMR,RG,4060,1,F,BK,DP,D
14:43:49,JSMR,RG,4060,2,D,YP,DP,D
14:43:43,JSMR,RG,4070,10,F,BK,IF,D
14:43:33,JSMR,RG,4070,25,D,CS,IF,D
14:43:05,JSMR,RG,4070,1,D,CC,IF,D
14:42:58,JSMR,RG,4060,1,D,YP,AZ,D
14:42:58,JSMR,RG,4060,5,D,CC,AZ,D
14:42:58,JSMR,RG,4060,2,D,PD,AZ,D
14:42:56,JSMR,RG,4070,11,F,BK,IF,D
14:42:54,JSMR,RG,4070,30,D,SQ,IF,D
14:42:03,JSMR,RG,4070,34,D,CS,IF,D
14:40:31,JSMR,RG,4060,30,D,PD,CC,D
14:40:22,JSMR,RG,4060,68,D,PD,DR,D
14:40:22,JSMR,RG,4060,50,D,SQ,DR,D
14:40:22,JSMR,RG,4060,10,D,XC,DR,D
14:40:22,JSMR,RG,4060,4,D,OD,DR,D
14:40:22,JSMR,RG,4060,1,D,EP,DR,D
14:40:22,JSMR,RG,4060,1,D,YP,DR,D
14:40:22,JSMR,RG,4060,5,F,AG,DR,D
14:40:22,JSMR,RG,4060,15,D,CC,DR,D
14:40:22,JSMR,RG,4060,25,D,SQ,DR,D
14:40:22,JSMR,RG,4060,21,D,YP,DR,D
14:40:03,JSMR,RG,4060,40,D,YP,CC,D
14:39:13,JSMR,RG,4060,35,D,YP,KK,D
14:38:08,JSMR,RG,4060,1,D,YP,YP,D
14:38:02,JSMR,RG,4060,2,D,YP,NI,D
14:37:34,JSMR,RG,4060,1,D,YP,CC,D
14:37:10,JSMR,RG,4060,2,D,YP,BK,F
14:37:08,JSMR,RG,4060,250,D,YP,ZP,D
14:36:58,JSMR,RG,4070,10,D,YP,IF,D
14:36:54,JSMR,RG,4060,1,D,YP,XC,D
14:36:52,JSMR,RG,4060,2,D,YP,BK,F
14:36:47,JSMR,RG,4060,4,D,YP,BK,F
14:36:46,JSMR,RG,4070,220,F,BK,IF,D
14:36:46,JSMR,RG,4070,220,F,BK,IF,D
14:36:46,JSMR,RG,4070,60,D,SQ,IF,D
14:36:46,JSMR,RG,4070,41,F,BK,IF,D
14:36:46,JSMR,RG,4070,39,D,CS,IF,D
14:36:46,JSMR,RG,4070,175,D,PD,IF,D
14:36:46,JSMR,RG,4070,25,D,PD,IF,D
14:36:46,JSMR,RG,4070,5,D,OD,IF,D
14:36:46,JSMR,RG,4070,80,D,AK,IF,D
14:36:46,JSMR,RG,4070,24,D,CS,IF,D
14:36:46,JSMR,RG,4070,15,D,CS,IF,D
14:36:46,JSMR,RG,4070,39,F,BK,IF,D
14:36:46,JSMR,RG,4070,17,D,SQ,IF,D
14:36:31,JSMR,RG,4070,1,D,SQ,NI,D
14:36:26,JSMR,RG,4070,12,D,SQ,IF,D
14:36:26,JSMR,RG,4070,21,D,AK,IF,D
14:36:26,JSMR,RG,4070,7,D,CS,IF,D
14:36:26,JSMR,RG,4070,162,F,BK,IF,D
14:36:26,JSMR,RG,4070,48,D,SQ,IF,D
14:35:34,JSMR,RG,4080,2,D,XC,MG,D
14:35:28,JSMR,RG,4070,2,D,SQ,PD,D
14:35:28,JSMR,RG,4070,2,D,HP,PD,D
14:35:28,JSMR,RG,4070,3,D,PD,PD,D
14:35:28,JSMR,RG,4070,1,F,BK,PD,D
14:35:28,JSMR,RG,4070,2,F,BK,PD,D
14:35:11,JSMR,RG,4070,1,F,BK,YP,D
14:34:59,JSMR,RG,4070,6,F,BK,NI,D
14:34:59,JSMR,RG,4070,1,D,CS,NI,D
14:34:54,JSMR,RG,4070,5,D,CS,GR,D
14:34:34,JSMR,RG,4080,2,D,YP,MG,D
14:34:03,JSMR,RG,4070,1,D,CS,YP,D
14:34:03,JSMR,RG,4070,7,D,CS,YP,D
14:34:03,JSMR,RG,4070,2,D,AK,YP,D
14:33:55,JSMR,RG,4070,6,D,AK,GR,D
14:33:11,JSMR,RG,4070,3,D,AK,DR,D
14:33:04,JSMR,RG,4070,3,D,AK,DR,D
14:32:44,JSMR,RG,4080,10,D,CS,MG,D
14:32:44,JSMR,RG,4070,10,D,AK,AG,D
14:32:44,JSMR,RG,4070,1,D,CC,AG,D
14:32:44,JSMR,RG,4070,23,D,AK,AG,D
14:32:44,JSMR,RG,4070,37,F,BK,AG,D
14:32:44,JSMR,RG,4070,160,F,BK,AG,D
14:32:44,JSMR,RG,4070,38,F,BK,AG,D
14:32:44,JSMR,RG,4070,4,D,RX,AG,D
14:32:44,JSMR,RG,4070,27,D,RX,AG,D
14:32:18,JSMR,RG,4070,1,D,RX,YU,D
14:32:06,JSMR,RG,4070,4,D,RX,DP,D
14:32:06,JSMR,RG,4070,3,D,RX,DP,D
14:32:06,JSMR,RG,4070,50,D,RX,AI,D
14:32:06,JSMR,RG,4070,20,D,RX,CC,D
14:32:06,JSMR,RG,4070,46,D,RX,AG,D
14:32:05,JSMR,RG,4070,2,D,CC,AG,D
14:32:01,JSMR,RG,4070,25,D,SQ,AG,D
14:31:55,JSMR,RG,4070,10,D,CS,AG,D
14:31:46,JSMR,RG,4070,17,D,SQ,AG,D
14:31:46,JSMR,RG,4070,30,D,SQ,IF,D
14:31:46,JSMR,RG,4070,3,D,SQ,SQ,D
14:31:42,JSMR,RG,4070,7,D,SQ,SQ,D
14:31:42,JSMR,RG,4070,93,D,SQ,IF,D
14:30:27,JSMR,RG,4070,250,F,BK,IF,D
14:30:26,JSMR,RG,4070,4,D,RX,IF,D
14:30:26,JSMR,RG,4070,151,D,RX,IF,D
14:30:01,JSMR,RG,4070,2,D,TF,IF,D
14:30:01,JSMR,RG,4070,2,D,TF,PD,D
14:29:32,JSMR,RG,4070,98,F,BK,PD,D
14:29:32,JSMR,RG,4070,90,F,BK,CC,D
14:29:32,JSMR,RG,4070,62,F,BK,AG,D
14:29:21,JSMR,RG,4060,1,D,YP,DP,D
14:27:10,JSMR,RG,4070,3,D,NI,AG,D
14:26:52,JSMR,RG,4070,75,D,PD,AG,D
14:26:52,JSMR,RG,4070,1,D,YP,AG,D
14:26:52,JSMR,RG,4070,12,F,BK,AG,D
14:26:52,JSMR,RG,4070,20,D,SQ,AG,D
14:26:52,JSMR,RG,4070,8,D,RX,AG,D
14:26:52,JSMR,RG,4070,19,D,RX,AG,D
14:25:39,JSMR,RG,4070,50,D,RX,CC,D
14:25:35,JSMR,RG,4070,12,D,RX,YP,D
14:25:05,JSMR,RG,4070,7,D,RX,PD,D
14:25:05,JSMR,RG,4070,12,D,RX,BK,F
14:25:05,JSMR,RG,4070,200,D,RX,AG,D
14:25:05,JSMR,RG,4070,3,D,RX,DP,D
14:24:53,JSMR,RG,4060,8,D,YP,MG,D
14:24:47,JSMR,RG,4060,9,D,YP,BK,F
14:24:43,JSMR,RG,4070,1,D,CS,MG,D
14:24:43,JSMR,RG,4070,200,D,PD,MG,D
14:24:43,JSMR,RG,4070,5,D,PD,MG,D
14:24:43,JSMR,RG,4070,976,D,BB,MG,D
14:24:43,JSMR,RG,4070,14,F,BK,MG,D
14:24:43,JSMR,RG,4070,18,D,YP,MG,D
14:24:43,JSMR,RG,4070,50,D,YP,MG,D
14:24:43,JSMR,RG,4070,45,D,SQ,MG,D
14:24:43,JSMR,RG,4070,1,D,XC,MG,D
14:24:43,JSMR,RG,4070,10,D,CC,MG,D
14:24:43,JSMR,RG,4070,1,D,XC,MG,D
14:24:43,JSMR,RG,4070,30,D,SQ,MG,D
14:24:43,JSMR,RG,4070,30,D,AI,MG,D
14:24:43,JSMR,RG,4070,10,F,BK,MG,D
14:24:43,JSMR,RG,4070,22,F,BK,MG,D
14:24:43,JSMR,RG,4070,1,D,YP,MG,D
14:24:43,JSMR,RG,4070,102,F,CC,MG,D
14:24:43,JSMR,RG,4070,9,F,BK,MG,D
14:24:43,JSMR,RG,4070,10,D,NI,MG,D
14:24:43,JSMR,RG,4070,10,D,PD,MG,D
14:24:43,JSMR,RG,4070,5,D,PD,MG,D
14:24:43,JSMR,RG,4070,120,D,CC,MG,D
14:24:43,JSMR,RG,4070,3,D,OD,MG,D
14:24:43,JSMR,RG,4070,200,D,YP,MG,D
14:24:43,JSMR,RG,4070,8,D,KK,MG,D
14:24:43,JSMR,RG,4070,111,D,YP,MG,D
14:24:32,JSMR,RG,4080,10,D,YP,MG,D
14:24:32,JSMR,RG,4080,1,D,PD,MG,D
14:24:32,JSMR,RG,4080,1,D,YP,MG,D
14:24:32,JSMR,RG,4080,60,D,SQ,MG,D
14:24:32,JSMR,RG,4080,2,D,PD,MG,D
14:24:32,JSMR,RG,4080,24,D,AK,MG,D
14:24:32,JSMR,RG,4080,9,D,CS,MG,D
14:24:32,JSMR,RG,4080,150,D,PD,MG,D
14:24:32,JSMR,RG,4080,10,F,BK,MG,D
14:24:32,JSMR,RG,4080,11,D,CS,MG,D
14:24:32,JSMR,RG,4080,36,D,PD,MG,D
14:24:23,JSMR,RG,4080,7,D,PD,DR,D
14:23:41,JSMR,RG,4080,7,D,PD,KK,D
14:23:41,JSMR,RG,4080,3,D,CC,KK,D
14:23:41,JSMR,RG,4080,3,D,CS,KK,D
14:23:41,JSMR,RG,4080,2,F,BK,KK,D
14:23:19,JSMR,RG,4080,1,F,BK,KK,D
14:23:05,JSMR,RG,4080,10,F,BK,XC,D
14:23:01,JSMR,RG,4080,4,F,BK,YP,D
14:22:51,JSMR,RG,4080,1,F,BK,SQ,D
14:22:45,JSMR,RG,4080,5,D,PD,DH,D
14:22:45,JSMR,RG,4080,6,D,CS,DH,D
14:22:45,JSMR,RG,4080,6,F,BK,DH,D
14:22:29,JSMR,RG,4080,19,F,BK,AG,D
14:22:29,JSMR,RG,4080,35,D,CS,AG,D
14:22:29,JSMR,RG,4080,1,D,CC,AG,D
14:22:29,JSMR,RG,4080,1,D,XC,AG,D
14:22:29,JSMR,RG,4080,20,D,CS,AG,D
14:22:29,JSMR,RG,4080,11,D,CS,AG,D
14:22:29,JSMR,RG,4080,6,D,CS,AG,D
14:22:29,JSMR,RG,4080,1,D,CS,AG,D
14:22:29,JSMR,RG,4080,49,D,AK,AG,D
14:22:29,JSMR,RG,4080,18,F,BK,AG,D
14:22:29,JSMR,RG,4080,1,D,CS,AG,D
14:22:29,JSMR,RG,4080,6,D,RX,AG,D
14:22:29,JSMR,RG,4080,32,D,RX,AG,D
14:21:39,JSMR,RG,4080,1,D,RX,AG,D
14:21:15,JSMR,RG,4080,1,D,RX,DP,D
14:21:14,JSMR,RG,4080,29,D,RX,NI,D
14:20:59,JSMR,RG,4080,15,D,RX,DR,D
14:20:45,JSMR,RG,4080,5,D,RX,YP,D
14:20:23,JSMR,RG,4080,10,D,RX,PD,D
14:20:23,JSMR,RG,4080,100,D,RX,NI,D
14:20:23,JSMR,RG,4080,3,D,RX,DP,D
14:20:23,JSMR,RG,4080,31,D,RX,IF,D
14:19:58,JSMR,RG,4080,168,D,YP,IF,D
14:19:26,JSMR,RG,4070,10,D,YP,AG,D
14:19:05,JSMR,RG,4080,2,D,YP,IF,D
14:18:57,JSMR,RG,4080,6,D,CS,IF,D
14:18:57,JSMR,RG,4080,7,D,CS,IF,D
14:18:57,JSMR,RG,4080,3,D,CS,IF,D
14:18:56,JSMR,RG,4080,2,D,CS,IF,D
14:18:56,JSMR,RG,4080,33,D,AK,IF,D
14:18:56,JSMR,RG,4080,13,D,AK,IF,D
14:18:56,JSMR,RG,4080,2,D,PD,IF,D
14:18:56,JSMR,RG,4080,5,D,CS,IF,D
14:18:56,JSMR,RG,4080,7,D,CS,IF,D
14:18:56,JSMR,RG,4080,8,D,CS,IF,D
14:18:56,JSMR,RG,4080,1,D,CC,IF,D
14:18:56,JSMR,RG,4080,2,D,CS,IF,D
14:18:56,JSMR,RG,4080,35,D,SQ,IF,D
14:18:56,JSMR,RG,4080,1,D,YP,IF,D
14:18:56,JSMR,RG,4080,9,D,CS,IF,D
14:18:56,JSMR,RG,4080,20,D,AK,IF,D
14:18:56,JSMR,RG,4080,14,D,AK,IF,D
14:18:56,JSMR,RG,4080,48,F,BK,IF,D
14:18:56,JSMR,RG,4080,10,D,RX,IF,D
14:18:56,JSMR,RG,4080,73,D,RX,IF,D
14:18:53,JSMR,RG,4080,2,D,RX,DP,D
14:18:43,JSMR,RG,4090,10,F,BK,GR,D
14:17:58,JSMR,RG,4090,6,D,XC,GR,D
14:17:46,JSMR,RG,4090,10,F,BK,GR,D
14:17:41,JSMR,RG,4080,10,D,RX,XC,D
14:17:19,JSMR,RG,4080,5,D,RX,YB,D
14:16:44,JSMR,RG,4080,30,D,RX,NI,D
14:16:41,JSMR,RG,4080,7,D,RX,PD,D
14:16:38,JSMR,RG,4080,1,D,RX,XC,D
14:16:32,JSMR,RG,4080,32,D,RX,YP,D
14:16:06,JSMR,RG,4080,10,D,RX,YP,D
14:15:28,JSMR,RG,4080,30,D,RX,EP,D
14:15:12,JSMR,RG,4080,10,D,RX,YP,D
14:15:11,JSMR,RG,4080,10,D,RX,CC,D
14:14:59,JSMR,RG,4080,153,D,RX,PD,D
14:14:41,JSMR,RG,4080,6,D,RX,NI,D
14:14:36,JSMR,RG,4080,2,D,CS,NI,D
14:14:34,JSMR,RG,4080,16,D,AK,NI,D
14:14:34,JSMR,RG,4080,1,D,YP,NI,D
14:14:34,JSMR,RG,4080,25,D,SQ,NI,D
14:14:34,JSMR,RG,4080,1,D,CS,NI,D
14:14:34,JSMR,RG,4080,11,D,CS,NI,D
14:14:34,JSMR,RG,4080,20,D,SQ,NI,D
14:14:34,JSMR,RG,4080,1,D,XC,NI,D
14:14:34,JSMR,RG,4080,17,F,BK,NI,D
14:14:11,JSMR,RG,4080,7,F,BK,BQ,D
14:14:11,JSMR,RG,4080,19,F,BK,BQ,D
14:14:08,JSMR,RG,4090,7,D,EP,GR,D
14:14:03,JSMR,RG,4080,1,D,CC,XC,D
14:12:08,JSMR,RG,4080,2,D,CS,DP,D
14:12:08,JSMR,RG,4080,2,D,CS,XC,D
14:12:08,JSMR,RG,4080,1,D,CS,XC,D
14:12:08,JSMR,RG,4080,1,D,CS,GR,D
14:12:07,JSMR,RG,4080,5,F,ZP,SQ,D
14:12:06,JSMR,RG,4080,15,D,CS,SQ,D
14:12:06,JSMR,RG,4080,25,D,YP,PD,D
14:12:06,JSMR,RG,4080,3,D,YP,DP,D
14:12:06,JSMR,RG,4080,10,D,YP,LG,D
14:12:06,JSMR,RG,4080,20,D,YP,TP,D
14:12:06,JSMR,RG,4080,3,D,YP,NI,D
14:12:06,JSMR,RG,4080,1,D,YP,KK,D
14:12:06,JSMR,RG,4080,238,D,YP,IT,D
14:11:21,JSMR,RG,4080,5,D,PD,IT,D
14:10:50,JSMR,RG,4080,7,D,LG,IT,D
14:10:50,JSMR,RG,4080,10,D,LG,OD,D
14:10:50,JSMR,RG,4080,5,D,LG,NI,D
14:10:50,JSMR,RG,4080,28,D,LG,KK,D
14:10:29,JSMR,RG,4070,5,D,YP,CC,D
14:10:26,JSMR,RG,4070,2,D,YP,YP,D
14:10:07,JSMR,RG,4070,15,D,YP,KK,D
14:09:51,JSMR,RG,4070,19,D,YP,EP,D
14:09:44,JSMR,RG,4080,2,D,CC,KK,D
14:09:37,JSMR,RG,4070,138,D,YP,CC,D
14:09:37,JSMR,RG,4070,19,D,SQ,CC,D
14:09:37,JSMR,RG,4070,43,F,BK,CC,D
14:09:36,JSMR,RG,4070,2,F,BK,EP,D
14:09:22,JSMR,RG,4070,5,F,BK,CC,D
14:09:05,JSMR,RG,4070,15,F,BK,DR,D
14:08:34,JSMR,RG,4070,6,F,BK,YP,D
14:08:33,JSMR,RG,4070,75,F,BK,LG,D
14:07:40,JSMR,RG,4070,1,F,BK,PD,D
14:07:02,JSMR,RG,4070,10,F,BK,PD,D
14:06:31,JSMR,RG,4070,1,F,BK,CC,D
14:06:16,JSMR,RG,4070,1,F,BK,DP,D
14:06:15,JSMR,RG,4080,1,D,XC,KK,D
14:05:31,JSMR,RG,4080,1,D,NI,KK,D
14:05:07,JSMR,RG,4070,1,F,BK,CC,D
14:04:44,JSMR,RG,4080,20,D,PD,LG,D
14:04:44,JSMR,RG,4080,10,D,PD,DH,D
14:04:44,JSMR,RG,4080,25,D,PD,PD,D
14:04:44,JSMR,RG,4080,145,D,PD,EP,D
14:04:12,JSMR,RG,4080,1,D,NI,EP,D
14:04:04,JSMR,RG,4080,2,D,YJ,EP,D
14:04:01,JSMR,RG,4080,2,D,CS,EP,D
14:04:01,JSMR,RG,4080,2,D,CS,EP,D
14:04:01,JSMR,RG,4080,1,D,CS,EP,D
14:04:01,JSMR,RG,4080,25,D,SQ,EP,D
14:04:01,JSMR,RG,4080,7,D,CS,EP,D
14:04:01,JSMR,RG,4080,68,D,PD,EP,D
14:03:45,JSMR,RG,4080,1,D,PD,XC,D
14:03:28,JSMR,RG,4080,2,D,PD,DP,D
14:03:24,JSMR,RG,4080,96,D,PD,CC,D
14:03:07,JSMR,RG,4080,33,D,SQ,CC,D
14:03:07,JSMR,RG,4080,19,D,AK,CC,D
14:03:07,JSMR,RG,4080,11,F,BK,CC,D
14:03:07,JSMR,RG,4080,225,D,PD,CC,D
14:03:07,JSMR,RG,4080,15,D,CS,CC,D
14:03:07,JSMR,RG,4080,1,D,CC,CC,D
14:02:53,JSMR,RG,4080,10,D,RX,CD,D
14:02:53,JSMR,RG,4080,63,D,RX,CD,D
14:02:32,JSMR,RG,4080,12,D,RX,YP,D
14:02:21,JSMR,RG,4080,1,D,RX,XC,D
14:02:12,JSMR,RG,4080,50,D,RX,BQ,D
14:02:12,JSMR,RG,4080,25,D,RX,OD,D
14:02:12,JSMR,RG,4080,50,D,RX,TP,D
14:02:12,JSMR,RG,4080,1,D,RX,YP,D
14:02:12,JSMR,RG,4080,10,D,RX,YU,D
14:02:12,JSMR,RG,4080,10,D,RX,CC,D
14:02:12,JSMR,RG,4080,2,D,RX,DH,D
14:02:12,JSMR,RG,4080,15,D,RX,XC,D
14:02:12,JSMR,RG,4080,5,D,RX,GR,D
14:02:12,JSMR,RG,4080,90,D,RX,CC,D
14:02:12,JSMR,RG,4080,20,D,RX,DX,D
14:02:12,JSMR,RG,4080,1,D,RX,PD,D
14:02:12,JSMR,RG,4080,5,D,RX,XC,D
14:02:12,JSMR,RG,4080,2,D,RX,XC,D
14:02:12,JSMR,RG,4080,10,D,RX,LG,D
14:02:12,JSMR,RG,4080,5,D,RX,EP,D
14:02:12,JSMR,RG,4080,1,D,RX,PG,D
14:02:12,JSMR,RG,4080,1,D,RX,DP,D
14:02:06,JSMR,RG,4080,2,D,RX,DP,D
14:02:06,JSMR,RG,4080,8,D,RX,PD,D
14:02:06,JSMR,RG,4080,379,D,RX,PD,D
14:01:51,JSMR,RG,4070,2,F,BK,CC,D
14:01:35,JSMR,RG,4070,2,F,BK,OD,D
14:00:52,JSMR,RG,4070,2,F,BK,XC,D
14:00:31,JSMR,RG,4070,4,F,BK,PD,D
14:00:31,JSMR,RG,4070,1,D,YP,PD,D
14:00:31,JSMR,RG,4070,10,D,SQ,PD,D
14:00:02,JSMR,RG,4070,1,D,SQ,HP,D
13:59:56,JSMR,RG,4070,1,D,SQ,CC,D
13:58:57,JSMR,RG,4080,50,D,YP,PD,D
13:58:35,JSMR,RG,4070,2,D,SQ,DH,D
13:58:24,JSMR,RG,4070,7,D,SQ,XC,D
13:58:12,JSMR,RG,4070,1,D,SQ,DP,D
13:57:41,JSMR,RG,4080,22,D,AK,PD,D
13:57:41,JSMR,RG,4080,19,D,AK,PD,D
13:57:41,JSMR,RG,4080,1,F,BK,PD,D
13:57:41,JSMR,RG,4080,100,D,LG,PD,D
13:57:41,JSMR,RG,4080,11,F,BK,PD,D
13:57:41,JSMR,RG,4080,12,D,YU,PD,D
13:57:41,JSMR,RG,4080,1,D,CC,PD,D
13:57:41,JSMR,RG,4080,25,D,SQ,PD,D
13:57:41,JSMR,RG,4080,10,D,CS,PD,D
13:57:41,JSMR,RG,4080,1,D,YP,PD,D
13:57:41,JSMR,RG,4080,13,D,CS,PD,D
13:57:41,JSMR,RG,4080,4,D,CS,PD,D
13:57:41,JSMR,RG,4080,35,F,BK,PD,D
13:57:41,JSMR,RG,4080,15,D,CS,PD,D
13:57:41,JSMR,RG,4080,24,D,AK,PD,D
13:57:41,JSMR,RG,4080,28,F,BK,PD,D
13:57:41,JSMR,RG,4080,48,D,AK,PD,D
13:57:41,JSMR,RG,4080,6,D,RX,PD,D
13:57:41,JSMR,RG,4080,227,D,RX,PD,D
13:57:41,JSMR,RG,4080,8,D,CS,PD,D
13:57:41,JSMR,RG,4080,34,F,BK,PD,D
13:57:41,JSMR,RG,4080,6,D,CS,PD,D
13:57:41,JSMR,RG,4080,15,D,CS,PD,D
13:57:41,JSMR,RG,4080,1,D,NI,PD,D
13:57:41,JSMR,RG,4080,1,D,CS,PD,D
13:57:41,JSMR,RG,4080,3,D,CS,PD,D
13:57:41,JSMR,RG,4080,1,D,PD,PD,D
13:57:41,JSMR,RG,4080,5,D,GR,PD,D
13:57:41,JSMR,RG,4080,43,F,BK,PD,D
13:57:41,JSMR,RG,4080,25,D,SQ,PD,D
13:57:41,JSMR,RG,4080,8,D,RX,PD,D
13:57:41,JSMR,RG,4080,303,D,RX,PD,D
13:57:41,JSMR,RG,4080,8,F,BK,PD,D
13:57:33,JSMR,RG,4080,20,F,BK,NI,D
13:57:28,JSMR,RG,4080,2,F,BK,XC,D
13:57:15,JSMR,RG,4080,15,F,BK,XA,D
13:57:15,JSMR,RG,4080,23,D,AK,XA,D
13:57:15,JSMR,RG,4080,1,D,YJ,XA,D
13:57:15,JSMR,RG,4080,20,D,EP,XA,D
13:57:15,JSMR,RG,4080,11,F,AK,XA,D
13:57:15,JSMR,RG,4080,130,D,PD,XA,D
13:57:11,JSMR,RG,4080,1,D,PD,CC,D
13:57:10,JSMR,RG,4080,10,D,PD,YP,D
13:56:59,JSMR,RG,4090,18,D,AK,GR,D
13:56:48,JSMR,RG,4090,12,F,BK,GR,D
13:56:24,JSMR,RG,4090,52,D,CS,GR,D
13:56:13,JSMR,RG,4080,1,D,PD,NI,D
13:55:52,JSMR,RG,4080,1,D,PD,CC,D
13:55:46,JSMR,RG,4080,2,D,PD,DP,D
13:55:38,JSMR,RG,4090,19,F,BK,GR,D
13:55:31,JSMR,RG,4090,13,F,BK,GR,D
13:55:28,JSMR,RG,4090,4,F,BK,GR,D
13:55:28,JSMR,RG,4090,3,F,BK,PD,D
13:55:28,JSMR,RG,4090,10,F,BK,CC,D
13:55:28,JSMR,RG,4090,5,F,BK,YP,D
13:55:20,JSMR,RG,4090,3,F,BK,YP,D
13:55:20,JSMR,RG,4090,1,F,BK,PD,D
13:55:20,JSMR,RG,4090,10,F,BK,CC,D
13:55:20,JSMR,RG,4090,17,F,BK,XC,D
13:55:15,JSMR,RG,4090,3,D,AK,XC,D
13:55:15,JSMR,RG,4090,2,D,AK,YP,D
13:55:15,JSMR,RG,4090,11,D,AK,KK,D
13:55:15,JSMR,RG,4090,1,D,AK,XC,D
13:55:11,JSMR,RG,4090,10,F,BK,XC,D
13:55:11,JSMR,RG,4090,6,F,BK,XC,D
13:55:11,JSMR,RG,4090,31,F,BK,NI,D
13:55:00,JSMR,RG,4090,4,F,BK,NI,D
13:54:49,JSMR,RG,4080,3,D,PD,XC,D
13:54:45,JSMR,RG,4080,1,D,PD,YP,D
13:54:35,JSMR,RG,4080,10,D,PD,PD,D
13:54:26,JSMR,RG,4090,10,F,BK,NI,D
13:54:26,JSMR,RG,4090,2,F,BK,PD,D
13:53:35,JSMR,RG,4090,1,F,BK,KK,D
13:53:35,JSMR,RG,4090,10,F,BK,OD,D
13:53:35,JSMR,RG,4090,11,F,BK,OD,D
13:53:35,JSMR,RG,4090,1,F,BK,DR,D
13:53:35,JSMR,RG,4090,10,F,BK,OD,D
13:53:35,JSMR,RG,4090,10,F,BK,GR,D
13:53:34,JSMR,RG,4090,5,F,BK,PD,D
13:53:34,JSMR,RG,4090,2,F,BK,CC,D
13:53:34,JSMR,RG,4090,3,F,BK,LS,D
13:53:27,JSMR,RG,4090,2,F,BK,LS,D
13:53:27,JSMR,RG,4090,3,F,BK,KK,D
13:53:07,JSMR,RG,4090,32,F,BK,KK,D
13:52:59,JSMR,RG,4090,1,D,PD,KK,D
13:52:40,JSMR,RG,4090,10,F,BK,KK,D
13:52:36,JSMR,RG,4090,4,F,BK,KK,D
13:52:36,JSMR,RG,4090,10,F,BK,CC,D
13:52:36,JSMR,RG,4090,1,F,BK,CC,D
13:52:36,JSMR,RG,4090,1,F,BK,KK,D
13:52:36,JSMR,RG,4090,10,F,BK,GR,D
13:52:36,JSMR,RG,4090,5,F,BK,YP,D
13:52:36,JSMR,RG,4090,3,F,BK,DR,D
13:52:36,JSMR,RG,4090,5,F,BK,YP,D
13:52:36,JSMR,RG,4090,10,F,BK,YP,D
13:52:36,JSMR,RG,4090,1,F,BK,YP,D
13:52:36,JSMR,RG,4090,3,F,BK,AZ,D
13:52:27,JSMR,RG,4090,2,F,BK,AZ,D
13:52:27,JSMR,RG,4090,9,F,BK,ZP,D
13:52:20,JSMR,RG,4090,2,D,CC,ZP,D
13:52:20,JSMR,RG,4090,5,F,BK,ZP,D
13:52:11,JSMR,RG,4090,10,D,DR,ZP,D
13:51:47,JSMR,RG,4090,24,F,BK,ZP,D
13:51:47,JSMR,RG,4090,5,F,BK,MG,D
13:51:47,JSMR,RG,4090,1,F,BK,YP,D
13:51:47,JSMR,RG,4090,8,F,BK,LG,D
13:51:47,JSMR,RG,4090,8,F,BK,YP,D
13:51:38,JSMR,RG,4090,7,F,BK,YP,D
13:51:38,JSMR,RG,4090,4,F,BK,KK,D
13:51:38,JSMR,RG,4090,11,F,BK,YP,D
13:51:31,JSMR,RG,4090,8,F,BK,YP,D
13:51:31,JSMR,RG,4090,6,F,BK,GR,D
13:50:46,JSMR,RG,4080,1,D,PD,DP,D
13:50:40,JSMR,RG,4090,4,F,BK,GR,D
13:50:40,JSMR,RG,4090,1,F,BK,PD,D
13:50:40,JSMR,RG,4090,5,F,BK,YP,D
13:50:12,JSMR,RG,4080,15,D,PD,XC,D
13:49:59,JSMR,RG,4090,30,D,CS,YP,D
13:49:59,JSMR,RG,4090,10,D,CS,OD,D
13:49:59,JSMR,RG,4090,1,D,CS,PD,D
13:49:59,JSMR,RG,4090,14,D,CS,YP,D
13:49:49,JSMR,RG,4090,11,F,BK,YP,D
13:49:45,JSMR,RG,4080,1,D,PD,XC,D
13:49:23,JSMR,RG,4080,24,D,PD,CC,D
13:49:23,JSMR,RG,4080,22,D,AK,CC,D
13:49:23,JSMR,RG,4080,1,D,YP,CC,D
13:49:23,JSMR,RG,4080,43,F,BK,CC,D
13:49:23,JSMR,RG,4080,1,F,BK,CC,D
13:49:17,JSMR,RG,4080,10,F,BK,CC,D
13:48:31,JSMR,RG,4080,10,F,BK,YP,D
13:48:30,JSMR,RG,4080,5,F,BK,YP,D
13:48:22,JSMR,RG,4080,8,F,BK,KK,D
13:48:04,JSMR,RG,4080,3,F,BK,DP,D
13:47:56,JSMR,RG,4080,1,F,BK,CC,D
13:47:55,JSMR,RG,4080,10,F,BK,YP,D
13:46:58,JSMR,RG,4090,5,D,PD,HP,D
13:46:56,JSMR,RG,4080,2,F,BK,EP,D
13:46:36,JSMR,RG,4090,1,D,CC,HP,D
13:46:29,JSMR,RG,4080,2,F,BK,YP,D
13:46:29,JSMR,RG,4080,3,F,BK,YP,D
13:46:24,JSMR,RG,4080,1,F,BK,XC,D
13:46:17,JSMR,RG,4080,1,F,BK,KK,D
13:45:56,JSMR,RG,4080,6,F,BK,PD,D
13:45:41,JSMR,RG,4080,2,F,BK,XC,D
13:45:40,JSMR,RG,4080,5,F,BK,NI,D
13:45:29,JSMR,RG,4080,10,F,BK,CC,D
13:45:15,JSMR,RG,4080,23,F,BK,YU,D
13:45:15,JSMR,RG,4080,27,D,AK,YU,D
13:45:15,JSMR,RG,4080,19,F,BK,YU,D
13:45:15,JSMR,RG,4080,2,D,CS,YU,D
13:45:15,JSMR,RG,4080,10,D,RX,YU,D
13:45:15,JSMR,RG,4080,19,D,RX,YU,D
13:44:47,JSMR,RG,4090,4,F,BK,HP,D
13:44:47,JSMR,RG,4090,5,F,BK,CC,D
13:44:47,JSMR,RG,4090,5,F,BK,YP,D
13:44:00,JSMR,RG,4090,11,F,BK,YP,D
13:43:02,JSMR,RG,4080,10,D,RX,OD,D
13:42:59,JSMR,RG,4090,34,D,CS,YP,D
13:42:59,JSMR,RG,4090,2,D,CS,SQ,D
13:42:59,JSMR,RG,4090,20,D,CS,YP,D
13:42:59,JSMR,RG,4090,1,D,CS,GR,D
13:42:54,JSMR,RG,4080,1,D,RX,DP,D
13:42:46,JSMR,RG,4080,10,D,RX,GR,D
13:42:38,JSMR,RG,4090,1,D,PD,GR,D
13:42:00,JSMR,RG,4090,1,D,YU,GR,D
13:41:51,JSMR,RG,4080,6,D,RX,YP,D
13:41:23,JSMR,RG,4080,1,D,RX,KK,D
13:41:08,JSMR,RG,4090,1,D,CC,GR,D
13:41:07,JSMR,RG,4080,15,D,RX,YP,D
13:40:45,JSMR,RG,4080,10,D,RX,OD,D
13:40:24,JSMR,RG,4080,1,D,RX,OD,D
13:40:21,JSMR,RG,4080,2,D,RX,DP,D
13:39:43,JSMR,RG,4090,1,D,XC,GR,D
13:39:43,JSMR,RG,4090,1,D,XC,IT,D
13:39:17,JSMR,RG,4090,1,D,YP,IT,D
13:38:52,JSMR,RG,4090,2,D,XC,IT,D
13:37:56,JSMR,RG,4090,59,D,XC,IT,D
13:37:52,JSMR,RG,4080,3,D,RX,XC,D
13:37:41,JSMR,RG,4090,9,D,EP,IT,D
13:37:41,JSMR,RG,4090,2,D,YU,IT,D
13:37:28,JSMR,RG,4080,10,D,RX,XC,D
13:37:28,JSMR,RG,4080,6,D,RX,YP,D
13:37:28,JSMR,RG,4080,10,D,RX,NI,D
13:37:28,JSMR,RG,4080,2,D,RX,YP,D
13:37:28,JSMR,RG,4080,1,D,RX,KK,D
13:37:28,JSMR,RG,4080,10,D,RX,DX,D
13:37:28,JSMR,RG,4080,20,D,RX,CC,D
13:37:28,JSMR,RG,4080,1,D,RX,YP,D
13:37:28,JSMR,RG,4080,10,D,RX,YP,D
13:37:28,JSMR,RG,4080,1,D,RX,YP,D
13:37:28,JSMR,RG,4080,50,D,RX,YP,D
13:37:28,JSMR,RG,4080,1,D,RX,PD,D
13:37:28,JSMR,RG,4080,4,D,RX,HP,D
13:37:28,JSMR,RG,4080,50,D,RX,AZ,D
13:37:28,JSMR,RG,4080,27,D,RX,PD,D
13:37:28,JSMR,RG,4080,15,D,RX,YP,D
13:37:28,JSMR,RG,4080,83,D,RX,YP,D
13:37:20,JSMR,RG,4080,17,F,BK,YP,D
13:37:20,JSMR,RG,4080,8,F,BK,XC,D
13:37:20,JSMR,RG,4080,1,F,BK,EP,D
13:37:20,JSMR,RG,4080,10,F,BK,GR,D
13:37:20,JSMR,RG,4080,2,F,BK,TP,D
13:37:14,JSMR,RG,4070,2,D,SQ,YU,D
13:37:13,JSMR,RG,4080,8,F,BK,TP,D
13:37:13,JSMR,RG,4080,10,F,BK,XC,D
13:37:13,JSMR,RG,4080,9,F,BK,PD,D
13:37:13,JSMR,RG,4080,1,F,BK,YU,D
13:37:13,JSMR,RG,4080,82,F,BK,NI,D
13:37:11,JSMR,RG,4080,250,F,BK,NI,D
13:37:10,JSMR,RG,4080,62,F,BK,NI,D
13:37:10,JSMR,RG,4080,10,F,BK,YP,D
13:37:10,JSMR,RG,4080,1,F,BK,YP,D
13:37:10,JSMR,RG,4080,30,F,BK,PD,D
13:37:10,JSMR,RG,4080,15,F,BK,YP,D
13:37:10,JSMR,RG,4080,20,F,BK,SQ,D
13:37:10,JSMR,RG,4080,25,F,BK,EP,D
13:37:10,JSMR,RG,4080,1,F,BK,YB,D
13:37:10,JSMR,RG,4080,10,F,BK,CC,D
13:37:10,JSMR,RG,4080,50,F,BK,GR,D
13:37:10,JSMR,RG,4080,5,F,BK,CC,D
13:37:10,JSMR,RG,4080,10,F,BK,HP,D
13:37:10,JSMR,RG,4080,11,F,BK,EP,D
13:37:09,JSMR,RG,4080,29,F,BK,EP,D
13:37:09,JSMR,RG,4080,1,F,BK,YP,D
13:37:09,JSMR,RG,4080,10,F,BK,PD,D
13:37:09,JSMR,RG,4080,1,F,BK,YP,D
13:37:09,JSMR,RG,4080,5,F,BK,YP,D
13:37:09,JSMR,RG,4080,1,F,BK,YP,D
13:37:09,JSMR,RG,4080,1,F,BK,OD,D
13:37:09,JSMR,RG,4080,8,F,BK,XC,D
13:37:09,JSMR,RG,4080,5,F,BK,TP,D
13:37:09,JSMR,RG,4080,2,F,BK,XC,D
13:37:09,JSMR,RG,4080,5,F,BK,SQ,D
13:37:09,JSMR,RG,4080,5,F,BK,PD,D
13:37:09,JSMR,RG,4080,2,F,BK,CC,D
13:37:09,JSMR,RG,4080,175,F,BK,YP,D
13:37:06,JSMR,RG,4080,27,F,BK,YP,D
13:36:59,JSMR,RG,4080,48,F,BK,YP,D
13:36:59,JSMR,RG,4080,4,F,BK,EP,D
13:36:59,JSMR,RG,4080,11,F,BK,CC,D
13:36:53,JSMR,RG,4080,6,F,BK,CC,D
13:36:39,JSMR,RG,4080,9,F,BK,CC,D
13:36:39,JSMR,RG,4080,1,F,BK,XC,D
13:36:39,JSMR,RG,4080,7,F,BK,YP,D
13:36:32,JSMR,RG,4080,18,F,BK,YP,D
13:36:32,JSMR,RG,4080,4,F,BK,YP,D
13:36:32,JSMR,RG,4080,25,F,BK,KK,D
13:36:32,JSMR,RG,4080,10,F,BK,YP,D
13:36:32,JSMR,RG,4080,2,F,BK,CC,D
13:36:32,JSMR,RG,4080,1,F,BK,XC,D
13:36:32,JSMR,RG,4080,1,F,BK,XC,D
13:35:55,JSMR,RG,4080,1,D,XC,CC,D
13:35:50,JSMR,RG,4070,6,D,SQ,YP,D
13:35:44,JSMR,RG,4070,15,D,SQ,OD,D
13:35:44,JSMR,RG,4070,1,D,YJ,OD,D
13:35:44,JSMR,RG,4070,59,F,BK,OD,D
13:35:44,JSMR,RG,4070,9,D,CS,OD,D
13:35:44,JSMR,RG,4070,16,D,PD,OD,D
13:35:40,JSMR,RG,4080,3,D,YP,CC,D
13:35:14,JSMR,RG,4080,1,D,CC,CC,D
13:35:14,JSMR,RG,4080,1,D,CC,CC,D
13:34:37,JSMR,RG,4070,9,D,PD,TP,D
13:34:35,JSMR,RG,4070,11,D,CS,TP,D
13:34:35,JSMR,RG,4070,5,D,CS,SQ,D
13:34:35,JSMR,RG,4070,2,D,CS,SQ,D
13:34:35,JSMR,RG,4070,3,D,CS,KK,D
13:34:35,JSMR,RG,4070,1,D,CS,KK,D
13:34:35,JSMR,RG,4070,9,D,CS,CC,D
13:34:34,JSMR,RG,4070,1,D,YP,CC,D
13:34:34,JSMR,RG,4070,120,D,YP,YP,D
13:34:34,JSMR,RG,4070,15,D,YP,YP,D
13:34:34,JSMR,RG,4070,3,D,YP,XC,D
13:34:34,JSMR,RG,4070,5,D,YP,XC,D
13:34:34,JSMR,RG,4070,30,D,YP,DH,D
13:34:34,JSMR,RG,4070,5,D,YP,CC,D
13:34:34,JSMR,RG,4070,12,D,YP,PD,D
13:34:34,JSMR,RG,4070,1,D,YP,PD,D
13:34:34,JSMR,RG,4070,2,D,YP,XC,D
13:34:34,JSMR,RG,4070,1,D,YP,PD,D
13:34:34,JSMR,RG,4070,1,D,YP,DR,D
13:34:34,JSMR,RG,4070,50,D,YP,KK,D
13:34:34,JSMR,RG,4070,30,D,YP,KK,D
13:34:34,JSMR,RG,4070,3,D,YP,IF,D
13:34:34,JSMR,RG,4070,10,D,YP,YP,D
13:34:34,JSMR,RG,4070,21,D,YP,XC,D
13:34:34,JSMR,RG,4070,1,D,YP,EP,D
13:34:34,JSMR,RG,4070,10,D,YP,GR,D
13:34:34,JSMR,RG,4070,30,D,YP,YP,D
13:34:34,JSMR,RG,4070,1,D,YP,YP,D
13:34:34,JSMR,RG,4070,15,D,YP,OD,D
13:34:34,JSMR,RG,4070,10,D,YP,NI,D
13:34:34,JSMR,RG,4070,1,D,YP,CC,D
13:34:34,JSMR,RG,4070,5,D,YP,YP,D
13:34:34,JSMR,RG,4070,5,D,YP,SQ,D
13:34:34,JSMR,RG,4070,10,D,YP,XC,D
13:34:34,JSMR,RG,4070,20,D,YP,YP,D
13:34:34,JSMR,RG,4070,5,D,YP,XC,D
13:34:34,JSMR,RG,4070,1,D,YP,NI,D
13:34:34,JSMR,RG,4070,44,D,YP,LG,D
13:34:34,JSMR,RG,4070,8,D,YP,GR,D
13:34:34,JSMR,RG,4070,50,D,YP,CC,D
13:34:34,JSMR,RG,4070,10,D,YP,YP,D
13:34:34,JSMR,RG,4070,10,D,YP,YP,D
13:34:34,JSMR,RG,4070,16,D,YP,XC,D
13:34:34,JSMR,RG,4070,1,D,YP,YP,D
13:34:34,JSMR,RG,4070,13,D,YP,HP,D
13:34:34,JSMR,RG,4070,21,D,YP,PD,D
13:34:34,JSMR,RG,4070,1,D,YP,LG,D
13:34:34,JSMR,RG,4070,2,D,YP,DH,D
13:34:34,JSMR,RG,4070,1,D,YP,PD,D
13:34:34,JSMR,RG,4070,1,D,YP,YP,D
13:34:34,JSMR,RG,4070,1,D,YP,CC,D
13:34:34,JSMR,RG,4070,113,D,YP,DH,D
13:34:34,JSMR,RG,4070,3,D,YP,CC,D
13:34:34,JSMR,RG,4070,1,D,YP,NI,D
13:34:34,JSMR,RG,4070,2,D,YP,LG,D
13:34:34,JSMR,RG,4070,3,D,YP,NI,D
13:34:34,JSMR,RG,4070,21,D,YP,PD,D
13:34:34,JSMR,RG,4070,1,D,YP,XC,D
13:34:34,JSMR,RG,4070,5,D,YP,YP,D
13:34:34,JSMR,RG,4070,5,D,YP,SQ,D
13:34:34,JSMR,RG,4070,5,D,YP,YP,D
13:34:34,JSMR,RG,4070,1,D,YP,YP,D
13:34:34,JSMR,RG,4070,36,D,YP,XC,D
13:34:34,JSMR,RG,4070,1,D,YP,PD,D
13:34:04,JSMR,RG,4070,1,D,XC,PD,D
13:33:40,JSMR,RG,4060,25,D,YP,YP,D
13:33:04,JSMR,RG,4060,1,D,YP,XC,D
13:32:56,JSMR,RG,4060,63,D,YP,NI,D
13:32:31,JSMR,RG,4060,3,D,YP,YP,D
13:32:21,JSMR,RG,4060,10,D,YP,CC,D
13:32:04,JSMR,RG,4060,5,D,YP,OD,D
13:31:44,JSMR,RG,4060,1,D,YP,KK,D
13:31:37,JSMR,RG,4060,10,D,YP,CC,D
13:30:39,JSMR,RG,4060,2,D,YP,DP,D
13:30:38,JSMR,RG,4060,10,D,YP,BK,F
13:30:38,JSMR,RG,4060,1,D,YP,YP,D
13:30:38,JSMR,RG,4060,92,D,YP,BK,F
13:30:38,JSMR,RG,4060,1,D,YP,YP,D
13:30:38,JSMR,RG,4060,100,D,YP,CC,D
13:30:38,JSMR,RG,4060,2,D,YP,XC,D
13:30:38,JSMR,RG,4060,5,D,YP,CC,D
13:30:38,JSMR,RG,4060,100,D,YP,OD,D
13:30:38,JSMR,RG,4060,1,D,YP,XC,D
13:30:38,JSMR,RG,4060,5,D,YP,PD,D
13:30:38,JSMR,RG,4060,4,D,YP,XC,D
13:30:38,JSMR,RG,4060,50,D,YP,PD,D
13:30:38,JSMR,RG,4060,2,D,YP,EP,D
13:30:38,JSMR,RG,4060,1,D,YP,XC,D
13:30:38,JSMR,RG,4060,100,D,YP,CC,D
13:30:38,JSMR,RG,4060,1,D,YP,XC,D
13:30:38,JSMR,RG,4060,1,D,YP,DR,D
13:30:38,JSMR,RG,4060,2,D,YP,LG,D
13:30:38,JSMR,RG,4060,12,D,YP,CP,D
13:30:38,JSMR,RG,4060,181,D,YP,CS,F
13:30:38,JSMR,RG,4060,10,D,YP,DR,F
13:30:38,JSMR,RG,4060,1,D,YP,PD,D
13:30:38,JSMR,RG,4060,2,D,YP,DP,D
13:30:38,JSMR,RG,4060,1,D,YP,KK,D
13:30:38,JSMR,RG,4060,11,D,YP,CP,D
13:30:38,JSMR,RG,4060,1,D,YP,EP,D
13:30:38,JSMR,RG,4060,1,D,YP,YU,D
13:30:38,JSMR,RG,4060,44,D,YP,KK,D
13:30:38,JSMR,RG,4060,5,D,YP,TP,D
13:30:38,JSMR,RG,4060,10,D,YP,TP,D
13:30:38,JSMR,RG,4060,6,D,YP,YP,D
13:30:38,JSMR,RG,4060,4,D,YP,PD,D
13:30:38,JSMR,RG,4060,5,D,YP,GR,D
13:30:38,JSMR,RG,4060,1,D,YP,PD,D
13:30:38,JSMR,RG,4060,2,D,YP,PD,D
13:30:38,JSMR,RG,4060,1,D,YP,XC,D
13:30:38,JSMR,RG,4060,10,D,YP,DR,D
13:30:38,JSMR,RG,4060,5,D,YP,TP,D
13:30:38,JSMR,RG,4060,10,D,YP,OD,D
13:30:38,JSMR,RG,4060,3,D,YP,CC,D
13:30:38,JSMR,RG,4060,250,D,YP,DR,D
13:30:38,JSMR,RG,4060,1,D,YP,YU,D
13:30:38,JSMR,RG,4060,5,D,YP,PD,D
13:30:38,JSMR,RG,4060,1,D,YP,YP,D
13:30:38,JSMR,RG,4060,10,D,YP,NI,D
13:30:38,JSMR,RG,4060,10,D,YP,PD,D
13:30:38,JSMR,RG,4060,4,D,YP,SQ,D
13:30:38,JSMR,RG,4060,5,D,YP,NI,D
13:30:38,JSMR,RG,4060,5,D,YP,YP,D
13:30:38,JSMR,RG,4060,7,D,YP,CC,D
13:30:38,JSMR,RG,4060,2,D,YP,PD,D
13:30:38,JSMR,RG,4060,5,D,YP,CC,D
13:30:38,JSMR,RG,4060,15,D,YP,PD,D
13:30:38,JSMR,RG,4060,5,D,YP,PD,D
13:30:38,JSMR,RG,4060,4,D,YP,NI,D
13:30:38,JSMR,RG,4060,40,D,YP,YP,D
13:30:38,JSMR,RG,4060,20,D,YP,PD,D
13:30:38,JSMR,RG,4060,3,D,YP,LS,D
13:30:38,JSMR,RG,4060,16,D,YP,PD,D
13:30:38,JSMR,RG,4060,15,D,YP,YP,D
13:30:38,JSMR,RG,4060,5,D,YP,DH,D
13:30:38,JSMR,RG,4060,1,D,YP,XC,D
13:30:38,JSMR,RG,4060,5,D,YP,CC,D
13:30:38,JSMR,RG,4060,5,D,YP,CC,D
13:30:38,JSMR,RG,4060,13,D,YP,XC,D
13:30:38,JSMR,RG,4060,1,D,YP,PD,D
13:30:38,JSMR,RG,4060,10,D,YP,NI,D
13:30:38,JSMR,RG,4060,75,D,YP,OK,D
13:30:38,JSMR,RG,4060,20,D,YP,EP,D
13:30:38,JSMR,RG,4060,2,D,YP,CC,D
13:30:38,JSMR,RG,4060,31,D,YP,DR,D
13:30:38,JSMR,RG,4060,1000,D,YP,ZR,D
13:30:38,JSMR,RG,4060,30,D,YP,NI,D
13:30:38,JSMR,RG,4060,3,D,YP,XC,D
13:30:38,JSMR,RG,4060,50,D,YP,YP,D
13:30:38,JSMR,RG,4060,1,D,YP,PD,D
13:30:38,JSMR,RG,4060,13,D,YP,YP,D
13:30:38,JSMR,RG,4060,1,D,YP,XC,D
13:30:38,JSMR,RG,4060,10,D,YP,YP,D
13:30:38,JSMR,RG,4060,3,D,YP,YP,D
13:30:38,JSMR,RG,4060,10,D,YP,EP,D
13:30:38,JSMR,RG,4060,10,D,YP,KK,D
13:30:38,JSMR,RG,4060,1,D,YP,NI,D
13:30:38,JSMR,RG,4060,2,D,YP,YB,D
13:30:38,JSMR,RG,4060,1,D,YP,XC,D
13:30:38,JSMR,RG,4060,9,D,YP,SQ,D
13:30:38,JSMR,RG,4060,10,D,YP,OD,D
13:30:38,JSMR,RG,4060,1,D,YP,CC,D
13:30:38,JSMR,RG,4060,30,D,YP,PD,D
13:30:38,JSMR,RG,4060,2,D,YP,NI,D
13:30:38,JSMR,RG,4060,29,D,YP,YP,D
13:30:38,JSMR,RG,4060,3,D,YP,XC,D
13:30:38,JSMR,RG,4060,300,D,YP,AG,D
13:30:38,JSMR,RG,4060,3,D,YP,CC,D
13:30:38,JSMR,RG,4060,4,D,YP,XC,D
13:30:38,JSMR,RG,4060,1,D,YP,IP,D
13:30:38,JSMR,RG,4060,1,D,YP,CC,D
13:30:38,JSMR,RG,4060,200,D,YP,OD,D
13:30:38,JSMR,RG,4060,380,D,YP,YP,D
13:30:23,JSMR,RG,4050,10,D,YJ,YP,D
13:30:20,JSMR,RG,4060,5,D,CC,YP,D
13:30:20,JSMR,RG,4060,20,D,CC,YP,D
13:30:20,JSMR,RG,4060,10,D,YP,YP,D
13:30:19,JSMR,RG,4060,1,D,YP,YP,D
13:30:19,JSMR,RG,4060,1,D,YP,YP,D
13:30:19,JSMR,RG,4060,1,D,YP,YP,D
13:30:17,JSMR,RG,4060,1,D,YP,YP,D
13:30:13,JSMR,RG,4060,65,D,AK,YP,D
13:30:13,JSMR,RG,4060,2,D,XC,YP,D
13:30:09,JSMR,RG,4060,2,D,PD,YP,D
13:30:09,JSMR,RG,4060,1,D,XC,YP,D
13:30:08,JSMR,RG,4060,12,D,EP,YP,D
13:30:08,JSMR,RG,4060,1,D,XC,YP,D
13:30:06,JSMR,RG,4050,2,D,YJ,LG,D
13:30:06,JSMR,RG,4060,5,D,KK,YP,D
13:30:05,JSMR,RG,4050,3,D,YJ,PD,D
13:30:05,JSMR,RG,4050,3,D,YJ,PD,D
13:30:04,JSMR,RG,4050,1,D,YJ,PD,D
13:30:03,JSMR,RG,4060,4,D,XL,YP,D
11:29:48,JSMR,RG,4060,1,D,AK,YP,D
11:29:48,JSMR,RG,4060,1,D,AK,YP,D
11:29:34,JSMR,RG,4060,1,D,AK,YP,D
11:29:18,JSMR,RG,4060,2,D,AK,YP,D
11:29:03,JSMR,RG,4060,1,D,AK,YP,D
11:28:30,JSMR,RG,4050,1,D,YJ,CP,D
11:28:30,JSMR,RG,4050,192,D,YJ,BK,F
11:28:30,JSMR,RG,4050,1079,D,YJ,IF,D
11:28:28,JSMR,RG,4050,5,D,EP,IF,D
11:26:09,JSMR,RG,4050,140,F,BK,IF,D
11:26:09,JSMR,RG,4050,26,D,PD,IF,D
11:26:06,JSMR,RG,4050,164,D,PD,BK,F
11:26:06,JSMR,RG,4050,310,D,PD,IF,D
11:25:57,JSMR,RG,4040,12,D,YP,BK,F
11:25:56,JSMR,RG,4050,10,D,SQ,IF,D
11:25:48,JSMR,RG,4050,15,D,SQ,IF,D
11:25:16,JSMR,RG,4040,14,D,YP,BK,F
11:25:13,JSMR,RG,4050,50,F,BK,IF,D
11:25:12,JSMR,RG,4040,22,D,YP,BK,F
11:25:11,JSMR,RG,4050,1,D,CC,IF,D
11:25:11,JSMR,RG,4050,1,D,YP,IF,D
11:25:11,JSMR,RG,4050,1,D,YP,IF,D
11:25:11,JSMR,RG,4050,14,F,BK,IF,D
11:25:11,JSMR,RG,4050,2,D,CC,IF,D
11:25:11,JSMR,RG,4050,1,D,YP,IF,D
11:25:11,JSMR,RG,4050,51,F,BK,IF,D
11:25:11,JSMR,RG,4050,5,D,SQ,IF,D
11:25:11,JSMR,RG,4050,10,D,RX,IF,D
11:25:11,JSMR,RG,4050,379,D,RX,IF,D
11:25:11,JSMR,RG,4050,5,D,CP,IF,D
11:25:11,JSMR,RG,4050,5,D,NI,IF,D
11:25:11,JSMR,RG,4050,2,D,KK,IF,D
11:25:11,JSMR,RG,4050,36,D,KK,IF,D
11:25:11,JSMR,RG,4050,95,D,KK,IF,D
11:25:11,JSMR,RG,4050,27,F,BK,IF,D
11:25:11,JSMR,RG,4050,12,D,AK,IF,D
11:25:11,JSMR,RG,4050,10,D,AK,IF,D
11:25:11,JSMR,RG,4050,24,D,SQ,IF,D
11:25:11,JSMR,RG,4050,6,D,RX,IF,D
11:25:11,JSMR,RG,4050,178,D,RX,IF,D
11:25:03,JSMR,RG,4060,12,D,AK,YP,D
11:24:39,JSMR,RG,4050,49,D,RX,PD,D
11:24:39,JSMR,RG,4050,1,D,KK,PD,D
11:24:33,JSMR,RG,4060,3,D,AK,YP,D
11:24:30,JSMR,RG,4060,10,D,TP,YP,D
11:24:24,JSMR,RG,4060,10,F,BK,YP,D
11:24:15,JSMR,RG,4060,1,D,CC,YP,D
11:23:41,JSMR,RG,4050,4,D,PD,CC,D
11:23:41,JSMR,RG,4050,2,D,OD,CC,D
11:23:41,JSMR,RG,4050,4,D,YP,CC,D
11:23:28,JSMR,RG,4060,9,F,BK,YP,D
11:23:03,JSMR,RG,4060,12,D,AK,YP,D
11:22:35,JSMR,RG,4060,11,F,BK,YP,D
11:22:34,JSMR,RG,4060,3,D,SQ,YP,D
11:22:23,JSMR,RG,4050,6,D,YP,SQ,D
11:22:23,JSMR,RG,4050,2,D,PD,SQ,D
11:22:23,JSMR,RG,4050,10,F,NI,SQ,D
11:22:23,JSMR,RG,4050,10,D,YP,SQ,D
11:22:23,JSMR,RG,4050,2,D,RX,SQ,D
11:22:18,JSMR,RG,4060,6,D,AK,YP,D
11:21:43,JSMR,RG,4050,6,D,RX,DH,D
11:21:43,JSMR,RG,4050,2,D,RX,DH,D
11:21:28,JSMR,RG,4050,2,D,RX,AZ,D
11:20:49,JSMR,RG,4050,5,D,RX,GR,D
11:20:48,JSMR,RG,4060,10,D,AK,YP,D
11:20:03,JSMR,RG,4050,1,D,RX,PD,D
11:19:57,JSMR,RG,4050,5,D,RX,YP,D
11:19:44,JSMR,RG,4050,2,D,RX,PD,D
11:19:37,JSMR,RG,4050,5,D,RX,NI,D
11:19:08,JSMR,RG,4050,5,D,RX,NI,D
11:19:02,JSMR,RG,4060,2,D,CC,YP,D
11:18:49,JSMR,RG,4060,1,D,CC,YP,D
11:18:35,JSMR,RG,4050,100,D,RX,CC,D
11:18:20,JSMR,RG,4050,5,D,RX,NI,D
11:18:04,JSMR,RG,4050,2,D,RX,CC,D
11:17:56,JSMR,RG,4050,5,D,RX,NI,D
11:17:49,JSMR,RG,4050,4,D,RX,DR,D
11:17:29,JSMR,RG,4050,125,D,RX,OD,D
11:17:26,JSMR,RG,4050,2,D,RX,KK,D
11:17:03,JSMR,RG,4050,2,D,RX,AI,D
11:16:58,JSMR,RG,4050,2,D,RX,XC,D
11:16:30,JSMR,RG,4050,5,D,RX,NI,D
11:15:43,JSMR,RG,4050,2,D,RX,PD,D
11:15:37,JSMR,RG,4050,5,D,RX,KK,D
11:15:08,JSMR,RG,4050,5,D,RX,YP,D
11:14:23,JSMR,RG,4050,5,D,RX,YP,D
11:14:05,JSMR,RG,4050,7,D,RX,EP,D
11:14:05,JSMR,RG,4050,3,D,YP,EP,D
11:13:09,JSMR,RG,4060,1,D,CC,YP,D
11:12:43,JSMR,RG,4060,2,D,XC,YP,D
11:12:28,JSMR,RG,4060,7,D,YP,YP,D
11:12:01,JSMR,RG,4050,1,D,PD,KK,D
11:12:01,JSMR,RG,4050,1,D,YP,KK,D
11:11:38,JSMR,RG,4050,7,D,PD,XC,D
11:11:29,JSMR,RG,4050,86,D,PD,YP,F
11:11:29,JSMR,RG,4050,25,D,YP,YP,F
11:11:29,JSMR,RG,4050,12,D,AK,YP,F
11:11:29,JSMR,RG,4050,10,D,PD,YP,F
11:11:29,JSMR,RG,4050,20,D,YP,YP,F
11:11:29,JSMR,RG,4050,14,D,AK,YP,F
11:11:29,JSMR,RG,4050,13,D,AK,YP,F
11:11:29,JSMR,RG,4050,10,D,YP,YP,F
11:11:29,JSMR,RG,4050,1,D,YP,YP,F
11:11:29,JSMR,RG,4050,59,F,BK,YP,F
11:11:00,JSMR,RG,4050,10,F,BK,BQ,D
11:10:02,JSMR,RG,4060,12,D,AK,YP,D
11:09:54,JSMR,RG,4050,2,F,BK,SQ,D
11:08:43,JSMR,RG,4050,5,F,BK,DR,D
11:08:36,JSMR,RG,4050,3,F,BK,DR,D
11:08:36,JSMR,RG,4050,7,F,BK,DR,D
11:08:34,JSMR,RG,4050,25,F,BK,GR,D
11:08:02,JSMR,RG,4060,12,D,AK,YP,D
11:07:50,JSMR,RG,4050,231,F,BK,YP,D
11:07:41,JSMR,RG,4060,2,D,CC,YP,D
11:07:29,JSMR,RG,4060,10,F,BK,YP,D
11:07:17,JSMR,RG,4050,9,F,BK,PD,D
11:07:17,JSMR,RG,4050,1,F,BK,PD,D
11:07:12,JSMR,RG,4060,1,D,YP,YP,D
11:06:43,JSMR,RG,4060,14,D,CC,YP,D
11:06:41,JSMR,RG,4050,1,F,BK,DR,D
11:06:32,JSMR,RG,4060,25,D,AZ,YP,D
11:06:31,JSMR,RG,4060,4,D,YP,YP,D
11:06:17,JSMR,RG,4060,11,D,AK,YP,D
11:06:10,JSMR,RG,4060,13,D,YP,YP,D
11:05:50,JSMR,RG,4060,2,D,YU,YP,D
11:05:46,JSMR,RG,4050,1,F,BK,PD,D
11:05:39,JSMR,RG,4060,10,F,BK,YP,D
11:04:30,JSMR,RG,4050,1,F,BK,SQ,D
11:04:18,JSMR,RG,4050,1,F,BK,YP,D
11:04:16,JSMR,RG,4060,2,D,PD,YP,D
11:04:00,JSMR,RG,4060,9,F,BK,YP,D
11:02:47,JSMR,RG,4060,10,D,AK,YP,D
11:02:18,JSMR,RG,4060,1,D,KK,YP,D
11:02:08,JSMR,RG,4060,10,F,BK,YP,D
11:02:03,JSMR,RG,4060,1,D,CC,YP,D
11:02:02,JSMR,RG,4050,1,F,BK,XC,D
11:01:11,JSMR,RG,4060,2,D,YP,YP,D
11:01:07,JSMR,RG,4050,8,F,BK,LG,D
11:01:04,JSMR,RG,4050,70,F,BK,DH,D
11:00:32,JSMR,RG,4060,10,D,AK,YP,D
11:00:22,JSMR,RG,4060,10,F,BK,YP,D
11:00:04,JSMR,RG,4050,12,F,BK,YP,D
10:59:55,JSMR,RG,4050,9,F,BK,KK,D
10:59:33,JSMR,RG,4050,5,F,BK,YP,D
10:58:37,JSMR,RG,4060,10,F,BK,YP,D
10:58:32,JSMR,RG,4060,9,D,AK,YP,D
10:57:42,JSMR,RG,4060,5,D,YP,YP,D
10:57:07,JSMR,RG,4060,9,F,BK,YP,D
10:56:44,JSMR,RG,4060,2,D,XC,YP,D
10:56:17,JSMR,RG,4060,1,D,CC,YP,D
10:56:15,JSMR,RG,4050,40,F,BK,PD,D
10:55:29,JSMR,RG,4060,10,F,BK,YP,D
10:54:37,JSMR,RG,4060,1,D,SQ,YP,D
10:54:34,JSMR,RG,4060,1,D,NI,YP,D
10:54:18,JSMR,RG,4060,2,D,PD,YP,D
10:53:54,JSMR,RG,4060,10,F,BK,YP,D
10:53:26,JSMR,RG,4050,1,F,BK,PD,D
10:52:50,JSMR,RG,4060,10,D,CC,YP,D
10:52:23,JSMR,RG,4060,10,F,BK,YP,D
10:51:32,JSMR,RG,4050,10,F,BK,DR,D
10:50:43,JSMR,RG,4060,2,D,CC,YP,D
10:50:39,JSMR,RG,4060,11,F,BK,YP,D
10:49:18,JSMR,RG,4060,9,F,BK,YP,D
10:48:48,JSMR,RG,4050,28,F,BK,OD,D
10:48:33,JSMR,RG,4050,1,F,BK,NI,D
10:47:51,JSMR,RG,4050,5,D,NI,TF,D
10:47:47,JSMR,RG,4060,10,F,BK,YP,D
10:47:11,JSMR,RG,4060,23,D,XC,YP,D
10:47:02,JSMR,RG,4060,1,D,YP,YP,D
10:46:54,JSMR,RG,4060,1,D,XC,YP,D
10:46:47,JSMR,RG,4060,250,F,BK,YP,D
10:46:46,JSMR,RG,4050,10,D,NI,BK,F
10:46:46,JSMR,RG,4050,3,D,NI,XC,D
10:46:46,JSMR,RG,4050,20,D,NI,YP,D
10:46:46,JSMR,RG,4050,37,D,NI,XC,D
10:46:46,JSMR,RG,4050,1,D,NI,XC,D
10:46:46,JSMR,RG,4050,1,D,NI,YP,D
10:46:46,JSMR,RG,4050,23,D,NI,YP,D
10:46:34,JSMR,RG,4050,1,D,PD,YP,D
10:46:34,JSMR,RG,4050,20,D,PD,PD,D
10:46:34,JSMR,RG,4050,25,D,PD,BK,F
10:46:34,JSMR,RG,4050,10,D,PD,NI,D
10:46:34,JSMR,RG,4050,50,D,PD,EP,D
10:46:34,JSMR,RG,4050,10,D,PD,FZ,D
10:46:34,JSMR,RG,4050,150,D,PD,AZ,D
10:46:34,JSMR,RG,4050,3,D,PD,YP,D
10:46:34,JSMR,RG,4050,5,D,PD,DR,D
10:46:34,JSMR,RG,4050,1,D,PD,PD,D
10:46:34,JSMR,RG,4050,1,D,PD,LG,D
10:46:34,JSMR,RG,4050,10,D,PD,XC,D
10:46:34,JSMR,RG,4050,30,D,PD,AI,D
10:46:34,JSMR,RG,4050,50,D,PD,KK,D
10:46:34,JSMR,RG,4050,134,D,PD,YP,D
10:46:27,JSMR,RG,4050,9,F,BK,YP,D
10:45:55,JSMR,RG,4050,25,D,LS,YP,D
10:45:44,JSMR,RG,4040,7,D,YP,YP,D
10:44:51,JSMR,RG,4050,1,D,CC,YP,D
10:44:47,JSMR,RG,4050,10,D,RX,YP,D
10:44:47,JSMR,RG,4050,379,D,RX,YP,D
10:44:23,JSMR,RG,4050,2,D,DR,YP,D
10:42:47,JSMR,RG,4040,25,D,YP,KK,D
10:41:20,JSMR,RG,4040,15,D,YP,YP,D
10:41:09,JSMR,RG,4050,5,D,SQ,YP,D
10:40:44,JSMR,RG,4050,1,D,YP,YP,D
10:40:33,JSMR,RG,4050,2,D,YP,YP,D
10:39:28,JSMR,RG,4050,2,D,XC,YP,D
10:38:59,JSMR,RG,4040,3,D,YP,XC,D
10:38:56,JSMR,RG,4040,26,D,YP,NI,D
10:38:54,JSMR,RG,4040,1,D,YP,CC,D
10:38:35,JSMR,RG,4040,10,D,YP,LG,D
10:38:35,JSMR,RG,4040,1,D,YP,XC,D
10:37:55,JSMR,RG,4040,1,D,YP,PG,D
10:37:27,JSMR,RG,4050,10,D,KK,YP,D
10:35:59,JSMR,RG,4050,1,D,YP,YP,D
10:35:15,JSMR,RG,4050,70,F,XA,YP,D
10:34:37,JSMR,RG,4050,12,D,AK,YP,D
10:34:37,JSMR,RG,4050,111,D,PD,YP,D
10:34:37,JSMR,RG,4050,6,D,CC,YP,D
10:34:37,JSMR,RG,4050,1,D,CC,YP,D
10:34:37,JSMR,RG,4050,26,F,BK,YP,D
10:34:37,JSMR,RG,4050,14,D,AK,YP,D
10:34:37,JSMR,RG,4050,12,D,AK,YP,D
10:34:37,JSMR,RG,4050,4,D,RX,YP,D
10:34:37,JSMR,RG,4050,151,D,RX,YP,D
10:34:37,JSMR,RG,4050,200,D,PD,YP,D
10:34:37,JSMR,RG,4050,50,D,LG,YP,D
10:34:37,JSMR,RG,4050,8,D,LG,YP,D
10:33:53,JSMR,RG,4050,5,D,LG,KK,D
10:33:23,JSMR,RG,4050,4,D,LG,XC,D
10:33:12,JSMR,RG,4050,5,D,LG,XC,D
10:32:49,JSMR,RG,4050,5,D,LG,CC,D
10:32:44,JSMR,RG,4050,1,D,LG,KK,D
10:32:25,JSMR,RG,4050,7,D,LG,XC,D
10:32:20,JSMR,RG,4050,15,D,LG,YP,D
10:32:20,JSMR,RG,4050,70,F,XA,YP,D
10:32:20,JSMR,RG,4050,1,D,YP,YP,D
10:32:20,JSMR,RG,4050,2,D,CC,YP,D
10:32:20,JSMR,RG,4050,2,D,PD,YP,D
10:32:20,JSMR,RG,4050,5,D,YP,YP,D
10:32:20,JSMR,RG,4050,9,D,AK,YP,D
10:32:20,JSMR,RG,4050,13,D,AK,YP,D
10:32:20,JSMR,RG,4050,20,D,YP,YP,D
10:32:20,JSMR,RG,4050,22,F,BK,YP,D
10:32:20,JSMR,RG,4050,91,D,PD,YP,D
10:32:10,JSMR,RG,4060,1,D,OD,YP,D
10:31:59,JSMR,RG,4050,10,D,PD,XC,D
10:31:54,JSMR,RG,4050,100,D,PD,YP,D
10:31:52,JSMR,RG,4050,20,D,PD,CC,D
10:31:43,JSMR,RG,4050,1,D,PD,YU,D
10:31:15,JSMR,RG,4050,5,D,PD,HP,D
10:30:57,JSMR,RG,4050,50,D,PD,YP,D
10:30:56,JSMR,RG,4050,13,D,PD,YP,D
10:30:53,JSMR,RG,4050,40,D,PD,NI,D
10:30:36,JSMR,RG,4060,1,D,XC,YP,D
10:30:27,JSMR,RG,4050,42,D,PD,PD,D
10:29:47,JSMR,RG,4050,50,D,PD,IT,D
10:29:39,JSMR,RG,4050,26,D,PD,PD,D
10:29:38,JSMR,RG,4050,2,D,PD,XC,D
10:29:24,JSMR,RG,4050,18,D,PD,GR,D
10:29:02,JSMR,RG,4050,1,D,PD,XC,D
10:28:28,JSMR,RG,4050,1,D,PD,NI,D
10:28:15,JSMR,RG,4050,25,D,PD,PD,D
10:28:09,JSMR,RG,4050,2,D,PD,NI,D
10:27:50,JSMR,RG,4050,1,D,PD,YP,D
10:27:25,JSMR,RG,4050,2,D,PD,YP,D
10:27:25,JSMR,RG,4050,1,F,CC,YP,D
10:27:11,JSMR,RG,4050,64,F,CC,XC,D
10:27:11,JSMR,RG,4050,1,D,YP,XC,D
10:27:00,JSMR,RG,4050,2,D,CC,BK,F
10:26:57,JSMR,RG,4050,2,D,CC,PD,D
10:26:57,JSMR,RG,4050,16,D,AK,PD,D
10:26:57,JSMR,RG,4050,1,D,AK,PD,D
10:26:29,JSMR,RG,4050,2,D,AK,XC,D
10:26:29,JSMR,RG,4050,5,D,AK,LG,D
10:25:55,JSMR,RG,4050,7,D,AK,PD,D
10:25:55,JSMR,RG,4050,5,D,DR,PD,D
10:25:55,JSMR,RG,4050,1,D,CC,PD,D
10:25:55,JSMR,RG,4050,1,D,YP,PD,D
10:25:55,JSMR,RG,4050,11,D,OD,PD,D
10:25:55,JSMR,RG,4050,10,D,RX,PD,D
10:25:55,JSMR,RG,4050,6,D,RX,PD,D
10:25:53,JSMR,RG,4050,373,D,RX,AG,D
10:25:53,JSMR,RG,4050,8,F,CC,AG,D
10:25:53,JSMR,RG,4050,10,D,KK,AG,D
10:25:53,JSMR,RG,4050,6,D,EP,AG,D
10:25:53,JSMR,RG,4050,10,D,CC,AG,D
10:25:53,JSMR,RG,4050,15,D,PD,AG,D
10:25:53,JSMR,RG,4050,17,F,BK,AG,D
10:25:53,JSMR,RG,4050,7,D,NI,AG,D
10:25:53,JSMR,RG,4050,1,D,OD,AG,D
10:25:53,JSMR,RG,4050,1,D,OD,AG,D
10:25:53,JSMR,RG,4050,2,D,XC,AG,D
10:25:53,JSMR,RG,4050,9,D,AK,AG,D
10:25:53,JSMR,RG,4050,8,D,YP,AG,D
10:25:53,JSMR,RG,4050,33,D,YP,AG,D
10:25:42,JSMR,RG,4050,100,D,YP,YP,D
10:25:26,JSMR,RG,4050,17,D,YP,PD,D
10:25:26,JSMR,RG,4050,9,D,AK,PD,D
10:25:26,JSMR,RG,4050,9,D,AK,PD,D
10:25:26,JSMR,RG,4050,43,F,BK,PD,D
10:25:26,JSMR,RG,4050,47,F,BK,PD,D
10:25:11,JSMR,RG,4050,1,F,BK,YP,D
10:23:36,JSMR,RG,4060,11,F,BK,YP,D
10:23:18,JSMR,RG,4050,10,F,BK,PD,D
10:22:27,JSMR,RG,4050,2,F,BK,PD,D
10:22:03,JSMR,RG,4060,1,D,CC,YP,D
10:21:36,JSMR,RG,4060,9,F,BK,YP,D
10:20:38,JSMR,RG,4050,70,F,BK,GR,D
10:20:09,JSMR,RG,4050,60,F,BK,DR,D
10:19:57,JSMR,RG,4050,3,F,BK,XC,D
10:19:52,JSMR,RG,4050,5,F,BK,CC,D
10:19:46,JSMR,RG,4050,42,F,BK,YP,D
10:19:46,JSMR,RG,4050,158,D,EP,YP,D
10:19:36,JSMR,RG,4050,2,D,EP,KK,D
10:18:35,JSMR,RG,4060,1,D,LG,YP,D
10:18:13,JSMR,RG,4050,10,D,EP,KK,D
10:17:53,JSMR,RG,4050,1,D,EP,CC,D
10:17:29,JSMR,RG,4050,39,D,EP,YP,D
10:16:48,JSMR,RG,4050,10,D,EP,DH,D
10:16:33,JSMR,RG,4060,1,D,CC,YP,D
10:16:32,JSMR,RG,4050,100,D,EP,PD,D
10:16:13,JSMR,RG,4050,50,D,EP,PD,D
10:16:13,JSMR,RG,4050,55,D,EP,YP,F
10:16:08,JSMR,RG,4050,1,D,EP,CC,D
10:15:34,JSMR,RG,4050,3,D,EP,PD,D
10:14:42,JSMR,RG,4050,3,D,EP,SQ,D
10:14:41,JSMR,RG,4050,5,D,EP,PC,D
10:14:11,JSMR,RG,4050,2,D,EP,DR,D
10:13:44,JSMR,RG,4060,2,D,EP,YP,D
10:13:32,JSMR,RG,4050,1,D,EP,CC,D
10:13:07,JSMR,RG,4050,1,D,EP,YP,D
10:12:43,JSMR,RG,4050,204,D,EP,DX,D
10:12:41,JSMR,RG,4060,1,D,PD,YP,D
10:12:23,JSMR,RG,4050,8,D,EP,PD,D
10:11:48,JSMR,RG,4060,22,F,BK,YP,D
10:11:46,JSMR,RG,4060,1,D,NI,YP,D
10:10:45,JSMR,RG,4060,2,D,CC,YP,D
10:10:31,JSMR,RG,4050,10,D,EP,XC,D
10:10:18,JSMR,RG,4050,7,D,EP,XC,D
10:09:39,JSMR,RG,4050,5,D,EP,OD,D
10:09:15,JSMR,RG,4050,1,D,EP,PD,D
10:08:34,JSMR,RG,4050,20,D,EP,GR,D
10:08:20,JSMR,RG,4060,250,F,BK,YP,D
10:08:19,JSMR,RG,4050,2,D,EP,YP,D
10:08:19,JSMR,RG,4050,1,D,EP,XC,D
10:08:19,JSMR,RG,4050,1,D,EP,PD,D
10:08:19,JSMR,RG,4050,5,D,EP,CC,D
10:08:19,JSMR,RG,4050,5,D,EP,CC,D
10:08:19,JSMR,RG,4050,3,D,EP,XC,D
10:08:19,JSMR,RG,4050,24,D,EP,TP,D
10:08:19,JSMR,RG,4050,250,D,EP,AZ,D
10:08:19,JSMR,RG,4050,13,D,EP,GR,D
10:08:13,JSMR,RG,4050,2,D,NI,GR,D
10:07:56,JSMR,RG,4050,100,D,KK,GR,D
10:07:20,JSMR,RG,4050,10,D,YP,GR,D
10:07:08,JSMR,RG,4050,6,D,RX,GR,D
10:07:08,JSMR,RG,4050,227,D,RX,GR,D
10:06:23,JSMR,RG,4050,1,D,XC,GR,D
10:05:27,JSMR,RG,4050,20,D,NI,GR,D
10:05:27,JSMR,RG,4050,9,D,AK,GR,D
10:05:27,JSMR,RG,4050,1,D,XC,GR,D
10:05:27,JSMR,RG,4050,1,D,YP,GR,D
10:05:27,JSMR,RG,4050,4,D,RX,GR,D
10:05:27,JSMR,RG,4050,151,D,RX,GR,D
10:05:27,JSMR,RG,4050,1,D,PD,GR,D
10:05:27,JSMR,RG,4050,1,D,CC,GR,D
10:05:27,JSMR,RG,4050,9,D,AK,GR,D
10:05:27,JSMR,RG,4050,18,F,BK,GR,D
10:05:27,JSMR,RG,4050,66,F,CC,GR,D
10:05:27,JSMR,RG,4050,30,D,SQ,GR,D
10:05:27,JSMR,RG,4050,10,D,SQ,GR,D
10:05:27,JSMR,RG,4050,50,D,YP,GR,D
10:05:27,JSMR,RG,4050,5,D,CC,GR,D
10:05:27,JSMR,RG,4050,10,F,BK,GR,D
10:05:27,JSMR,RG,4050,100,D,CC,GR,D
10:05:27,JSMR,RG,4050,1,D,YP,GR,D
10:05:27,JSMR,RG,4050,8,D,PD,GR,D
10:05:27,JSMR,RG,4050,146,D,LG,GR,D
10:05:26,JSMR,RG,4060,2,F,BK,YP,D
10:05:25,JSMR,RG,4050,100,D,LG,YP,D
10:05:22,JSMR,RG,4050,4,D,LG,KK,D
10:05:11,JSMR,RG,4060,5,F,BK,YP,D
10:05:11,JSMR,RG,4050,1,D,PD,YP,D
10:05:11,JSMR,RG,4050,25,D,YP,YP,D
10:05:11,JSMR,RG,4050,2,D,XC,YP,D
10:05:11,JSMR,RG,4050,18,F,BK,YP,D
10:05:11,JSMR,RG,4050,54,D,YP,YP,D
10:05:08,JSMR,RG,4050,500,D,YP,IN,D
10:05:00,JSMR,RG,4050,446,D,YP,TF,D
10:05:00,JSMR,RG,4050,58,F,BK,TF,D
10:05:00,JSMR,RG,4050,17,F,BK,TF,D
10:04:54,JSMR,RG,4050,4,F,BK,XC,D
10:04:38,JSMR,RG,4060,4,D,TF,YP,D
10:04:18,JSMR,RG,4050,5,F,BK,XC,D
10:04:06,JSMR,RG,4050,1,F,BK,XC,D
10:04:00,JSMR,RG,4050,50,F,BK,YP,D
10:03:39,JSMR,RG,4060,2,D,NI,YP,D
10:03:23,JSMR,RG,4050,10,F,BK,CC,D
10:03:23,JSMR,RG,4050,8,F,BK,NI,D
10:03:07,JSMR,RG,4050,35,F,BK,PD,D
10:02:49,JSMR,RG,4050,5,F,BK,RG,D
10:02:47,JSMR,RG,4050,1,F,BK,PD,D
10:02:41,JSMR,RG,4050,10,F,BK,XC,D
10:02:14,JSMR,RG,4050,11,F,BK,EP,D
10:02:04,JSMR,RG,4060,2,D,EP,YP,D
10:00:43,JSMR,RG,4060,10,D,CC,YP,D
10:00:18,JSMR,RG,4060,1,D,EP,YP,D
9:59:54,JSMR,RG,4060,11,F,BK,YP,D
9:59:54,JSMR,RG,4060,1,D,CC,YP,D
9:59:54,JSMR,RG,4060,60,F,CC,YP,D
9:59:54,JSMR,RG,4060,11,D,AK,YP,D
9:59:54,JSMR,RG,4060,15,F,BK,YP,D
9:59:54,JSMR,RG,4060,5,D,YP,YP,D
9:59:54,JSMR,RG,4060,1,D,XC,YP,D
9:59:54,JSMR,RG,4060,5,D,CC,YP,D
9:59:54,JSMR,RG,4060,1,D,DR,YP,D
9:59:54,JSMR,RG,4060,2,D,XC,YP,D
9:59:54,JSMR,RG,4060,33,F,BK,YP,D
9:59:54,JSMR,RG,4060,100,D,CC,YP,D
9:59:54,JSMR,RG,4060,20,D,SQ,YP,D
9:59:54,JSMR,RG,4060,1,D,SQ,YP,D
9:59:54,JSMR,RG,4060,1,D,YP,YP,D
9:59:54,JSMR,RG,4060,2,D,SQ,YP,D
9:59:54,JSMR,RG,4060,7,D,SQ,YP,D
9:59:54,JSMR,RG,4060,16,F,BK,YP,D
9:59:54,JSMR,RG,4060,5,D,YP,YP,D
9:59:54,JSMR,RG,4060,5,D,KK,YP,D
9:59:54,JSMR,RG,4060,144,F,BK,YP,D
9:59:54,JSMR,RG,4060,6,D,RX,YP,D
9:59:54,JSMR,RG,4060,45,D,RX,YP,D
9:59:53,JSMR,RG,4060,15,D,RX,AZ,D
9:59:45,JSMR,RG,4060,1,D,RX,CC,D
9:59:25,JSMR,RG,4060,10,D,RX,OD,D
9:59:08,JSMR,RG,4060,20,D,RX,OD,D
9:59:07,JSMR,RG,4060,12,D,RX,NI,D
9:59:06,JSMR,RG,4060,5,D,RX,YP,D
9:58:52,JSMR,RG,4060,2,D,RX,IP,D
9:58:46,JSMR,RG,4060,30,D,RX,CC,D
9:58:44,JSMR,RG,4060,5,D,RX,PD,D
9:58:42,JSMR,RG,4060,5,D,RX,PD,D
9:58:25,JSMR,RG,4060,19,D,RX,KK,D
9:58:19,JSMR,RG,4060,15,D,RX,CC,D
9:58:03,JSMR,RG,4060,1,D,RX,XC,D
9:58:02,JSMR,RG,4070,1,D,YP,YP,D
9:57:48,JSMR,RG,4060,1,D,RX,TP,D
9:56:56,JSMR,RG,4070,4,D,RX,YP,D
9:56:56,JSMR,RG,4070,151,D,RX,YP,D
9:56:46,JSMR,RG,4060,4,D,RX,XC,D
9:56:31,JSMR,RG,4060,20,D,RX,YP,D
9:56:14,JSMR,RG,4060,1,D,RX,PD,D
9:56:00,JSMR,RG,4060,16,D,RX,CC,D
9:55:50,JSMR,RG,4070,14,F,BK,YP,D
9:55:49,JSMR,RG,4070,2,D,CC,YP,D
9:55:49,JSMR,RG,4070,12,D,AK,YP,D
9:55:49,JSMR,RG,4070,1,D,CC,YP,D
9:55:49,JSMR,RG,4070,25,F,BK,YP,D
9:55:49,JSMR,RG,4070,10,D,GR,YP,D
9:55:49,JSMR,RG,4070,10,F,BK,YP,D
9:55:49,JSMR,RG,4070,125,D,DH,YP,D
9:55:49,JSMR,RG,4070,100,D,CC,YP,D
9:55:49,JSMR,RG,4070,32,D,DH,YP,D
9:55:41,JSMR,RG,4070,2,D,DH,KK,D
9:55:31,JSMR,RG,4070,20,D,DH,GR,D
9:55:04,JSMR,RG,4070,1,D,DH,OD,D
9:54:49,JSMR,RG,4070,49,D,DH,TP,D
9:54:46,JSMR,RG,4070,1,D,DH,NI,D
9:54:18,JSMR,RG,4070,1,D,DH,KK,D
9:53:49,JSMR,RG,4080,2,D,LG,YP,D
9:53:38,JSMR,RG,4070,3,D,DH,LG,D
9:53:21,JSMR,RG,4070,4,D,DH,PD,D
9:53:00,JSMR,RG,4070,132,D,DH,DH,D
9:52:59,JSMR,RG,4070,11,F,BK,DH,D
9:52:59,JSMR,RG,4070,4,D,RX,DH,D
9:52:59,JSMR,RG,4070,151,D,RX,DH,D
9:52:59,JSMR,RG,4070,2,D,AK,DH,D
9:52:39,JSMR,RG,4070,2,D,AK,ZP,D
9:52:38,JSMR,RG,4070,5,D,AK,SQ,D
9:52:32,JSMR,RG,4070,1,D,AK,AZ,D
9:52:28,JSMR,RG,4070,3,D,AK,YP,D
9:52:28,JSMR,RG,4070,8,D,XC,YP,D
9:52:28,JSMR,RG,4070,4,F,BK,YP,D
9:52:25,JSMR,RG,4070,5,F,BK,CC,D
9:52:16,JSMR,RG,4070,1,F,BK,PD,D
9:52:16,JSMR,RG,4070,1,F,BK,PD,D
9:52:09,JSMR,RG,4070,30,F,BK,DR,D
9:51:59,JSMR,RG,4070,1,F,BK,DH,D
9:51:59,JSMR,RG,4070,1,F,BK,XC,D
9:51:31,JSMR,RG,4070,25,F,BK,CC,D
9:51:29,JSMR,RG,4080,4,D,CC,YP,D
9:51:25,JSMR,RG,4070,5,F,BK,YU,D
9:51:04,JSMR,RG,4070,16,F,BK,DR,D
9:51:04,JSMR,RG,4070,34,D,EP,DR,D
9:51:00,JSMR,RG,4070,10,D,EP,OD,D
9:50:54,JSMR,RG,4070,6,D,EP,KK,D
9:50:54,JSMR,RG,4070,1,D,YP,KK,D
9:50:54,JSMR,RG,4070,1,D,CC,KK,D
9:50:54,JSMR,RG,4070,2,F,BK,KK,D
9:50:51,JSMR,RG,4070,13,F,BK,YP,D
9:50:51,JSMR,RG,4070,10,D,YP,YP,D
9:50:51,JSMR,RG,4070,9,D,EP,YP,D
9:50:44,JSMR,RG,4070,1,D,EP,PD,D
9:50:32,JSMR,RG,4070,1,D,XC,CC,D
9:50:32,JSMR,RG,4070,2,D,XL,CC,D
9:50:29,JSMR,RG,4070,1,D,PD,KK,D
9:50:27,JSMR,RG,4070,4,D,PD,EP,D
9:50:24,JSMR,RG,4070,1,D,PD,YP,D
9:50:18,JSMR,RG,4070,10,D,PD,PD,D
9:50:13,JSMR,RG,4070,9,D,PD,YP,D
9:50:13,JSMR,RG,4070,2,D,YP,YP,D
9:50:13,JSMR,RG,4070,8,D,AK,YP,D
9:48:28,JSMR,RG,4080,2,D,PD,YP,D
9:48:27,JSMR,RG,4070,3,D,AK,YP,D
9:48:24,JSMR,RG,4070,1,D,AK,GR,D
9:48:24,JSMR,RG,4070,14,F,BK,GR,D
9:48:22,JSMR,RG,4070,2,F,BK,AI,D
9:48:18,JSMR,RG,4070,3,F,BK,CC,D
9:48:14,JSMR,RG,4070,5,F,BK,IF,D
9:48:09,JSMR,RG,4070,5,F,BK,YP,D
9:48:07,JSMR,RG,4070,1,F,BK,CC,D
9:48:01,JSMR,RG,4070,1,F,BK,YP,D
9:47:57,JSMR,RG,4070,46,F,BK,CC,D
9:47:57,JSMR,RG,4070,4,F,CC,CC,D
9:47:49,JSMR,RG,4070,157,F,CC,YP,D
9:47:44,JSMR,RG,4070,39,F,CC,DH,D
9:47:44,JSMR,RG,4070,11,F,BK,DH,D
9:47:36,JSMR,RG,4070,3,F,BK,CC,D
9:47:28,JSMR,RG,4070,4,F,BK,PD,D
9:47:28,JSMR,RG,4070,5,D,YP,PD,D
9:47:28,JSMR,RG,4070,1,D,NI,PD,D
9:47:28,JSMR,RG,4070,3,D,PD,PD,D
9:47:28,JSMR,RG,4070,6,D,NI,PD,D
9:47:28,JSMR,RG,4070,41,F,BK,PD,D
9:47:12,JSMR,RG,4070,35,F,BK,PD,D
9:47:12,JSMR,RG,4070,11,D,AK,PD,D
9:47:12,JSMR,RG,4070,1,D,GR,PD,D
9:47:12,JSMR,RG,4070,10,F,BK,PD,D
9:47:12,JSMR,RG,4070,44,F,CC,PD,D
9:47:12,JSMR,RG,4070,1,D,IF,PD,D
9:47:12,JSMR,RG,4070,3,D,KK,PD,D
9:47:12,JSMR,RG,4070,15,D,CC,PD,D
9:47:12,JSMR,RG,4070,4,D,RX,PD,D
9:47:12,JSMR,RG,4070,151,D,RX,PD,D
9:47:12,JSMR,RG,4070,1,D,YJ,PD,D
9:47:12,JSMR,RG,4070,10,D,AK,PD,D
9:47:12,JSMR,RG,4070,66,F,BK,PD,D
9:47:12,JSMR,RG,4070,88,F,BK,PD,D
9:47:04,JSMR,RG,4070,20,F,BK,PD,D
9:46:55,JSMR,RG,4070,1,F,BK,PD,D
9:46:39,JSMR,RG,4080,2,D,PD,YP,D
9:46:38,JSMR,RG,4070,25,F,BK,KK,D
9:46:29,JSMR,RG,4080,1,D,NI,YP,D
9:45:55,JSMR,RG,4080,62,D,BB,YP,D
9:45:52,JSMR,RG,4080,196,F,BK,YP,D
9:45:52,JSMR,RG,4080,14,F,BK,YP,D
9:45:52,JSMR,RG,4080,5,F,BK,XC,D
9:45:52,JSMR,RG,4080,1,F,BK,XC,D
9:45:52,JSMR,RG,4080,1,F,BK,KK,D
9:45:52,JSMR,RG,4080,20,F,BK,SQ,D
9:45:52,JSMR,RG,4080,3,F,BK,PD,D
9:45:52,JSMR,RG,4080,1,F,BK,PD,D
9:45:52,JSMR,RG,4080,5,F,BK,YP,D
9:45:52,JSMR,RG,4080,3,F,BK,KK,D
9:45:52,JSMR,RG,4080,1,F,BK,YP,D
9:45:51,JSMR,RG,4080,1,D,BB,YP,D
9:45:39,JSMR,RG,4070,5,F,BK,YP,D
9:45:19,JSMR,RG,4080,4,D,BB,YP,D
9:45:17,JSMR,RG,4080,15,D,XC,YP,D
9:45:08,JSMR,RG,4080,1,D,BB,YP,D
9:45:08,JSMR,RG,4080,1,D,YJ,YP,D
9:45:03,JSMR,RG,4080,62,D,BB,YP,D
9:45:03,JSMR,RG,4080,1,D,DR,YP,D
9:44:58,JSMR,RG,4080,250,D,PC,YP,D
9:44:31,JSMR,RG,4080,36,D,BB,YP,D
9:44:30,JSMR,RG,4080,122,F,BK,YP,D
9:44:30,JSMR,RG,4080,6,D,YP,YP,D
9:44:29,JSMR,RG,4090,14,F,BK,IT,D
9:44:29,JSMR,RG,4090,12,D,BB,IT,D
9:44:29,JSMR,RG,4090,1,D,BB,LG,D
9:44:28,JSMR,RG,4090,3,D,BB,LG,D
9:44:28,JSMR,RG,4080,44,D,YP,YP,D
9:44:27,JSMR,RG,4080,10,D,KK,YP,D
9:44:22,JSMR,RG,4080,11,D,BB,YP,D
9:44:21,JSMR,RG,4080,13,F,BK,YP,D
9:44:18,JSMR,RG,4080,41,F,BK,YP,D
9:44:16,JSMR,RG,4080,41,D,BB,YP,D
9:44:14,JSMR,RG,4080,35,D,BB,YP,D
9:44:14,JSMR,RG,4080,305,D,AZ,YP,D
9:44:06,JSMR,RG,4090,1,D,BB,LG,D
9:44:04,JSMR,RG,4070,5,F,BK,OD,D
9:44:00,JSMR,RG,4090,5,D,BB,LG,D
9:44:00,JSMR,RG,4090,11,D,BB,EP,D
9:44:00,JSMR,RG,4090,41,D,BB,YP,F
9:43:59,JSMR,RG,4090,3,D,BB,YP,F
9:43:57,JSMR,RG,4090,3,D,BB,YP,F
9:43:56,JSMR,RG,4090,153,D,BB,YP,F
9:43:56,JSMR,RG,4090,2,D,BB,YP,D
9:43:56,JSMR,RG,4090,1,D,BB,XC,D
9:43:56,JSMR,RG,4090,25,D,BB,YP,D
9:43:56,JSMR,RG,4090,30,D,BB,IP,D
9:43:56,JSMR,RG,4090,1,D,BB,YP,D
9:43:56,JSMR,RG,4090,10,D,BB,YP,D
9:43:56,JSMR,RG,4090,2,D,BB,YP,D
9:43:56,JSMR,RG,4090,1,D,BB,YP,D
9:43:56,JSMR,RG,4090,14,D,BB,AZ,D
9:43:55,JSMR,RG,4090,26,F,BK,AZ,D
9:43:55,JSMR,RG,4090,30,F,BK,SQ,D
9:43:55,JSMR,RG,4090,189,F,BK,ZP,D
9:43:55,JSMR,RG,4090,5,F,BK,YP,D
9:43:54,JSMR,RG,4070,2,D,BB,YP,D
9:43:54,JSMR,RG,4070,23,D,BB,YP,D
9:43:54,JSMR,RG,4070,7,D,BB,YP,D
9:43:54,JSMR,RG,4070,248,F,BK,YP,D
9:43:54,JSMR,RG,4070,27,F,BK,YP,D
9:43:54,JSMR,RG,4070,500,D,AG,YP,D
9:43:54,JSMR,RG,4070,2,D,CC,YP,D
9:43:54,JSMR,RG,4070,11,F,BK,YP,D
9:43:54,JSMR,RG,4070,1,D,BB,YP,D
9:43:54,JSMR,RG,4070,87,D,IN,YP,D
9:43:54,JSMR,RG,4080,92,F,BK,YP,D
9:43:53,JSMR,RG,4080,5,D,BB,KK,D
9:43:53,JSMR,RG,4080,1,D,BB,YP,D
9:43:53,JSMR,RG,4080,10,D,BB,PD,D
9:43:53,JSMR,RG,4080,78,D,BB,NI,D
9:43:52,JSMR,RG,4080,3,D,BB,NI,D
9:43:51,JSMR,RG,4080,169,D,AG,NI,D
9:43:51,JSMR,RG,4080,30,D,AG,SQ,D
9:43:51,JSMR,RG,4080,5,D,AG,MG,D
9:43:51,JSMR,RG,4080,5,D,AG,NI,D
9:43:51,JSMR,RG,4080,1,D,AG,CC,D
9:43:51,JSMR,RG,4080,15,D,AG,YP,D
9:43:51,JSMR,RG,4080,10,D,AG,PD,D
9:43:51,JSMR,RG,4080,10,D,AG,YP,D
9:43:51,JSMR,RG,4080,20,D,AG,CC,D
9:43:51,JSMR,RG,4080,1,D,AG,CC,D
9:43:51,JSMR,RG,4080,10,D,AG,GR,D
9:43:51,JSMR,RG,4080,10,D,AG,XC,D
9:43:51,JSMR,RG,4080,5,D,AG,PD,D
9:43:51,JSMR,RG,4080,50,D,AG,YP,D
9:43:51,JSMR,RG,4080,1,D,AG,PD,D
9:43:51,JSMR,RG,4080,10,D,AG,OD,D
9:43:51,JSMR,RG,4080,1,D,AG,XC,D
9:43:51,JSMR,RG,4080,10,D,AG,NI,D
9:43:51,JSMR,RG,4080,2,D,AG,NI,D
9:43:51,JSMR,RG,4080,1,D,AG,CC,D
9:43:51,JSMR,RG,4080,40,D,AG,NI,D
9:43:51,JSMR,RG,4080,1,D,AG,KK,D
9:43:51,JSMR,RG,4080,2,D,AG,YP,D
9:43:51,JSMR,RG,4080,20,D,AG,XC,D
9:43:51,JSMR,RG,4080,1,D,AG,DH,D
9:43:51,JSMR,RG,4080,1,D,AG,XC,D
9:43:51,JSMR,RG,4080,1,D,AG,AZ,D
9:43:51,JSMR,RG,4080,5,D,AG,LS,D
9:43:51,JSMR,RG,4080,14,D,AG,CC,D
9:43:51,JSMR,RG,4080,2,D,AG,EP,D
9:43:51,JSMR,RG,4080,47,D,AG,KK,D
9:43:50,JSMR,RG,4080,25,D,BB,KK,D
9:43:49,JSMR,RG,4080,9,D,BB,KK,D
9:43:48,JSMR,RG,4080,110,F,BK,KK,D
9:43:46,JSMR,RG,4080,9,D,BB,KK,D
9:43:46,JSMR,RG,4080,2,D,BB,CC,D
9:43:46,JSMR,RG,4080,10,D,BB,TP,D
9:43:46,JSMR,RG,4080,1,D,BB,XC,D
9:43:46,JSMR,RG,4080,25,D,BB,PD,D
9:43:46,JSMR,RG,4080,5,D,BB,SQ,D
9:43:46,JSMR,RG,4080,20,D,BB,NI,D
9:43:46,JSMR,RG,4080,2,D,BB,SQ,D
9:43:46,JSMR,RG,4080,3,D,BB,PD,D
9:43:46,JSMR,RG,4080,1,D,BB,YP,D
9:43:46,JSMR,RG,4080,2,D,BB,YP,D
9:43:46,JSMR,RG,4080,1,D,BB,YP,D
9:43:46,JSMR,RG,4080,1,D,BB,YP,D
9:43:46,JSMR,RG,4080,20,D,BB,EP,D
9:43:46,JSMR,RG,4080,10,D,BB,GR,D
9:43:46,JSMR,RG,4080,5,D,BB,YP,D
9:43:46,JSMR,RG,4080,24,D,BB,AZ,D
9:43:45,JSMR,RG,4080,32,D,BB,AZ,D
9:43:45,JSMR,RG,4080,3,D,BB,HP,D
9:43:45,JSMR,RG,4080,3,D,BB,HP,D
9:43:45,JSMR,RG,4070,5,D,IN,PD,D
9:43:45,JSMR,RG,4070,408,D,IN,YP,D
9:43:44,JSMR,RG,4070,88,F,BK,YP,D
9:43:44,JSMR,RG,4070,99,D,BB,YP,D
9:43:43,JSMR,RG,4070,105,F,BK,YP,D
9:43:43,JSMR,RG,4070,10,F,BK,PD,D
9:43:43,JSMR,RG,4070,65,F,BK,AI,F
9:43:43,JSMR,RG,4070,20,F,BK,PD,D
9:43:43,JSMR,RG,4070,50,F,BK,AI,F
9:43:42,JSMR,RG,4070,16,D,MG,AI,F
9:43:42,JSMR,RG,4070,5,D,MG,PD,D
9:43:42,JSMR,RG,4070,25,D,MG,AZ,D
9:43:42,JSMR,RG,4070,5,D,MG,PD,D
9:43:42,JSMR,RG,4070,2,D,MG,NI,D
9:43:42,JSMR,RG,4070,5,D,MG,NI,D
9:43:42,JSMR,RG,4070,3,D,MG,PD,D
9:43:42,JSMR,RG,4070,1,D,MG,DH,D
9:43:42,JSMR,RG,4070,125,D,MG,PD,D
9:43:42,JSMR,RG,4070,5,D,MG,MG,D
9:43:42,JSMR,RG,4070,5,D,MG,NI,D
9:43:42,JSMR,RG,4070,1,D,MG,XC,D
9:43:42,JSMR,RG,4070,100,D,MG,DH,D
9:43:42,JSMR,RG,4070,50,D,MG,EP,D
9:43:42,JSMR,RG,4070,1,D,MG,YP,D
9:43:42,JSMR,RG,4070,1,D,MG,NI,D
9:43:42,JSMR,RG,4070,1,D,MG,CC,D
9:43:42,JSMR,RG,4070,3,D,MG,CC,D
9:43:42,JSMR,RG,4070,10,D,MG,GR,D
9:43:42,JSMR,RG,4070,18,D,MG,XC,D
9:43:42,JSMR,RG,4070,5,D,MG,LG,D
9:43:42,JSMR,RG,4070,10,D,MG,CP,D
9:43:38,JSMR,RG,4070,1,D,BB,PD,D
9:43:38,JSMR,RG,4070,3,D,BB,XC,D
9:43:38,JSMR,RG,4070,5,D,BB,CC,D
9:43:36,JSMR,RG,4070,37,F,BK,CC,D
9:43:35,JSMR,RG,4070,1,D,BB,CC,D
9:43:34,JSMR,RG,4070,1,D,BB,CC,D
9:43:33,JSMR,RG,4070,5,D,YP,CC,D
9:43:32,JSMR,RG,4070,3,D,BB,CC,D
9:43:31,JSMR,RG,4070,3,D,BB,CC,D
9:43:30,JSMR,RG,4070,12,F,BK,CC,D
9:43:30,JSMR,RG,4070,4,F,BK,YP,D
9:43:30,JSMR,RG,4070,1,D,PD,YP,D
9:43:30,JSMR,RG,4070,10,D,PD,YP,D
9:43:19,JSMR,RG,4070,3,D,BB,YP,D
9:43:18,JSMR,RG,4070,1,D,BB,YP,D
9:43:17,JSMR,RG,4070,10,F,BK,YP,D
9:43:15,JSMR,RG,4070,4,D,BB,YP,D
9:43:15,JSMR,RG,4070,1,D,KK,YP,D
9:43:14,JSMR,RG,4070,5,D,BB,YP,D
9:43:13,JSMR,RG,4060,18,D,AZ,GR,D
9:43:13,JSMR,RG,4070,3,D,BB,YP,D
9:43:12,JSMR,RG,4070,13,F,BK,YP,D
9:43:12,JSMR,RG,4070,1,F,BK,DH,D
9:43:12,JSMR,RG,4070,8,F,BK,XC,D
9:43:09,JSMR,RG,4070,29,D,BB,XC,D
9:43:09,JSMR,RG,4060,11,D,AZ,LG,D
9:43:07,JSMR,RG,4070,33,F,BK,XC,D
9:43:07,JSMR,RG,4070,84,F,BK,YP,D
9:43:06,JSMR,RG,4070,36,D,BB,YP,D
9:43:06,JSMR,RG,4070,50,D,BB,OD,D
9:43:06,JSMR,RG,4070,3,D,BB,XC,D
9:43:06,JSMR,RG,4070,5,D,BB,NI,D
9:43:06,JSMR,RG,4070,4,D,BB,PD,D
9:43:06,JSMR,RG,4070,50,D,BB,YP,D
9:43:06,JSMR,RG,4070,10,D,BB,CC,D
9:43:06,JSMR,RG,4070,5,D,BB,YP,D
9:43:06,JSMR,RG,4070,1,D,BB,YP,D
9:43:05,JSMR,RG,4070,2,D,BB,YP,D
9:43:04,JSMR,RG,4060,36,D,AZ,OD,D
9:43:04,JSMR,RG,4060,1,D,AZ,XC,D
9:43:04,JSMR,RG,4060,2,D,AZ,XC,D
9:43:04,JSMR,RG,4060,10,D,AZ,PD,D
9:43:04,JSMR,RG,4060,4,D,AZ,CC,D
9:43:04,JSMR,RG,4060,2,D,AZ,PD,D
9:43:04,JSMR,RG,4060,1,D,AZ,XC,D
9:43:04,JSMR,RG,4060,10,D,AZ,PD,D
9:43:03,JSMR,RG,4060,17,F,BK,PD,D
9:43:03,JSMR,RG,4060,5,F,BK,MG,D
9:43:03,JSMR,RG,4060,5,F,BK,NI,D
9:43:03,JSMR,RG,4060,1,F,BK,YP,D
9:43:03,JSMR,RG,4060,1,F,BK,YP,D
9:43:03,JSMR,RG,4060,1,F,BK,CC,D
9:43:03,JSMR,RG,4060,1,F,BK,CC,D
9:43:03,JSMR,RG,4060,1,F,BK,CC,D
9:43:03,JSMR,RG,4060,5,F,BK,XC,D
9:43:03,JSMR,RG,4060,1,F,BK,XC,D
9:43:03,JSMR,RG,4060,25,F,BK,GR,D
9:43:03,JSMR,RG,4060,29,F,BK,CC,D
9:43:03,JSMR,RG,4060,20,D,YP,CC,D
9:43:03,JSMR,RG,4060,10,D,YP,GR,D
9:43:03,JSMR,RG,4060,5,D,YP,YP,D
9:43:03,JSMR,RG,4060,50,D,YP,YP,D
9:43:03,JSMR,RG,4060,1,D,YP,PD,D
9:43:03,JSMR,RG,4060,414,D,YP,CC,D
9:43:02,JSMR,RG,4060,5,D,BB,CC,D
9:43:01,JSMR,RG,4060,8,D,BB,CC,D
9:43:00,JSMR,RG,4060,28,D,BB,CC,D
9:42:59,JSMR,RG,4050,5,D,MG,YP,D
9:42:59,JSMR,RG,4060,53,D,BB,CC,D
9:42:58,JSMR,RG,4060,74,D,BB,CC,D
9:42:58,JSMR,RG,4060,91,D,BB,CC,D
9:42:57,JSMR,RG,4060,129,F,BK,CC,D
9:42:57,JSMR,RG,4060,198,F,BK,CC,D
9:42:57,JSMR,RG,4060,2,F,BK,YP,D
9:42:57,JSMR,RG,4060,10,F,BK,YP,D
9:42:57,JSMR,RG,4060,10,F,BK,NI,D
9:42:57,JSMR,RG,4060,25,F,BK,YP,D
9:42:57,JSMR,RG,4060,4,F,BK,CC,D
9:42:57,JSMR,RG,4060,1,F,BK,DH,D
9:42:56,JSMR,RG,4050,2,D,MG,LG,D
9:42:56,JSMR,RG,4050,2,D,MG,NI,D
9:42:56,JSMR,RG,4050,5,D,MG,CC,D
9:42:56,JSMR,RG,4050,10,D,MG,CC,D
9:42:56,JSMR,RG,4050,2,D,MG,XC,D
9:42:56,JSMR,RG,4050,1,D,MG,NI,D
9:42:56,JSMR,RG,4050,1,D,MG,YP,D
9:42:56,JSMR,RG,4050,60,D,MG,SQ,D
9:42:56,JSMR,RG,4050,252,D,MG,YP,D
9:42:56,JSMR,RG,4050,3,D,MG,YP,D
9:42:56,JSMR,RG,4050,5,D,MG,CP,D
9:42:56,JSMR,RG,4050,8,D,MG,NI,D
9:42:56,JSMR,RG,4050,40,D,MG,PD,D
9:42:56,JSMR,RG,4050,3,D,MG,NI,D
9:42:56,JSMR,RG,4050,2,D,MG,YP,D
9:42:56,JSMR,RG,4050,5,D,MG,SQ,D
9:42:56,JSMR,RG,4050,60,D,MG,IF,D
9:42:56,JSMR,RG,4050,5,D,MG,KK,D
9:42:56,JSMR,RG,4050,1,D,MG,XC,D
9:42:56,JSMR,RG,4050,5,D,MG,NI,D
9:42:56,JSMR,RG,4050,3,D,MG,PD,D
9:42:56,JSMR,RG,4050,4,D,MG,EP,D
9:42:56,JSMR,RG,4050,13,D,MG,XC,D
9:42:56,JSMR,RG,4050,10,D,MG,PD,D
9:42:56,JSMR,RG,4050,1,D,MG,CC,D
9:42:56,JSMR,RG,4050,45,D,MG,YJ,D
9:42:56,JSMR,RG,4050,25,D,BB,YJ,D
9:42:56,JSMR,RG,4050,100,D,BB,YP,D
9:42:56,JSMR,RG,4050,100,D,BB,YU,D
9:42:56,JSMR,RG,4050,2,D,BB,DR,D
9:42:56,JSMR,RG,4050,23,D,BB,YP,D
9:42:55,JSMR,RG,4050,111,F,BK,YP,D
9:42:54,JSMR,RG,4050,366,D,YP,YP,D
9:42:54,JSMR,RG,4050,10,D,YP,CC,D
9:42:54,JSMR,RG,4050,1,D,YP,YP,D
9:42:54,JSMR,RG,4050,12,D,YP,PD,D
9:42:54,JSMR,RG,4050,26,D,YP,OD,D
9:42:54,JSMR,RG,4050,2,D,YP,YP,D
9:42:54,JSMR,RG,4050,50,D,YP,GR,D
9:42:54,JSMR,RG,4050,1,D,YP,CC,D
9:42:54,JSMR,RG,4050,4,D,YP,XC,D
9:42:54,JSMR,RG,4050,1,D,YP,KK,D
9:42:54,JSMR,RG,4050,20,D,YP,CC,D
9:42:54,JSMR,RG,4050,1,D,YP,XC,D
9:42:54,JSMR,RG,4050,7,D,YP,XC,D
9:42:54,JSMR,RG,4050,2,D,YP,CC,D
9:42:54,JSMR,RG,4050,7,D,YP,PD,D
9:42:54,JSMR,RG,4050,3,D,YP,XC,D
9:42:54,JSMR,RG,4050,1,D,YP,XC,D
9:42:54,JSMR,RG,4050,76,D,YP,CC,D
9:42:54,JSMR,RG,4050,6,D,YP,PD,D
9:42:54,JSMR,RG,4050,10,D,YP,CC,D
9:42:54,JSMR,RG,4050,1,D,YP,YP,D
9:42:54,JSMR,RG,4050,10,D,YP,GR,D
9:42:54,JSMR,RG,4050,5,D,YP,YP,D
9:42:54,JSMR,RG,4050,20,D,YP,OD,D
9:42:54,JSMR,RG,4050,100,D,YP,LG,D
9:42:54,JSMR,RG,4050,258,D,YP,CC,D
9:42:44,JSMR,RG,4050,1,D,BB,CC,D
9:42:41,JSMR,RG,4040,4,D,EP,PD,D
9:42:30,JSMR,RG,4050,2,D,BB,CC,D
9:42:28,JSMR,RG,4050,43,D,BB,CC,D
9:42:27,JSMR,RG,4040,1,D,BB,NI,D
9:42:27,JSMR,RG,4040,5,D,BB,YP,D
9:42:23,JSMR,RG,4040,11,D,AG,YP,D
9:42:23,JSMR,RG,4040,2,D,AG,CC,D
9:42:23,JSMR,RG,4040,1,D,AG,NI,D
9:42:23,JSMR,RG,4040,53,D,AG,LG,D
9:42:23,JSMR,RG,4040,24,D,AG,CC,D
9:42:23,JSMR,RG,4040,15,D,AG,LS,D
9:42:23,JSMR,RG,4040,94,D,AG,YP,D
9:42:23,JSMR,RG,4040,5,D,SQ,YP,D
9:41:46,JSMR,RG,4040,3,D,BB,YP,D
9:41:34,JSMR,RG,4040,10,D,YP,YP,D
9:41:33,JSMR,RG,4040,2,D,BB,YP,D
9:41:30,JSMR,RG,4040,10,D,NI,YP,D
9:41:17,JSMR,RG,4040,2,D,BB,YP,D
9:41:17,JSMR,RG,4040,5,D,BB,YP,D
9:41:15,JSMR,RG,4040,13,D,DR,YP,D
9:41:15,JSMR,RG,4040,83,D,BB,YP,D
9:41:15,JSMR,RG,4040,20,D,KK,YP,D
9:41:15,JSMR,RG,4040,9,D,AK,YP,D
9:41:15,JSMR,RG,4040,1,D,PD,YP,D
9:41:15,JSMR,RG,4040,10,D,PD,YP,D
9:41:15,JSMR,RG,4040,2,D,CC,YP,D
9:41:15,JSMR,RG,4040,1,D,YB,YP,D
9:41:15,JSMR,RG,4040,50,F,CC,YP,D
9:41:15,JSMR,RG,4040,1,D,CC,YP,D
9:41:15,JSMR,RG,4040,3,D,HP,YP,D
9:41:15,JSMR,RG,4040,10,D,AK,YP,D
9:41:15,JSMR,RG,4040,2,D,YP,YP,D
9:41:15,JSMR,RG,4040,15,F,BK,YP,D
9:41:15,JSMR,RG,4040,120,F,BK,YP,D
9:41:15,JSMR,RG,4040,29,F,BK,YP,D
9:41:15,JSMR,RG,4050,12,F,BK,CC,D
9:41:13,JSMR,RG,4040,60,F,BK,YP,D
9:40:51,JSMR,RG,4050,2,D,BB,CC,D
9:40:46,JSMR,RG,4050,9,F,BK,CC,D
9:40:42,JSMR,RG,4050,4,D,BB,CC,D
9:40:40,JSMR,RG,4050,10,F,BK,CC,D
9:40:39,JSMR,RG,4050,24,D,BB,CC,D
9:40:38,JSMR,RG,4050,4,D,BB,CC,D
9:40:37,JSMR,RG,4050,100,D,YU,CC,D
9:40:35,JSMR,RG,4050,16,F,BK,CC,D
9:40:34,JSMR,RG,4050,25,D,BB,CC,D
9:40:31,JSMR,RG,4050,100,D,YU,CC,D
9:40:20,JSMR,RG,4050,3,D,BB,CC,D
9:40:05,JSMR,RG,4050,12,F,BK,CC,D
9:40:05,JSMR,RG,4040,1,F,BK,XC,D
9:40:03,JSMR,RG,4050,31,D,BB,CC,D
9:39:54,JSMR,RG,4040,90,F,BK,YP,D
9:39:54,JSMR,RG,4040,35,F,BK,YP,D
9:39:51,JSMR,RG,4050,5,D,BB,CC,D
9:39:50,JSMR,RG,4040,20,F,BK,RS,D
9:39:49,JSMR,RG,4050,1,D,CC,CC,D
9:39:48,JSMR,RG,4050,2,D,BB,CC,D
9:39:46,JSMR,RG,4050,5,D,BB,CC,D
9:39:45,JSMR,RG,4040,6,F,BK,XC,D
9:39:22,JSMR,RG,4050,20,D,YP,CC,D
9:39:02,JSMR,RG,4050,12,D,BB,CC,D
9:38:54,JSMR,RG,4040,24,F,BK,AZ,D
9:38:54,JSMR,RG,4040,4,D,AZ,AZ,D
9:38:54,JSMR,RG,4040,20,F,BK,AZ,D
9:38:54,JSMR,RG,4040,2,F,BK,AZ,D
9:38:50,JSMR,RG,4050,1,D,BB,CC,D
9:38:41,JSMR,RG,4050,1,D,XC,CC,D
9:38:19,JSMR,RG,4050,1,D,BB,CC,D
9:38:18,JSMR,RG,4050,1,D,BB,CC,D
9:38:17,JSMR,RG,4050,4,D,BB,CC,D
9:38:17,JSMR,RG,4040,11,F,BK,CC,D
9:38:14,JSMR,RG,4050,15,D,CC,CC,D
9:38:08,JSMR,RG,4050,1,D,BB,CC,D
9:38:00,JSMR,RG,4040,2,F,BK,CC,D
9:37:31,JSMR,RG,4050,2,D,BB,CC,D
9:37:25,JSMR,RG,4050,10,D,CC,CC,D
9:37:14,JSMR,RG,4050,1,D,BB,CC,D
9:37:05,JSMR,RG,4050,5,D,CC,CC,D
9:37:00,JSMR,RG,4050,13,D,BB,CC,D
9:36:54,JSMR,RG,4040,19,F,BK,DH,D
9:36:54,JSMR,RG,4040,31,D,KK,DH,D
9:36:41,JSMR,RG,4050,63,D,BB,CC,D
9:36:39,JSMR,RG,4050,181,F,BK,CC,D
9:36:39,JSMR,RG,4050,4,F,BK,XC,D
9:36:39,JSMR,RG,4050,1,F,BK,OD,D
9:36:39,JSMR,RG,4050,64,F,BK,PG,D
9:36:39,JSMR,RG,4050,25,D,BB,PG,D
9:36:39,JSMR,RG,4040,1,D,KK,XC,D
9:36:38,JSMR,RG,4050,1,D,BB,PG,D
9:36:37,JSMR,RG,4050,100,D,KK,PG,D
9:36:33,JSMR,RG,4040,4,D,KK,EP,D
9:36:30,JSMR,RG,4040,3,D,KK,DH,D
9:36:23,JSMR,RG,4050,1,D,BB,PG,D
9:36:21,JSMR,RG,4040,1,D,KK,OD,D
9:36:06,JSMR,RG,4050,6,D,BB,PG,D
9:36:04,JSMR,RG,4050,25,D,SQ,PG,D
9:36:02,JSMR,RG,4040,1,D,KK,XC,D
9:35:50,JSMR,RG,4040,1,D,KK,YB,D
9:35:50,JSMR,RG,4050,1,D,BB,PG,D
9:35:48,JSMR,RG,4050,1,D,BB,PG,D
9:35:47,JSMR,RG,4050,1,D,BB,PG,D
9:35:46,JSMR,RG,4050,7,D,BB,PG,D
9:35:46,JSMR,RG,4050,11,F,BK,PG,D
9:35:44,JSMR,RG,4050,22,F,BK,PG,D
9:35:43,JSMR,RG,4050,38,D,BB,PG,D
9:35:42,JSMR,RG,4050,5,D,BB,PG,D
9:35:41,JSMR,RG,4040,4,D,KK,XC,D
9:35:41,JSMR,RG,4040,90,D,KK,NI,D
9:35:41,JSMR,RG,4040,15,D,KK,XC,D
9:35:41,JSMR,RG,4040,4,D,KK,RO,D
9:35:41,JSMR,RG,4040,45,D,KK,GR,D
9:35:40,JSMR,RG,4030,1,D,AG,KK,D
9:35:40,JSMR,RG,4040,18,F,BK,GR,D
9:35:37,JSMR,RG,4040,41,D,BB,GR,D
9:35:36,JSMR,RG,4040,1,D,BB,GR,D
9:35:36,JSMR,RG,4040,162,F,BK,GR,D
9:35:35,JSMR,RG,4040,2,D,BB,GR,D
9:35:34,JSMR,RG,4040,5,D,BB,GR,D
9:35:34,JSMR,RG,4040,16,F,BK,GR,D
9:35:32,JSMR,RG,4040,50,D,BB,GR,D
9:35:31,JSMR,RG,4040,18,F,BK,GR,D
9:35:28,JSMR,RG,4040,3,D,BB,GR,D
9:35:28,JSMR,RG,4040,201,F,BK,GR,D
9:35:27,JSMR,RG,4040,1,D,BB,GR,D
9:35:26,JSMR,RG,4040,13,F,BK,GR,D
9:35:25,JSMR,RG,4030,1,D,AG,YP,D
9:35:23,JSMR,RG,4040,1,D,BB,GR,D
9:35:22,JSMR,RG,4040,2,D,BB,GR,D
9:35:21,JSMR,RG,4040,7,D,BB,GR,D
9:35:20,JSMR,RG,4040,11,F,BK,GR,D
9:35:20,JSMR,RG,4040,2,D,BB,GR,D
9:35:19,JSMR,RG,4040,29,D,BB,GR,D
9:35:18,JSMR,RG,4040,13,F,BK,GR,D
9:35:18,JSMR,RG,4040,24,D,BB,GR,D
9:35:17,JSMR,RG,4040,142,F,BK,GR,D
9:35:17,JSMR,RG,4040,1,D,BB,GR,D
9:35:16,JSMR,RG,4040,97,F,BK,GR,D
9:35:13,JSMR,RG,4040,1,D,EP,GR,D
9:35:10,JSMR,RG,4040,39,D,BB,GR,D
9:35:09,JSMR,RG,4040,55,F,BK,GR,D
9:35:09,JSMR,RG,4040,99,F,BK,YP,D
9:35:08,JSMR,RG,4030,2,D,AG,PD,D
9:35:03,JSMR,RG,4040,18,D,BB,YP,D
9:35:01,JSMR,RG,4040,72,F,BK,YP,D
9:35:00,JSMR,RG,4040,4,D,BB,YP,D
9:34:49,JSMR,RG,4040,19,F,BK,YP,D
9:34:48,JSMR,RG,4040,1,D,BB,YP,D
9:34:46,JSMR,RG,4040,1,D,XC,YP,D
9:34:43,JSMR,RG,4040,3,D,BB,YP,D
9:34:37,JSMR,RG,4040,50,D,EP,YP,D
9:34:25,JSMR,RG,4040,1,D,KK,YP,D
9:34:18,JSMR,RG,4040,7,D,OD,YP,D
9:34:17,JSMR,RG,4040,11,D,AK,YP,D
9:34:17,JSMR,RG,4040,3,D,CC,YP,D
9:34:17,JSMR,RG,4040,1,D,YP,YP,D
9:34:17,JSMR,RG,4040,149,D,BB,YP,D
9:34:17,JSMR,RG,4040,26,F,BK,YP,D
9:34:17,JSMR,RG,4040,250,D,YP,YP,D
9:34:17,JSMR,RG,4040,39,F,BK,YP,D
9:34:17,JSMR,RG,4040,10,D,AK,YP,D
9:34:17,JSMR,RG,4040,152,F,BK,YP,D
9:34:17,JSMR,RG,4040,10,F,BK,YP,D
9:34:17,JSMR,RG,4040,74,F,BK,YP,D
9:33:47,JSMR,RG,4040,1,F,BK,CC,D
9:33:28,JSMR,RG,4040,2,F,BK,PD,D
9:33:28,JSMR,RG,4040,7,D,BB,PD,D
9:33:28,JSMR,RG,4040,1,D,CC,PD,D
9:33:26,JSMR,RG,4050,2,D,BB,PG,D
9:33:25,JSMR,RG,4050,1,D,BB,PG,D
9:33:24,JSMR,RG,4050,8,D,BB,PG,D
9:33:23,JSMR,RG,4050,10,F,BK,PG,D
9:33:18,JSMR,RG,4050,35,F,BK,PG,D
9:33:16,JSMR,RG,4050,21,D,BB,PG,D
9:33:16,JSMR,RG,4050,34,D,BB,PG,D
9:33:12,JSMR,RG,4050,81,F,BK,PG,D
9:33:12,JSMR,RG,4050,50,F,BK,CC,D
9:33:12,JSMR,RG,4050,5,F,BK,DR,D
9:33:12,JSMR,RG,4050,1,F,BK,XC,D
9:33:12,JSMR,RG,4050,83,F,BK,YU,D
9:33:11,JSMR,RG,4050,12,D,BB,YU,D
9:33:11,JSMR,RG,4050,31,D,BB,YU,D
9:33:09,JSMR,RG,4050,5,D,BB,YU,D
9:33:09,JSMR,RG,4050,31,D,BB,YU,D
9:33:09,JSMR,RG,4050,58,F,BK,YU,D
9:33:09,JSMR,RG,4050,5,F,BK,CC,D
9:33:09,JSMR,RG,4050,10,F,BK,DH,D
9:33:09,JSMR,RG,4050,10,F,BK,YP,D
9:33:09,JSMR,RG,4050,55,F,BK,DH,D
9:33:09,JSMR,RG,4050,1,F,BK,KK,D
9:33:09,JSMR,RG,4050,2,F,BK,DR,D
9:33:09,JSMR,RG,4050,1,F,BK,CC,D
9:33:08,JSMR,RG,4040,1,F,BK,GR,D
9:33:08,JSMR,RG,4040,10,F,BK,EP,D
9:33:08,JSMR,RG,4040,2,F,BK,YP,D
9:33:08,JSMR,RG,4040,17,F,BK,YP,D
9:33:05,JSMR,RG,4040,13,D,BB,YP,D
9:33:05,JSMR,RG,4040,20,D,BB,PD,D
9:33:05,JSMR,RG,4040,1,D,BB,XC,D
9:33:05,JSMR,RG,4040,10,D,BB,PD,D
9:33:05,JSMR,RG,4040,70,D,BB,YP,D
9:33:05,JSMR,RG,4040,11,D,BB,YP,D
9:33:05,JSMR,RG,4040,250,D,BB,CC,D
9:33:04,JSMR,RG,4040,142,F,BK,CC,D
9:33:03,JSMR,RG,4040,608,D,AG,CC,D
9:33:03,JSMR,RG,4040,1,D,AG,PD,D
9:33:03,JSMR,RG,4040,1,D,AG,BQ,D
9:33:03,JSMR,RG,4040,5,D,AG,XC,D
9:33:03,JSMR,RG,4040,1,D,AG,YP,D
9:33:03,JSMR,RG,4040,5,D,AG,LG,D
9:33:03,JSMR,RG,4040,3,D,AG,GR,D
9:33:03,JSMR,RG,4040,10,D,AG,XC,D
9:33:03,JSMR,RG,4040,1,D,AG,PD,F
9:33:03,JSMR,RG,4040,5,D,AG,GR,D
9:33:03,JSMR,RG,4040,37,D,AG,YP,D
9:33:03,JSMR,RG,4040,1,D,AG,NI,D
9:33:03,JSMR,RG,4040,2,D,AG,XC,D
9:33:03,JSMR,RG,4040,5,D,AG,GR,D
9:33:03,JSMR,RG,4040,500,D,AG,YP,D
9:33:03,JSMR,RG,4040,2,D,AG,XC,D
9:33:03,JSMR,RG,4040,40,D,AG,YP,D
9:33:03,JSMR,RG,4040,273,D,AG,YP,D
9:32:50,JSMR,RG,4040,3,D,BB,YP,D
9:32:49,JSMR,RG,4040,2,D,CC,YP,D
9:32:45,JSMR,RG,4030,12,D,AG,PD,D
9:32:34,JSMR,RG,4040,25,D,BB,YP,D
9:32:28,JSMR,RG,4030,73,D,AG,CC,D
9:32:28,JSMR,RG,4030,25,D,YP,CC,D
9:32:28,JSMR,RG,4030,2,D,YP,CC,D
9:32:05,JSMR,RG,4040,5,D,BB,YP,D
9:32:04,JSMR,RG,4030,8,D,YP,GR,D
9:32:04,JSMR,RG,4030,10,D,NI,GR,D
9:32:04,JSMR,RG,4030,2,F,BK,GR,D
9:31:31,JSMR,RG,4040,2,D,BB,YP,D
9:31:24,JSMR,RG,4040,8,D,XC,YP,D
9:31:19,JSMR,RG,4040,1,D,BB,YP,D
9:31:18,JSMR,RG,4040,1,D,PD,YP,D
9:31:09,JSMR,RG,4040,9,D,BB,YP,D
9:31:00,JSMR,RG,4040,36,D,XC,YP,D
9:30:52,JSMR,RG,4040,1,D,BB,YP,D
9:30:50,JSMR,RG,4040,34,D,BB,YP,D
9:30:49,JSMR,RG,4040,5,D,BB,KK,D
9:30:49,JSMR,RG,4040,1,D,BB,PD,D
9:30:48,JSMR,RG,4040,49,F,BK,PD,D
9:30:48,JSMR,RG,4040,1,F,BK,KK,D
9:30:48,JSMR,RG,4040,5,F,BK,PD,D
9:30:48,JSMR,RG,4040,15,F,BK,PD,D
9:30:48,JSMR,RG,4040,30,F,BK,PG,D
9:30:48,JSMR,RG,4040,2,F,BK,YP,D
9:30:48,JSMR,RG,4040,7,F,BK,OD,D
9:30:48,JSMR,RG,4040,10,F,BK,OD,D
9:30:48,JSMR,RG,4040,23,F,BK,BQ,D
9:30:48,JSMR,RG,4030,12,F,BK,CC,D
9:30:48,JSMR,RG,4030,13,D,AG,CC,D
9:30:33,JSMR,RG,4040,1,D,BB,BQ,D
9:30:31,JSMR,RG,4030,1,D,AG,YP,D
9:30:29,JSMR,RG,4040,12,D,BB,BQ,D
9:30:28,JSMR,RG,4030,50,D,AG,CC,D
9:30:25,JSMR,RG,4040,4,D,BB,BQ,D
9:30:24,JSMR,RG,4030,15,D,AG,PD,D
9:30:00,JSMR,RG,4040,2,D,PD,BQ,D
9:29:54,JSMR,RG,4040,3,D,BB,BQ,D
9:29:54,JSMR,RG,4040,6,D,BB,BQ,D
9:29:52,JSMR,RG,4030,21,D,AG,YP,D
9:29:52,JSMR,RG,4030,10,D,OD,YP,D
9:29:52,JSMR,RG,4030,4,D,AG,YP,D
9:29:47,JSMR,RG,4040,2,D,BB,BQ,D
9:29:46,JSMR,RG,4030,7,D,AG,YP,D
9:29:30,JSMR,RG,4030,1,D,AG,YP,D
9:29:26,JSMR,RG,4030,1,D,AG,KK,D
9:28:40,JSMR,RG,4040,1,D,BB,BQ,D
9:28:32,JSMR,RG,4030,2,D,AG,CC,D
9:28:26,JSMR,RG,4040,56,D,BB,BQ,D
9:28:22,JSMR,RG,4030,85,D,AG,NI,D
9:28:22,JSMR,RG,4030,11,D,AK,NI,D
9:28:22,JSMR,RG,4030,69,F,BK,NI,D
9:28:22,JSMR,RG,4030,11,F,BK,NI,D
9:28:22,JSMR,RG,4030,14,D,YP,NI,D
9:28:22,JSMR,RG,4030,5,D,BB,NI,D
9:28:22,JSMR,RG,4030,55,D,PD,NI,D
9:27:58,JSMR,RG,4040,7,D,BB,BQ,D
9:27:58,JSMR,RG,4040,2,D,BB,BQ,D
9:27:57,JSMR,RG,4030,1,D,PD,KK,D
9:27:56,JSMR,RG,4030,35,D,PD,TF,D
9:27:53,JSMR,RG,4040,1,D,BB,BQ,D
9:27:52,JSMR,RG,4030,1,D,PD,YP,D
9:27:40,JSMR,RG,4030,2,D,PD,CC,D
9:27:38,JSMR,RG,4040,1,D,BB,BQ,D
9:27:36,JSMR,RG,4030,3,D,PD,YB,D
9:27:22,JSMR,RG,4040,50,D,BB,BQ,D
9:27:20,JSMR,RG,4030,2,D,PD,XC,D
9:27:20,JSMR,RG,4030,3,D,PD,YP,D
9:27:20,JSMR,RG,4030,30,D,PD,YP,D
9:27:20,JSMR,RG,4030,43,D,PD,CC,D
9:27:20,JSMR,RG,4030,22,D,PD,CC,D
9:27:20,JSMR,RG,4030,5,D,PD,EP,D
9:27:20,JSMR,RG,4030,98,D,PD,GR,D
9:26:58,JSMR,RG,4030,5,D,YP,GR,D
9:26:54,JSMR,RG,4020,25,F,BK,PD,D
9:26:45,JSMR,RG,4030,1,D,KK,GR,D
9:26:37,JSMR,RG,4030,406,D,BB,GR,D
9:26:37,JSMR,RG,4030,94,D,BB,YP,D
9:26:32,JSMR,RG,4020,10,F,BK,HP,D
9:26:22,JSMR,RG,4030,1,D,XC,YP,D
9:26:16,JSMR,RG,4030,1,D,BB,YP,D
9:26:11,JSMR,RG,4030,1,D,YP,YP,D
9:26:11,JSMR,RG,4030,2,D,CC,YP,D
9:26:11,JSMR,RG,4030,1,F,BK,YP,D
9:26:08,JSMR,RG,4040,19,D,BB,BQ,D
9:26:08,JSMR,RG,4040,6,D,BB,GR,D
9:26:04,JSMR,RG,4030,100,F,BK,YP,D
9:25:59,JSMR,RG,4030,5,F,BK,YP,D
9:25:59,JSMR,RG,4030,20,D,BB,YP,D
9:25:59,JSMR,RG,4030,75,D,PD,YP,D
9:25:59,JSMR,RG,4040,2,D,BB,GR,D
9:25:54,JSMR,RG,4030,6,D,PD,SQ,D
9:25:54,JSMR,RG,4040,4,D,BB,GR,D
9:25:52,JSMR,RG,4030,2,D,PD,YP,D
9:25:52,JSMR,RG,4030,17,D,PD,YP,D
9:25:41,JSMR,RG,4030,2,D,BB,YP,D
9:25:37,JSMR,RG,4030,5,D,SQ,YP,D
9:25:37,JSMR,RG,4030,36,D,BB,YP,D
9:25:37,JSMR,RG,4030,12,F,BK,YP,D
9:25:37,JSMR,RG,4030,50,D,PD,YP,D
9:25:37,JSMR,RG,4030,3,D,NI,YP,D
9:25:37,JSMR,RG,4030,10,D,YP,YP,D
9:25:37,JSMR,RG,4030,10,F,BK,YP,D
9:25:37,JSMR,RG,4030,11,D,AK,YP,D
9:25:37,JSMR,RG,4030,44,D,CC,YP,D
9:25:36,JSMR,RG,4040,8,D,BB,GR,D
9:25:36,JSMR,RG,4040,3,D,BB,CC,D
9:25:35,JSMR,RG,4040,6,D,BB,CC,D
9:25:34,JSMR,RG,4040,41,D,EP,CC,D
9:25:34,JSMR,RG,4040,9,D,EP,PD,D
9:25:31,JSMR,RG,4030,22,D,CC,CC,D
9:25:28,JSMR,RG,4030,3,D,CC,XC,D
9:25:20,JSMR,RG,4040,2,D,BB,PD,D
9:25:18,JSMR,RG,4030,8,D,CC,KK,D
9:25:14,JSMR,RG,4040,9,D,BB,PD,D
9:25:14,JSMR,RG,4040,5,D,BB,YP,D
9:25:14,JSMR,RG,4040,1,D,BB,LG,D
9:25:14,JSMR,RG,4040,1,D,BB,OD,D
9:25:14,JSMR,RG,4040,1,D,BB,OD,D
9:25:14,JSMR,RG,4040,1,D,BB,PD,D
9:25:14,JSMR,RG,4040,2,D,BB,YP,D
9:25:10,JSMR,RG,4030,80,D,CC,PD,D
9:25:05,JSMR,RG,4040,1,D,BB,YP,D
9:24:51,JSMR,RG,4040,5,D,BB,YP,D
9:24:50,JSMR,RG,4030,1,D,CC,CC,D
9:24:48,JSMR,RG,4040,7,D,BB,YP,D
9:24:48,JSMR,RG,4040,6,D,BB,YB,D
9:24:48,JSMR,RG,4040,12,D,BB,YP,D
9:24:47,JSMR,RG,4030,20,D,CC,GR,D
9:24:45,JSMR,RG,4040,38,D,XC,YP,D
9:24:45,JSMR,RG,4040,3,D,XC,DR,D
9:24:45,JSMR,RG,4040,2,D,XC,KK,D
9:24:45,JSMR,RG,4040,4,D,XC,YP,D
9:24:45,JSMR,RG,4040,10,D,XC,YJ,D
9:24:45,JSMR,RG,4040,43,D,XC,CC,D
9:24:42,JSMR,RG,4040,2,D,BB,CC,D
9:24:41,JSMR,RG,4030,1,D,CC,PD,D
9:24:40,JSMR,RG,4030,9,D,CC,SQ,D
9:24:29,JSMR,RG,4040,3,D,BB,CC,D
9:24:28,JSMR,RG,4030,10,D,CC,NI,D
9:24:28,JSMR,RG,4030,2,D,CC,KK,D
9:24:28,JSMR,RG,4030,1,D,BB,KK,D
9:24:23,JSMR,RG,4040,2,D,BB,CC,D
9:24:23,JSMR,RG,4040,4,D,BB,YP,D
9:24:22,JSMR,RG,4040,3,D,BB,YP,D
9:24:21,JSMR,RG,4030,15,D,BB,CC,D
9:24:21,JSMR,RG,4030,2,D,BB,DR,D
9:24:21,JSMR,RG,4030,1,D,BB,XC,D
9:24:21,JSMR,RG,4030,11,D,BB,CC,D
9:24:20,JSMR,RG,4030,4,D,RX,CC,D
9:24:20,JSMR,RG,4030,5,D,RX,CC,D
9:24:20,JSMR,RG,4030,40,D,RX,YP,D
9:24:20,JSMR,RG,4030,1,D,RX,CC,D
9:24:20,JSMR,RG,4030,40,D,RX,PD,D
9:24:20,JSMR,RG,4030,1,D,RX,KK,D
9:24:20,JSMR,RG,4030,10,D,RX,YP,D
9:24:20,JSMR,RG,4030,5,D,RX,CC,D
9:24:20,JSMR,RG,4030,2,D,RX,YP,D
9:24:20,JSMR,RG,4030,47,D,RX,YP,D
9:24:18,JSMR,RG,4030,1,D,BB,YP,D
9:24:16,JSMR,RG,4030,5,D,BB,YP,D
9:24:16,JSMR,RG,4020,4,F,BK,PD,D
9:24:15,JSMR,RG,4030,1,D,BB,YP,D
9:24:15,JSMR,RG,4030,2,D,CC,YP,D
9:24:15,JSMR,RG,4030,18,D,GR,YP,D
9:24:12,JSMR,RG,4030,6,D,RX,YP,D
9:23:49,JSMR,RG,4030,1,D,BB,YP,D
9:23:48,JSMR,RG,4030,2,D,BB,YP,D
9:23:47,JSMR,RG,4030,2,D,BB,YP,D
9:23:46,JSMR,RG,4020,12,F,BK,KK,D
9:23:45,JSMR,RG,4020,6,F,BK,KK,D
9:23:36,JSMR,RG,4030,13,D,BB,YP,D
9:23:31,JSMR,RG,4030,8,D,BB,YP,D
9:23:31,JSMR,RG,4030,73,F,BK,YP,D
9:23:30,JSMR,RG,4030,8,F,BK,YP,D
9:23:30,JSMR,RG,4030,1,D,PD,YP,D
9:23:30,JSMR,RG,4030,1,D,OD,YP,D
9:23:15,JSMR,RG,4040,50,D,BB,YP,D
9:23:14,JSMR,RG,4040,1,D,BB,YP,D
9:23:14,JSMR,RG,4030,39,D,OD,KK,D
9:23:14,JSMR,RG,4030,10,D,YP,KK,D
9:23:14,JSMR,RG,4030,34,F,BK,KK,D
9:23:14,JSMR,RG,4030,10,D,YP,KK,D
9:23:14,JSMR,RG,4030,23,F,BK,KK,D
9:23:14,JSMR,RG,4030,2,D,YP,KK,D
9:23:14,JSMR,RG,4030,82,D,ZP,KK,D
9:23:08,JSMR,RG,4030,5,D,ZP,YP,D
9:23:07,JSMR,RG,4040,1,D,BB,YP,D
9:23:06,JSMR,RG,4040,1,D,BB,YP,D
9:23:05,JSMR,RG,4030,5,D,ZP,YP,D
9:22:57,JSMR,RG,4030,3,D,ZP,PD,D
9:22:52,JSMR,RG,4040,1,D,YJ,YP,D
9:22:31,JSMR,RG,4040,25,D,BB,YP,D
9:22:27,JSMR,RG,4030,100,D,ZP,IT,D
9:22:17,JSMR,RG,4040,3,D,BB,YP,D
9:22:11,JSMR,RG,4040,10,D,ZP,YP,D
9:22:10,JSMR,RG,4040,1,D,CC,YP,D
9:22:09,JSMR,RG,4040,1,D,BB,YP,D
9:22:07,JSMR,RG,4030,5,D,ZP,PD,D
9:22:07,JSMR,RG,4040,13,D,BB,YP,D
9:22:06,JSMR,RG,4040,1,D,BB,YP,D
9:22:06,JSMR,RG,4030,50,D,ZP,CC,D
9:22:00,JSMR,RG,4040,5,D,CC,YP,D
9:21:52,JSMR,RG,4040,3,D,BB,YP,D
9:21:50,JSMR,RG,4040,10,F,BK,YP,D
9:21:50,JSMR,RG,4040,73,D,BB,YP,D
9:21:50,JSMR,RG,4040,10,D,YP,YP,D
9:21:50,JSMR,RG,4040,11,F,BK,YP,D
9:21:50,JSMR,RG,4040,118,F,BK,YP,D
9:21:50,JSMR,RG,4040,10,D,AK,YP,D
9:21:50,JSMR,RG,4040,40,D,PD,YP,D
9:21:50,JSMR,RG,4040,50,D,BQ,YP,D
9:21:50,JSMR,RG,4040,10,D,YP,YP,D
9:21:50,JSMR,RG,4040,10,D,YP,YP,D
9:21:50,JSMR,RG,4040,14,F,BK,YP,D
9:21:50,JSMR,RG,4040,2,D,YP,YP,D
9:21:50,JSMR,RG,4040,19,F,BK,YP,D
9:21:41,JSMR,RG,4040,2,F,BK,NI,D
9:21:26,JSMR,RG,4050,4,D,BB,CC,D
9:21:25,JSMR,RG,4040,13,F,BK,DR,D
9:21:22,JSMR,RG,4050,1,D,BB,CC,D
9:21:20,JSMR,RG,4040,5,F,BK,DR,D
9:21:20,JSMR,RG,4040,3,F,BK,XC,D
9:21:12,JSMR,RG,4040,2,F,BK,YP,D
9:21:07,JSMR,RG,4040,3,F,BK,XC,D
9:21:05,JSMR,RG,4040,2,F,BK,AI,D
9:21:00,JSMR,RG,4040,1,F,BK,KK,D
9:20:58,JSMR,RG,4050,1,D,CC,CC,D
9:20:50,JSMR,RG,4050,5,D,PD,CC,D
9:20:48,JSMR,RG,4040,1,F,BK,XC,D
9:20:32,JSMR,RG,4050,6,D,BB,CC,D
9:20:32,JSMR,RG,4050,7,F,BK,CC,D
9:20:32,JSMR,RG,4060,4,D,BB,DH,D
9:20:31,JSMR,RG,4050,1,F,BK,NI,D
9:20:31,JSMR,RG,4050,10,D,YP,NI,D
9:20:31,JSMR,RG,4050,1,D,CC,NI,D
9:20:31,JSMR,RG,4050,4,D,YP,NI,D
9:20:20,JSMR,RG,4060,1,D,BB,NI,D
9:20:16,JSMR,RG,4060,2,D,BB,NI,D
9:20:15,JSMR,RG,4050,5,D,YP,PD,D
9:20:12,JSMR,RG,4050,1,D,YP,CC,D
9:20:12,JSMR,RG,4050,4,F,BK,CC,D
9:20:09,JSMR,RG,4050,6,F,BK,YP,D
9:20:09,JSMR,RG,4050,10,F,BK,YP,D
9:20:09,JSMR,RG,4050,96,F,CC,YP,D
9:20:09,JSMR,RG,4050,10,D,XC,YP,D
9:20:09,JSMR,RG,4050,10,D,YP,YP,D
9:20:09,JSMR,RG,4050,2,D,XC,YP,D
9:20:09,JSMR,RG,4050,100,D,BB,YP,D
9:20:09,JSMR,RG,4050,5,D,SQ,YP,D
9:20:09,JSMR,RG,4050,207,F,BK,YP,D
9:20:09,JSMR,RG,4050,25,D,AT,YP,D
9:20:09,JSMR,RG,4050,2,D,YP,YP,D
9:20:09,JSMR,RG,4050,10,D,YP,YP,D
9:20:09,JSMR,RG,4050,17,F,BK,YP,D
9:20:06,JSMR,RG,4060,4,D,BB,NI,D
9:20:00,JSMR,RG,4060,10,F,BK,NI,D
9:19:59,JSMR,RG,4060,10,D,BB,NI,D
9:19:59,JSMR,RG,4060,7,D,RX,NI,D
9:19:57,JSMR,RG,4070,13,D,BB,CC,D
9:19:57,JSMR,RG,4060,13,D,RX,CC,D
9:19:57,JSMR,RG,4060,25,D,RX,CC,D
9:19:56,JSMR,RG,4070,1,D,BB,CC,D
9:19:55,JSMR,RG,4060,30,D,RX,PD,D
9:19:55,JSMR,RG,4060,25,D,RX,YP,D
9:19:53,JSMR,RG,4060,2,D,BB,YP,D
9:19:52,JSMR,RG,4060,3,D,BB,YP,D
9:19:51,JSMR,RG,4060,13,D,BB,YP,D
9:19:50,JSMR,RG,4060,25,D,BB,YP,D
9:19:49,JSMR,RG,4060,50,D,PD,YP,D
9:19:49,JSMR,RG,4060,25,D,BB,YP,D
9:19:48,JSMR,RG,4060,13,F,BK,YP,D
9:19:48,JSMR,RG,4060,20,D,YP,YP,D
9:19:48,JSMR,RG,4060,24,F,BK,YP,D
9:19:48,JSMR,RG,4070,67,D,BB,KK,D
9:19:47,JSMR,RG,4070,10,D,AK,KK,D
9:19:47,JSMR,RG,4070,53,F,CC,KK,D
9:19:47,JSMR,RG,4070,62,F,BK,KK,D
9:19:47,JSMR,RG,4070,8,D,BB,KK,D
9:19:45,JSMR,RG,4070,10,D,BB,TP,D
9:19:43,JSMR,RG,4070,30,D,BB,YP,D
9:19:43,JSMR,RG,4070,270,D,PD,YP,D
9:19:42,JSMR,RG,4070,5,D,PD,OD,D
9:19:42,JSMR,RG,4070,1,D,PD,KK,D
9:19:38,JSMR,RG,4070,13,D,PD,CC,D
9:19:35,JSMR,RG,4070,10,D,PD,YP,D
9:19:35,JSMR,RG,4070,10,D,PD,CC,D
9:19:35,JSMR,RG,4070,6,D,PD,AT,D
9:19:35,JSMR,RG,4070,1,D,PD,CC,D
9:19:35,JSMR,RG,4070,1,D,PD,IP,D
9:19:35,JSMR,RG,4070,2,D,PD,PD,D
9:19:35,JSMR,RG,4070,181,D,PD,KK,D
9:19:33,JSMR,RG,4060,3,F,BK,YP,D
9:19:28,JSMR,RG,4070,9,D,BB,KK,D
9:19:21,JSMR,RG,4060,37,F,BK,YP,D
9:19:18,JSMR,RG,4070,10,D,BB,KK,D
9:19:18,JSMR,RG,4070,13,D,BB,YP,D
9:19:16,JSMR,RG,4060,83,F,BK,ZP,D
9:19:16,JSMR,RG,4060,7,D,BB,ZP,D
9:19:16,JSMR,RG,4060,4,D,RX,ZP,D
9:19:16,JSMR,RG,4060,31,D,RX,ZP,D
9:19:16,JSMR,RG,4070,62,D,BB,YP,D
9:19:14,JSMR,RG,4070,25,F,BK,YP,D
9:19:14,JSMR,RG,4070,1,F,BK,XC,D
9:19:14,JSMR,RG,4070,2,F,BK,YP,D
9:19:14,JSMR,RG,4070,10,F,BK,YP,D
9:19:14,JSMR,RG,4070,6,F,BK,GR,D
9:19:14,JSMR,RG,4070,2,F,BK,KK,D
9:19:14,JSMR,RG,4070,2,F,BK,CC,D
9:19:14,JSMR,RG,4070,5,F,BK,IN,D
9:19:14,JSMR,RG,4070,2,F,BK,XC,D
9:19:14,JSMR,RG,4070,11,F,BK,XC,D
9:19:14,JSMR,RG,4070,125,F,BK,ZP,D
9:19:14,JSMR,RG,4070,5,F,BK,YP,D
9:19:14,JSMR,RG,4070,2,F,BK,SQ,D
9:19:14,JSMR,RG,4070,1,F,BK,KK,D
9:19:14,JSMR,RG,4070,23,F,BK,EP,D
9:19:14,JSMR,RG,4070,28,F,BK,YP,D
9:19:08,JSMR,RG,4060,1,D,RX,XC,D
9:19:08,JSMR,RG,4070,2,D,BB,YP,D
9:19:08,JSMR,RG,4070,2,D,BB,YP,D
9:19:08,JSMR,RG,4070,26,D,BB,PD,D
9:19:06,JSMR,RG,4060,1,D,RX,PD,D
9:19:06,JSMR,RG,4060,9,D,RX,SQ,D
9:19:06,JSMR,RG,4060,3,D,RX,PD,D
9:19:06,JSMR,RG,4060,10,D,RX,YP,D
9:19:06,JSMR,RG,4060,1,D,RX,DH,D
9:19:06,JSMR,RG,4060,2,D,RX,ZP,D
9:19:06,JSMR,RG,4060,5,D,RX,YP,D
9:19:06,JSMR,RG,4060,1,D,RX,OD,D
9:19:06,JSMR,RG,4060,6,D,RX,XC,D
9:19:06,JSMR,RG,4060,5,D,RX,KK,D
9:19:06,JSMR,RG,4060,2,D,RX,SS,D
9:19:06,JSMR,RG,4060,18,D,RX,PD,D
9:19:06,JSMR,RG,4060,2,D,RX,YP,D
9:19:06,JSMR,RG,4060,54,D,RX,AZ,D
9:18:52,JSMR,RG,4060,1,D,BB,AZ,D
9:18:51,JSMR,RG,4050,1,F,BK,PD,D
9:18:50,JSMR,RG,4060,4,D,YP,AZ,D
9:18:46,JSMR,RG,4060,1,D,BB,AZ,D
9:18:44,JSMR,RG,4050,1,F,BK,PD,D
9:18:42,JSMR,RG,4060,2,D,AZ,AZ,D
9:18:34,JSMR,RG,4060,3,D,BB,AZ,D
9:18:31,JSMR,RG,4050,11,F,BK,YP,D
9:18:26,JSMR,RG,4060,3,D,BB,AZ,D
9:18:26,JSMR,RG,4060,1,D,BB,XC,D
9:18:19,JSMR,RG,4050,4,F,BK,ZP,D
9:18:19,JSMR,RG,4050,13,F,BK,ZP,D
9:18:16,JSMR,RG,4060,2,D,BB,XC,D
9:18:15,JSMR,RG,4060,1,D,BB,YU,D
9:18:14,JSMR,RG,4050,6,F,BK,PD,D
9:18:13,JSMR,RG,4060,7,D,YP,YU,D
9:18:12,JSMR,RG,4060,8,D,BB,YU,D
9:18:10,JSMR,RG,4050,5,F,BK,DR,D
9:18:10,JSMR,RG,4050,25,D,KK,DR,D
9:18:03,JSMR,RG,4050,1,D,KK,SS,D
9:18:03,JSMR,RG,4060,3,D,BB,YU,D
9:18:02,JSMR,RG,4060,1,D,BB,YU,D
9:18:01,JSMR,RG,4060,10,D,NI,YU,D
9:17:59,JSMR,RG,4050,5,D,KK,YB,D
9:17:56,JSMR,RG,4060,1,D,YP,SQ,D
9:17:51,JSMR,RG,4070,41,D,BB,PD,D
9:17:51,JSMR,RG,4070,1,D,BB,YP,D
9:17:51,JSMR,RG,4070,1,D,BB,YP,D
9:17:51,JSMR,RG,4070,1,D,BB,YP,D
9:17:51,JSMR,RG,4070,15,D,BB,YP,D
9:17:51,JSMR,RG,4070,1,D,BB,YP,D
9:17:51,JSMR,RG,4070,1,D,BB,DH,D
9:17:51,JSMR,RG,4070,1,D,BB,YP,D
9:17:51,JSMR,RG,4070,1,D,BB,LG,D
9:17:49,JSMR,RG,4050,247,D,KK,AZ,D
9:17:49,JSMR,RG,4060,3,F,BK,AZ,D
9:17:49,JSMR,RG,4070,2,D,BB,LG,D
9:17:48,JSMR,RG,4060,1,F,BK,CC,D
9:17:47,JSMR,RG,4060,6,F,BK,YP,D
9:17:47,JSMR,RG,4060,1,D,DR,YP,D
9:17:47,JSMR,RG,4070,5,D,BB,YP,D
9:17:47,JSMR,RG,4070,7,D,BB,EP,D
9:17:44,JSMR,RG,4060,20,D,DR,YP,D
9:17:44,JSMR,RG,4060,10,D,DR,CC,D
9:17:44,JSMR,RG,4060,7,D,DR,NI,D
9:17:44,JSMR,RG,4060,12,D,DR,AZ,D
9:17:40,JSMR,RG,4060,1,D,BB,AZ,D
9:17:38,JSMR,RG,4050,3,D,KK,CC,D
9:17:37,JSMR,RG,4060,6,D,BB,AZ,D
9:17:33,JSMR,RG,4060,12,D,BB,AZ,D
9:17:33,JSMR,RG,4060,2,D,YP,AZ,D
9:17:33,JSMR,RG,4060,27,D,BB,AZ,D
9:17:32,JSMR,RG,4060,25,D,GR,AZ,D
9:17:31,JSMR,RG,4060,11,F,BK,AZ,D
9:17:31,JSMR,RG,4060,108,F,BK,AZ,D
9:17:31,JSMR,RG,4060,11,F,BK,AZ,D
9:17:31,JSMR,RG,4060,25,D,HP,AZ,D
9:17:31,JSMR,RG,4060,2,D,KK,AZ,D
9:17:31,JSMR,RG,4060,2,D,BB,AZ,D
9:17:31,JSMR,RG,4060,6,D,YP,AZ,D
9:17:29,JSMR,RG,4070,2,D,BB,EP,D
9:17:28,JSMR,RG,4060,1,D,YP,GR,D
9:17:26,JSMR,RG,4060,2,D,YP,CC,D
9:17:26,JSMR,RG,4070,13,D,BB,EP,D
9:17:25,JSMR,RG,4060,1,D,YP,CC,D
9:17:25,JSMR,RG,4060,4,D,YP,DR,D
9:17:25,JSMR,RG,4060,1,D,YP,PD,D
9:17:24,JSMR,RG,4060,3,D,MG,PD,D
9:17:24,JSMR,RG,4060,4,D,MG,PD,D
9:17:24,JSMR,RG,4060,1,D,MG,XC,D
9:17:24,JSMR,RG,4060,1,D,MG,NI,D
9:17:24,JSMR,RG,4060,6,D,MG,PD,D
9:17:24,JSMR,RG,4060,20,D,MG,SQ,D
9:17:24,JSMR,RG,4060,15,D,MG,YP,D
9:17:23,JSMR,RG,4060,3,D,BB,YP,D
9:17:20,JSMR,RG,4060,2,D,DR,YP,D
9:17:20,JSMR,RG,4060,1,D,DR,YP,D
9:17:20,JSMR,RG,4060,7,D,DR,CC,D
9:17:20,JSMR,RG,4060,5,D,BB,CC,D
9:17:19,JSMR,RG,4060,1,D,BB,CC,D
9:17:18,JSMR,RG,4060,15,D,YP,CC,D
9:17:18,JSMR,RG,4060,2,D,YP,CC,D
9:17:18,JSMR,RG,4060,1,D,YP,CC,D
9:17:18,JSMR,RG,4060,2,D,YP,TP,D
9:17:18,JSMR,RG,4060,1,D,BB,TP,D
9:17:17,JSMR,RG,4060,8,D,PD,TP,D
9:17:15,JSMR,RG,4060,3,D,BB,TP,D
9:17:14,JSMR,RG,4060,2,D,BB,TP,D
9:17:13,JSMR,RG,4050,14,D,KK,NI,D
9:17:12,JSMR,RG,4060,4,D,DR,TP,D
9:17:12,JSMR,RG,4060,2,D,DR,XC,D
9:17:12,JSMR,RG,4060,2,D,DR,OD,D
9:17:09,JSMR,RG,4050,1,D,KK,XC,D
9:17:06,JSMR,RG,4060,1,D,BB,OD,D
9:17:03,JSMR,RG,4060,2,D,YP,OD,D
9:17:03,JSMR,RG,4060,10,D,BB,OD,D
9:17:03,JSMR,RG,4060,4,D,BB,KK,D
9:17:01,JSMR,RG,4050,1,D,KK,XC,D
9:17:01,JSMR,RG,4060,1,D,YP,KK,D
9:17:01,JSMR,RG,4060,8,D,YP,KK,D
9:17:01,JSMR,RG,4060,30,D,YP,PD,D
9:17:01,JSMR,RG,4060,1,D,YP,PD,D
9:17:01,JSMR,RG,4060,1,D,YP,YP,D
9:17:01,JSMR,RG,4060,5,D,YP,SQ,D
9:17:01,JSMR,RG,4060,1,D,YP,YP,D
9:17:01,JSMR,RG,4060,3,D,YP,DH,D
9:17:01,JSMR,RG,4050,5,D,KK,YP,D
9:17:01,JSMR,RG,4060,25,D,BB,DH,D
9:16:58,JSMR,RG,4060,72,D,AG,DH,D
9:16:58,JSMR,RG,4060,1,D,AG,XC,D
9:16:58,JSMR,RG,4060,15,D,AG,CC,D
9:16:58,JSMR,RG,4060,12,D,AG,IT,D
9:16:52,JSMR,RG,4060,3,D,BB,IT,D
9:16:51,JSMR,RG,4050,15,D,KK,CC,D
9:16:50,JSMR,RG,4060,29,D,BB,IT,D
9:16:47,JSMR,RG,4050,83,D,KK,YP,D
9:16:47,JSMR,RG,4050,33,F,BK,YP,D
9:16:34,JSMR,RG,4060,1,D,BB,IT,D
9:16:31,JSMR,RG,4050,2,F,BK,OD,D
9:16:13,JSMR,RG,4060,5,D,BB,IT,D
9:16:12,JSMR,RG,4050,20,F,BK,PD,D
9:16:11,JSMR,RG,4070,5,D,BB,EP,D
9:16:09,JSMR,RG,4070,6,D,BB,EP,D
9:16:09,JSMR,RG,4070,30,D,BB,SQ,D
9:16:08,JSMR,RG,4060,1,D,BB,KK,D
9:16:08,JSMR,RG,4060,1,D,BB,AZ,D
9:16:08,JSMR,RG,4060,14,D,BB,XC,D
9:16:08,JSMR,RG,4060,5,D,BB,YP,D
9:16:07,JSMR,RG,4060,7,D,BB,YP,D
9:16:07,JSMR,RG,4050,130,F,BK,GR,D
9:16:07,JSMR,RG,4050,20,F,BK,GR,D
9:16:07,JSMR,RG,4050,50,D,CC,GR,D
9:16:06,JSMR,RG,4060,13,F,BK,YP,D
9:16:06,JSMR,RG,4060,25,F,BK,YP,D
9:16:06,JSMR,RG,4060,7,F,BK,OD,D
9:16:06,JSMR,RG,4060,2,D,BB,OD,D
9:16:06,JSMR,RG,4060,13,D,PD,OD,D
9:16:06,JSMR,RG,4060,17,D,PD,OD,D
9:16:05,JSMR,RG,4060,2,D,BB,OD,D
9:16:04,JSMR,RG,4060,8,D,BB,OD,D
9:16:03,JSMR,RG,4060,17,D,BB,OD,D
9:16:02,JSMR,RG,4050,50,D,CC,IT,D
9:16:02,JSMR,RG,4060,56,F,BK,OD,D
9:16:02,JSMR,RG,4060,1,F,BK,YP,D
9:16:02,JSMR,RG,4060,1,F,BK,YP,D
9:16:02,JSMR,RG,4060,1,F,BK,YP,D
9:16:02,JSMR,RG,4060,1,F,BK,YP,D
9:16:02,JSMR,RG,4060,3,F,BK,CC,D
9:16:01,JSMR,RG,4060,3,D,BB,CC,D
9:16:01,JSMR,RG,4060,8,D,BB,XC,D
9:16:01,JSMR,RG,4060,5,D,BB,YP,D
9:16:01,JSMR,RG,4060,3,D,BB,YB,D
9:16:01,JSMR,RG,4060,39,D,BB,YU,D
9:16:01,JSMR,RG,4060,30,D,BB,YU,D
9:16:00,JSMR,RG,4060,6,D,BB,YU,D
9:16:00,JSMR,RG,4060,349,F,BK,YU,D
9:15:59,JSMR,RG,4060,6,D,BB,YU,D
9:15:58,JSMR,RG,4050,33,D,BB,YP,D
9:15:56,JSMR,RG,4040,99,F,BK,MG,D
9:15:56,JSMR,RG,4040,1,D,YP,MG,D
9:15:56,JSMR,RG,4050,11,D,AK,YP,D
9:15:56,JSMR,RG,4050,11,D,AK,YP,D
9:15:56,JSMR,RG,4050,176,F,CS,YP,D
9:15:56,JSMR,RG,4050,1,D,CC,YP,D
9:15:56,JSMR,RG,4050,30,D,BB,YP,D
9:15:55,JSMR,RG,4060,61,D,BB,YU,D
9:15:54,JSMR,RG,4060,9,D,BB,YU,D
9:15:54,JSMR,RG,4050,18,D,BB,OD,D
9:15:54,JSMR,RG,4050,40,D,BB,YP,D
9:15:54,JSMR,RG,4050,10,D,BB,CC,D
9:15:54,JSMR,RG,4050,16,D,BB,KK,D
9:15:54,JSMR,RG,4050,31,D,BB,DR,D
9:15:53,JSMR,RG,4050,19,F,BK,DR,D
9:15:53,JSMR,RG,4050,1,F,BK,XC,D
9:15:53,JSMR,RG,4050,200,F,BK,YU,D
9:15:53,JSMR,RG,4050,10,F,BK,YP,D
9:15:53,JSMR,RG,4050,20,F,BK,DR,D
9:15:53,JSMR,RG,4050,2,D,BB,DR,D
9:15:53,JSMR,RG,4050,28,D,MG,DR,D
9:15:53,JSMR,RG,4050,1,D,MG,XC,D
9:15:53,JSMR,RG,4050,9,D,MG,PD,D
9:15:53,JSMR,RG,4050,1,D,MG,PD,D
9:15:53,JSMR,RG,4050,5,D,MG,AT,D
9:15:53,JSMR,RG,4050,4,D,MG,PD,D
9:15:53,JSMR,RG,4050,50,D,MG,NI,D
9:15:53,JSMR,RG,4050,1,D,MG,NI,D
9:15:53,JSMR,RG,4050,11,D,MG,XC,D
9:15:53,JSMR,RG,4050,5,D,MG,YP,D
9:15:53,JSMR,RG,4050,17,D,MG,GR,D
9:15:53,JSMR,RG,4050,300,D,MG,YP,D
9:15:53,JSMR,RG,4050,60,D,MG,NI,D
9:15:53,JSMR,RG,4050,8,D,MG,NI,D
9:15:51,JSMR,RG,4050,12,D,BB,NI,D
9:15:51,JSMR,RG,4050,60,D,BB,YP,D
9:15:51,JSMR,RG,4050,5,D,BB,CC,D
9:15:51,JSMR,RG,4050,1,D,BB,YP,D
9:15:51,JSMR,RG,4050,2,D,BB,YP,D
9:15:51,JSMR,RG,4050,30,D,BB,KK,D
9:15:51,JSMR,RG,4050,1,D,BB,YP,D
9:15:51,JSMR,RG,4050,25,D,BB,CC,D
9:15:50,JSMR,RG,4050,7,D,BB,CC,D
9:15:49,JSMR,RG,4050,68,F,BK,CC,D
9:15:49,JSMR,RG,4050,1,F,BK,YP,D
9:15:49,JSMR,RG,4050,1,F,BK,YP,D
9:15:49,JSMR,RG,4050,8,F,BK,LG,D
9:15:49,JSMR,RG,4050,8,F,BK,LG,D
9:15:49,JSMR,RG,4050,2,F,BK,KK,D
9:15:49,JSMR,RG,4050,2,F,BK,PD,D
9:15:49,JSMR,RG,4050,4,F,BK,PD,D
9:15:49,JSMR,RG,4050,4,F,BK,PD,D
9:15:49,JSMR,RG,4050,1,F,BK,PD,D
9:15:49,JSMR,RG,4050,30,F,BK,SQ,D
9:15:49,JSMR,RG,4050,50,F,BK,GR,D
9:15:49,JSMR,RG,4050,5,F,BK,YP,D
9:15:49,JSMR,RG,4050,46,F,BK,AI,D
9:15:49,JSMR,RG,4050,10,F,BK,DR,D
9:15:49,JSMR,RG,4050,25,F,BK,PD,D
9:15:49,JSMR,RG,4040,6,F,BK,HP,D
9:15:49,JSMR,RG,4040,20,F,BK,YP,D
9:15:49,JSMR,RG,4040,15,F,BK,YP,D
9:15:49,JSMR,RG,4040,1,F,BK,CC,D
9:15:49,JSMR,RG,4040,4,F,BK,CC,D
9:15:49,JSMR,RG,4040,5,F,BK,DH,D
9:15:49,JSMR,RG,4040,10,F,BK,NI,D
9:15:49,JSMR,RG,4040,5,F,BK,YP,D
9:15:49,JSMR,RG,4040,25,F,BK,KK,D
9:15:49,JSMR,RG,4040,4,F,BK,KK,D
9:15:49,JSMR,RG,4040,1,F,BK,YP,D
9:15:49,JSMR,RG,4040,15,F,BK,YP,D
9:15:49,JSMR,RG,4040,1,F,BK,YP,D
9:15:49,JSMR,RG,4040,47,F,BK,LG,D
9:15:49,JSMR,RG,4040,18,D,BB,LG,D
9:15:49,JSMR,RG,4040,25,D,BB,CC,D
9:15:49,JSMR,RG,4040,1,D,BB,GR,D
9:15:49,JSMR,RG,4040,1,D,BB,YP,D
9:15:49,JSMR,RG,4040,16,D,BB,PD,D
9:15:49,JSMR,RG,4040,5,D,BB,YP,D
9:15:49,JSMR,RG,4040,59,D,BB,AT,D
9:15:48,JSMR,RG,4030,1,F,BK,PD,D
9:15:48,JSMR,RG,4030,2,F,BK,PD,D
9:15:48,JSMR,RG,4030,10,F,BK,CC,D
9:15:48,JSMR,RG,4030,5,F,BK,CC,D
9:15:48,JSMR,RG,4030,10,F,BK,YP,D
9:15:48,JSMR,RG,4030,1,F,BK,CC,D
9:15:48,JSMR,RG,4030,10,F,BK,YP,D
9:15:48,JSMR,RG,4030,5,F,BK,SQ,D
9:15:48,JSMR,RG,4030,1,F,BK,YP,D
9:15:48,JSMR,RG,4030,5,F,BK,KK,D
9:15:48,JSMR,RG,4030,20,F,BK,KK,D
9:15:48,JSMR,RG,4030,1,F,BK,YP,D
9:15:48,JSMR,RG,4030,1,F,BK,YP,D
9:15:48,JSMR,RG,4030,5,F,BK,AT,D
9:15:48,JSMR,RG,4030,78,F,BK,PD,D
9:15:48,JSMR,RG,4030,484,D,MG,PD,D
9:15:48,JSMR,RG,4030,5,D,MG,YP,D
9:15:48,JSMR,RG,4030,11,D,MG,PS,D
9:15:45,JSMR,RG,4030,68,D,BB,PS,D
9:15:45,JSMR,RG,4030,21,D,BB,PS,D
9:15:45,JSMR,RG,4030,5,D,BB,DR,D
9:15:44,JSMR,RG,4030,1,D,BB,DR,D
9:15:44,JSMR,RG,4020,4,F,BK,XC,D
9:15:44,JSMR,RG,4020,12,F,BK,CC,D
9:15:44,JSMR,RG,4020,6,F,BK,XA,D
9:15:44,JSMR,RG,4020,10,F,BK,CC,D
9:15:44,JSMR,RG,4020,10,F,BK,PD,D
9:15:44,JSMR,RG,4020,50,F,BK,PD,D
9:15:44,JSMR,RG,4020,1,F,BK,DH,D
9:15:44,JSMR,RG,4020,3,F,BK,DR,D
9:15:44,JSMR,RG,4020,5,F,BK,CC,D
9:15:44,JSMR,RG,4020,10,F,BK,YP,D
9:15:44,JSMR,RG,4020,50,F,BK,CC,D
9:15:44,JSMR,RG,4020,5,F,BK,YP,D
9:15:44,JSMR,RG,4020,10,F,BK,PD,D
9:15:44,JSMR,RG,4020,10,F,BK,CP,D
9:15:44,JSMR,RG,4020,1,F,BK,CC,D
9:15:44,JSMR,RG,4020,1,F,BK,NI,D
9:15:44,JSMR,RG,4020,3,F,BK,YP,D
9:15:44,JSMR,RG,4020,30,F,BK,KK,D
9:15:44,JSMR,RG,4020,50,F,BK,DR,D
9:15:44,JSMR,RG,4020,39,F,BK,NI,D
9:15:44,JSMR,RG,4020,1,F,BK,YP,D
9:15:44,JSMR,RG,4020,15,F,BK,KK,D
9:15:44,JSMR,RG,4020,1,F,BK,YP,D
9:15:44,JSMR,RG,4020,25,F,BK,KK,D
9:15:44,JSMR,RG,4020,1,F,BK,YP,D
9:15:44,JSMR,RG,4020,11,F,BK,CC,D
9:15:44,JSMR,RG,4020,1,F,BK,YP,D
9:15:44,JSMR,RG,4020,1,F,BK,DH,D
9:15:44,JSMR,RG,4020,10,F,BK,PD,D
9:15:42,JSMR,RG,4020,11,D,BB,PD,D
9:15:41,JSMR,RG,4020,4,D,BB,PD,D
9:15:40,JSMR,RG,4020,35,D,BB,PD,D
9:15:40,JSMR,RG,4020,12,D,BB,SQ,D
9:15:39,JSMR,RG,4020,18,D,BB,SQ,D
9:15:39,JSMR,RG,4020,10,D,BB,LG,D
9:15:39,JSMR,RG,4020,30,D,BB,PD,D
9:15:39,JSMR,RG,4020,5,D,BB,YP,D
9:15:38,JSMR,RG,4010,2,F,BK,XC,D
9:15:38,JSMR,RG,4010,151,F,BK,XC,D
9:15:38,JSMR,RG,4010,24,D,MG,XC,D
9:15:38,JSMR,RG,4010,6,D,MG,NI,D
9:15:38,JSMR,RG,4010,60,D,MG,YP,D
9:15:38,JSMR,RG,4010,1,D,MG,CC,D
9:15:38,JSMR,RG,4010,3,D,MG,YP,D
9:15:38,JSMR,RG,4010,5,D,MG,YP,D
9:15:38,JSMR,RG,4010,1,D,MG,PD,D
9:15:36,JSMR,RG,4010,9,D,BB,PD,D
9:15:36,JSMR,RG,4010,10,D,BB,DR,D
9:15:36,JSMR,RG,4010,1,D,BB,GR,D
9:15:36,JSMR,RG,4010,10,D,BB,XC,D
9:15:36,JSMR,RG,4010,1,D,BB,CC,D
9:15:36,JSMR,RG,4010,12,D,BB,XC,D
9:15:36,JSMR,RG,4010,218,D,BB,YP,D
9:15:35,JSMR,RG,4010,250,F,BK,YP,D
9:15:35,JSMR,RG,4010,32,F,BK,YP,D
9:15:35,JSMR,RG,4010,30,F,BK,KK,D
9:15:35,JSMR,RG,4010,1,F,BK,CC,D
9:15:35,JSMR,RG,4010,10,F,BK,NI,D
9:15:35,JSMR,RG,4010,10,F,BK,YP,D
9:15:35,JSMR,RG,4010,9,F,BK,KK,D
9:15:35,JSMR,RG,4010,20,F,BK,YP,D
9:15:35,JSMR,RG,4010,2,F,BK,YP,D
9:15:35,JSMR,RG,4010,5,F,BK,CC,D
9:15:35,JSMR,RG,4010,1,F,BK,PD,D
9:15:35,JSMR,RG,4010,15,F,BK,DR,D
9:15:35,JSMR,RG,4010,115,F,BK,SQ,D
9:15:34,JSMR,RG,4010,10,D,BB,SQ,D
9:15:34,JSMR,RG,4010,5,D,BB,YP,D
9:15:34,JSMR,RG,4010,2,D,BB,XC,D
9:15:34,JSMR,RG,4010,50,D,BB,DR,D
9:15:34,JSMR,RG,4010,1,D,BB,PD,D
9:15:33,JSMR,RG,4000,5,D,AZ,PD,D
9:15:33,JSMR,RG,4000,30,D,AZ,PD,D
9:15:33,JSMR,RG,4000,1,D,AZ,XC,D
9:15:33,JSMR,RG,4000,2,D,AZ,PD,D
9:15:33,JSMR,RG,4000,1,D,AZ,KK,D
9:15:33,JSMR,RG,4000,10,D,AZ,XC,D
9:15:33,JSMR,RG,4000,1,D,AZ,IF,D
9:15:33,JSMR,RG,4000,5,D,AZ,NI,D
9:15:33,JSMR,RG,4000,13,D,AZ,CC,D
9:15:33,JSMR,RG,4000,14,F,BK,CC,D
9:15:33,JSMR,RG,4000,5,F,BK,EP,D
9:15:33,JSMR,RG,4000,1,F,BK,XC,D
9:15:33,JSMR,RG,4000,10,F,BK,XC,D
9:15:33,JSMR,RG,4000,150,F,BK,YP,D
9:15:33,JSMR,RG,4000,10,F,BK,CC,D
9:15:33,JSMR,RG,4000,60,F,BK,CC,D
9:15:32,JSMR,RG,4000,11,D,BB,CC,D
9:15:32,JSMR,RG,4000,15,D,BB,TF,D
9:15:32,JSMR,RG,4000,50,D,BB,NI,D
9:15:32,JSMR,RG,4000,25,D,BB,DH,D
9:15:32,JSMR,RG,4000,25,D,BB,MU,D
9:15:32,JSMR,RG,4000,12,D,BB,SQ,D
9:15:32,JSMR,RG,4000,100,D,BB,YP,D
9:15:32,JSMR,RG,4000,82,D,BB,OD,D
9:15:32,JSMR,RG,4000,25,D,BB,KK,D
9:15:32,JSMR,RG,4000,5,D,BB,CC,D
9:15:32,JSMR,RG,4000,25,D,BB,YP,D
9:15:32,JSMR,RG,4000,3,D,BB,YP,D
9:15:32,JSMR,RG,4000,5,D,BB,XC,D
9:15:32,JSMR,RG,4000,10,D,BB,YP,D
9:15:32,JSMR,RG,4000,10,D,BB,XC,D
9:15:32,JSMR,RG,4000,40,D,BB,XC,D
9:15:32,JSMR,RG,4000,10,D,BB,YP,D
9:15:32,JSMR,RG,4000,9,D,BB,KK,D
9:15:32,JSMR,RG,4000,16,D,BB,PD,D
9:15:32,JSMR,RG,4000,8,D,BB,AZ,D
9:15:32,JSMR,RG,4000,4,D,BB,PD,D
9:15:32,JSMR,RG,4000,1,D,BB,CC,D
9:15:32,JSMR,RG,4000,1,D,BB,EP,D
9:15:32,JSMR,RG,4000,1,D,BB,XC,D
9:15:32,JSMR,RG,4000,5,D,BB,CC,D
9:15:32,JSMR,RG,4000,20,F,BK,CC,D
9:15:32,JSMR,RG,4000,50,F,BK,YP,D
9:15:32,JSMR,RG,4000,2,F,BK,NI,D
9:15:32,JSMR,RG,4000,1,F,BK,PD,D
9:15:32,JSMR,RG,4000,3,F,BK,YP,D
9:15:32,JSMR,RG,4000,15,F,BK,CC,D
9:15:32,JSMR,RG,4000,20,F,BK,YU,D
9:15:32,JSMR,RG,4000,5,F,BK,XC,D
9:15:32,JSMR,RG,4000,10,F,BK,PD,D
9:15:32,JSMR,RG,4000,6,F,BK,XC,D
9:15:32,JSMR,RG,4000,3,F,BK,YP,D
9:15:32,JSMR,RG,4000,10,F,BK,CD,D
9:15:32,JSMR,RG,4000,2,F,BK,KK,D
9:15:32,JSMR,RG,4000,5,F,BK,AZ,D
9:15:32,JSMR,RG,4000,1,F,BK,CC,D
9:15:32,JSMR,RG,4000,8,F,BK,KK,D
9:15:32,JSMR,RG,4000,10,F,BK,XC,D
9:15:32,JSMR,RG,4000,2,F,BK,OD,D
9:15:32,JSMR,RG,4000,4,F,BK,YB,D
9:15:32,JSMR,RG,4000,73,F,BK,IT,D
9:15:32,JSMR,RG,4000,2,D,BB,IT,D
9:15:31,JSMR,RG,4000,25,D,ZP,IT,D
9:15:31,JSMR,RG,4000,100,D,ZP,NI,D
9:15:31,JSMR,RG,4000,118,D,ZP,NI,D
9:15:31,JSMR,RG,4000,7,D,ZP,OD,D
9:15:31,JSMR,RG,4000,13,F,BK,OD,D
9:15:31,JSMR,RG,4000,237,F,BK,GR,D
9:15:31,JSMR,RG,4000,263,D,AG,GR,D
9:15:31,JSMR,RG,4000,60,D,AG,NI,D
9:15:31,JSMR,RG,4000,30,D,AG,YU,D
9:15:31,JSMR,RG,4000,6,D,AG,XC,D
9:15:31,JSMR,RG,4000,100,D,AG,DH,D
9:15:31,JSMR,RG,4000,50,D,AG,DX,D
9:15:31,JSMR,RG,4000,50,D,AG,IP,D
9:15:31,JSMR,RG,4000,50,D,AG,YP,D
9:15:31,JSMR,RG,4000,26,D,AG,YP,D
9:15:31,JSMR,RG,4000,25,D,AG,YP,D
9:15:31,JSMR,RG,4000,1,D,AG,YP,D
9:15:31,JSMR,RG,4000,5,D,AG,KK,D
9:15:31,JSMR,RG,4000,9,D,AG,KK,D
9:15:31,JSMR,RG,4000,1,D,AG,YP,D
9:15:31,JSMR,RG,4000,1,D,AG,YP,D
9:15:31,JSMR,RG,4000,1,D,AG,YP,D
9:15:31,JSMR,RG,4000,1,D,AG,YP,D
9:15:31,JSMR,RG,4000,4,D,AG,CC,D
9:15:31,JSMR,RG,4000,2,D,AG,YP,D
9:15:31,JSMR,RG,4000,10,D,AG,CC,D
9:15:31,JSMR,RG,4000,5,D,AG,AT,D
9:15:31,JSMR,RG,4000,5,D,AG,AT,D
9:15:31,JSMR,RG,4000,1,D,AG,YP,D
9:15:31,JSMR,RG,4000,1,D,AG,PD,D
9:15:31,JSMR,RG,4000,20,D,AG,SQ,D
9:15:31,JSMR,RG,4000,50,D,AG,LS,D
9:15:31,JSMR,RG,4000,50,D,AG,LS,D
9:15:31,JSMR,RG,4000,1,D,AG,YP,D
9:15:31,JSMR,RG,4000,1,D,AG,LG,D
9:15:31,JSMR,RG,4000,10,D,AG,PD,D
9:15:31,JSMR,RG,4000,10,D,AG,PD,D
9:15:31,JSMR,RG,4000,50,D,AG,LS,D
9:15:31,JSMR,RG,4000,500,D,AG,GR,D
9:15:31,JSMR,RG,4000,2,D,AG,PD,D
9:15:31,JSMR,RG,4000,2,D,AG,AZ,D
9:15:31,JSMR,RG,4000,4,D,AG,SQ,D
9:15:31,JSMR,RG,4000,2,D,AG,EP,D
9:15:31,JSMR,RG,4000,5,D,AG,DR,D
9:15:31,JSMR,RG,4000,250,D,AG,SH,D
9:15:31,JSMR,RG,4000,5,D,AG,YP,D
9:15:31,JSMR,RG,4000,4,D,AG,EP,D
9:15:31,JSMR,RG,4000,50,D,AG,CC,D
9:15:31,JSMR,RG,4000,277,D,AG,FZ,D
9:15:27,JSMR,RG,4000,29,D,BB,FZ,D
9:15:23,JSMR,RG,4000,116,D,YP,FZ,D
9:15:08,JSMR,RG,4000,7,D,BB,FZ,D
9:15:08,JSMR,RG,4000,1,D,BB,FZ,D
9:15:06,JSMR,RG,4000,30,D,DR,FZ,D
9:15:05,JSMR,RG,4000,11,D,BB,FZ,D
9:15:04,JSMR,RG,3990,29,D,HP,XC,D
9:15:03,JSMR,RG,4000,16,F,BK,FZ,D
9:14:59,JSMR,RG,4000,4,D,BB,FZ,D
9:14:57,JSMR,RG,4000,17,F,BK,FZ,D
9:14:54,JSMR,RG,3990,15,D,HP,IP,D
9:14:53,JSMR,RG,3990,132,D,HP,LG,D
9:14:53,JSMR,RG,3990,9,F,CC,LG,D
9:14:53,JSMR,RG,3990,59,F,BK,LG,D
9:14:44,JSMR,RG,4000,10,D,YP,FZ,D
9:14:32,JSMR,RG,3990,40,F,BK,AI,D
9:14:14,JSMR,RG,3990,7,F,BK,HP,D
9:14:13,JSMR,RG,4000,17,F,BK,FZ,D
9:14:09,JSMR,RG,3990,12,F,BK,OD,D
9:13:59,JSMR,RG,3990,5,F,BK,PD,D
9:13:55,JSMR,RG,3990,8,F,BK,XC,D
9:13:49,JSMR,RG,3990,1,F,BK,NI,D
9:13:35,JSMR,RG,3990,5,F,BK,KK,D
9:13:24,JSMR,RG,3990,1,F,BK,PD,D
9:12:50,JSMR,RG,3990,2,F,BK,YB,D
9:12:42,JSMR,RG,4000,8,D,EP,FZ,D
9:12:41,JSMR,RG,3990,4,F,BK,YU,D
9:12:36,JSMR,RG,3990,1,F,BK,YP,D
9:12:32,JSMR,RG,3990,1,F,BK,EP,D
9:12:31,JSMR,RG,4000,250,F,BK,FZ,D
9:12:31,JSMR,RG,3990,10,F,BK,PD,D
9:12:30,JSMR,RG,4000,250,F,BK,FZ,D
9:12:29,JSMR,RG,4000,250,F,BK,FZ,D
9:12:28,JSMR,RG,4000,15,D,DR,FZ,D
9:12:28,JSMR,RG,4000,74,D,CC,FZ,D
9:12:18,JSMR,RG,3990,44,F,BK,KK,D
9:12:18,JSMR,RG,3990,6,D,PD,KK,D
9:12:17,JSMR,RG,3990,1,D,PD,PD,D
9:12:08,JSMR,RG,4000,118,F,BK,FZ,D
9:12:08,JSMR,RG,4000,20,F,BK,HP,D
9:12:08,JSMR,RG,4000,1,F,BK,EP,D
9:12:08,JSMR,RG,4000,100,F,BK,YU,D
9:12:08,JSMR,RG,4000,11,F,BK,TP,D
9:12:01,JSMR,RG,3990,5,D,PD,YB,D
9:11:58,JSMR,RG,3990,5,D,PD,CC,D
9:11:53,JSMR,RG,3990,5,D,PD,KK,D
9:11:53,JSMR,RG,4000,10,D,DX,TP,D
9:11:47,JSMR,RG,3990,165,F,BK,YP,D
9:11:46,JSMR,RG,3990,7,D,OD,YP,D
9:11:46,JSMR,RG,3990,2,D,EP,YP,D
9:11:46,JSMR,RG,3990,1,D,EP,YP,D
9:11:46,JSMR,RG,3990,200,F,BK,YP,D
9:11:46,JSMR,RG,3990,25,D,YP,YP,D
9:11:43,JSMR,RG,4000,5,D,YP,TP,D
9:11:42,JSMR,RG,4000,5,D,YP,TP,D
9:11:41,JSMR,RG,4000,1,D,EP,TP,D
9:11:41,JSMR,RG,4000,1,D,EP,PD,D
9:11:38,JSMR,RG,3990,2,D,YP,PD,D
9:11:27,JSMR,RG,3990,20,D,YP,YP,D
