Time,Stock,Brd,Price,Qty,BT,BC,SC,ST
15:11:28,JSMR,RG,4200,5,F,PD,PD,D
15:08:39,JSMR,RG,4200,5,F,PD,CP,D
15:07:12,JSMR,RG,4200,5,F,PD,DR,D
15:06:40,JSMR,RG,4200,10,F,PD,CC,D
15:05:00,JSMR,RG,4200,11,F,PD,KK,D
15:05:00,JSMR,RG,4200,11,F,PD,YB,D
15:00:00,JSMR,RG,4200,5,F,PD,OD,D
15:00:00,JSMR,RG,4200,808,F,PD,YP,D
15:00:00,JSMR,RG,4200,2,F,PD,DH,D
15:00:00,JSMR,RG,4200,1,F,PD,PD,D
15:00:00,JSMR,RG,4200,237,F,PD,KZ,F
15:00:00,JSMR,RG,4200,33,F,PD,KZ,F
15:00:00,JSMR,RG,4200,127,F,PD,KZ,F
15:00:00,JSMR,RG,4200,392,F,PD,KZ,F
15:00:00,JSMR,RG,4200,11,D,DR,KZ,F
15:00:00,JSMR,RG,4200,140,F,CS,KZ,F
15:00:00,JSMR,RG,4200,11,F,CS,KZ,F
15:00:00,JSMR,RG,4200,392,F,CS,KZ,F
15:00:00,JSMR,RG,4200,3,D,DH,KZ,F
15:00:00,JSMR,RG,4200,5,D,XL,KZ,F
15:00:00,JSMR,RG,4200,3,D,YP,PD,D
15:00:00,JSMR,RG,4200,2,D,YP,OD,D
15:00:00,JSMR,RG,4200,13,D,YP,OD,D
15:00:00,JSMR,RG,4200,37,D,YP,BK,D
15:00:00,JSMR,RG,4200,2,D,KK,BK,D
15:00:00,JSMR,RG,4200,4,D,YP,BK,D
15:00:00,JSMR,RG,4200,37,D,YP,BK,D
15:00:00,JSMR,RG,4200,135,D,NI,BK,D
15:00:00,JSMR,RG,4200,103,D,NI,OD,D
15:00:00,JSMR,RG,4200,70,D,YP,OD,D
15:00:00,JSMR,RG,4200,15,D,YP,OD,D
15:00:00,JSMR,RG,4200,25,D,YP,OD,D
15:00:00,JSMR,RG,4200,2,D,YP,OD,D
15:00:00,JSMR,RG,4200,324,D,DH,OD,D
15:00:00,JSMR,RG,4200,367,D,DH,RX,F
15:00:00,JSMR,RG,4200,23,D,DH,YU,F
15:00:00,JSMR,RG,4200,142,D,DH,DR,D
14:49:30,JSMR,RG,4200,261,F,PD,KZ,F
14:49:28,JSMR,RG,4200,81,F,PD,KZ,F
14:49:27,JSMR,RG,4200,463,F,PD,AZ,D
14:49:27,JSMR,RG,4210,10,D,GR,AZ,D
14:49:27,JSMR,RG,4210,34,F,BK,AZ,D
14:49:27,JSMR,RG,4210,24,D,PD,AZ,D
14:49:27,JSMR,RG,4210,103,D,EP,AZ,D
14:49:08,JSMR,RG,4220,20,D,BB,AZ,D
14:49:05,JSMR,RG,4220,31,D,BB,AZ,D
14:48:52,JSMR,RG,4220,7,D,BB,AZ,D
14:48:38,JSMR,RG,4220,1,D,DX,AZ,D
14:48:36,JSMR,RG,4220,3,D,BB,AZ,D
14:48:35,JSMR,RG,4210,3,D,EP,KZ,F
14:48:34,JSMR,RG,4220,4,D,BB,AZ,D
14:48:25,JSMR,RG,4230,4,D,BB,YP,D
14:48:24,JSMR,RG,4220,1,D,BB,KZ,F
14:48:17,JSMR,RG,4210,2,D,EP,KZ,F
14:48:16,JSMR,RG,4210,13,D,EP,KZ,F
14:48:16,JSMR,RG,4210,30,D,EP,CP,D
14:48:16,JSMR,RG,4210,52,D,EP,KZ,F
14:48:16,JSMR,RG,4210,97,D,EP,RX,F
14:48:14,JSMR,RG,4210,5,D,BB,RX,F
14:48:06,JSMR,RG,4210,8,D,KK,RX,F
14:48:06,JSMR,RG,4210,1,D,KK,KZ,F
14:48:06,JSMR,RG,4210,1,D,KK,KZ,F
14:48:06,JSMR,RG,4200,2,F,PD,KZ,F
14:48:05,JSMR,RG,4200,17,F,PD,KZ,F
14:48:05,JSMR,RG,4200,5,F,PD,KZ,F
14:48:05,JSMR,RG,4200,286,F,PD,KZ,F
14:48:03,JSMR,RG,4210,7,D,BB,KZ,F
14:47:50,JSMR,RG,4210,5,D,HP,KZ,F
14:47:48,JSMR,RG,4210,1,D,BB,KZ,F
14:47:48,JSMR,RG,4210,4,D,BB,AZ,D
14:47:38,JSMR,RG,4200,287,F,PD,KZ,F
14:47:38,JSMR,RG,4200,1,D,LG,KZ,F
14:47:38,JSMR,RG,4200,1,D,OD,KZ,F
14:47:38,JSMR,RG,4200,1,D,XC,KZ,F
14:47:38,JSMR,RG,4200,1,D,PD,KZ,F
14:47:38,JSMR,RG,4200,1,D,DX,KZ,F
14:47:38,JSMR,RG,4200,1,D,OD,KZ,F
14:47:38,JSMR,RG,4200,5,D,BQ,KZ,F
14:47:38,JSMR,RG,4200,5,D,KK,KZ,F
14:47:38,JSMR,RG,4200,10,D,DR,KZ,F
14:47:35,JSMR,RG,4210,11,D,BB,AZ,D
14:47:35,JSMR,RG,4210,4,D,YB,AZ,D
14:47:35,JSMR,RG,4210,11,D,PD,AZ,D
14:47:35,JSMR,RG,4210,100,D,ZP,AZ,D
14:47:35,JSMR,RG,4210,150,D,ZP,AZ,D
14:47:35,JSMR,RG,4210,1,D,YP,AZ,D
14:47:35,JSMR,RG,4210,5,D,KK,AZ,D
14:47:35,JSMR,RG,4210,1,D,PD,AZ,D
14:47:35,JSMR,RG,4210,1,D,NI,AZ,D
14:47:35,JSMR,RG,4210,1,D,CC,AZ,D
14:47:35,JSMR,RG,4210,72,D,YP,AZ,D
14:47:35,JSMR,RG,4210,35,D,YP,AZ,D
14:47:35,JSMR,RG,4210,5,D,KK,AZ,D
14:47:35,JSMR,RG,4210,20,D,YP,AZ,D
14:47:35,JSMR,RG,4210,100,D,YP,AZ,D
14:47:35,JSMR,RG,4210,10,D,YP,AZ,D
14:47:35,JSMR,RG,4210,2,D,PD,AZ,D
14:47:35,JSMR,RG,4210,1,D,PD,AZ,D
14:47:35,JSMR,RG,4210,100,D,DR,AZ,D
14:47:35,JSMR,RG,4210,5,D,CC,AZ,D
14:47:35,JSMR,RG,4210,1,D,OD,AZ,D
14:47:35,JSMR,RG,4210,60,D,ZP,AZ,D
14:47:17,JSMR,RG,4220,1,D,BB,KZ,F
14:47:09,JSMR,RG,4220,19,D,BB,KZ,F
14:47:09,JSMR,RG,4220,9,D,CS,KZ,F
14:47:08,JSMR,RG,4220,600,D,CS,AZ,D
14:47:01,JSMR,RG,4230,10,D,KK,YP,D
14:46:37,JSMR,RG,4230,23,D,BB,YP,D
14:45:57,JSMR,RG,4230,5,D,BB,YP,D
14:45:57,JSMR,RG,4230,11,D,BB,KZ,F
14:45:57,JSMR,RG,4230,6,D,BB,KZ,F
14:45:57,JSMR,RG,4230,3,D,BB,KZ,F
14:45:57,JSMR,RG,4230,8,D,BB,EP,D
14:45:34,JSMR,RG,4230,11,D,BB,YP,D
14:45:34,JSMR,RG,4230,24,F,BK,YP,D
14:45:28,JSMR,RG,4230,8,F,BK,NI,D
14:45:28,JSMR,RG,4230,2,D,LG,NI,D
14:45:02,JSMR,RG,4230,2,D,LG,KZ,F
14:45:02,JSMR,RG,4230,1,D,LG,KZ,F
14:45:02,JSMR,RG,4230,37,D,LG,KZ,F
14:45:02,JSMR,RG,4230,54,D,LG,KK,D
14:44:57,JSMR,RG,4230,23,D,BB,KK,D
14:44:50,JSMR,RG,4220,3,D,CS,LG,D
14:44:41,JSMR,RG,4220,5,D,CS,KZ,F
14:44:40,JSMR,RG,4220,10,F,AK,CC,D
14:44:40,JSMR,RG,4220,2,F,AK,KZ,F
14:44:40,JSMR,RG,4220,5,F,AK,EP,D
14:44:40,JSMR,RG,4220,38,F,AK,KZ,F
14:44:39,JSMR,RG,4220,46,D,CS,KZ,F
14:44:22,JSMR,RG,4220,55,D,CS,KZ,F
14:44:01,JSMR,RG,4220,82,D,CS,KZ,F
14:43:42,JSMR,RG,4220,6,D,BB,KZ,F
14:43:30,JSMR,RG,4220,98,D,CS,KZ,F
14:42:54,JSMR,RG,4220,4,D,CS,KZ,F
14:42:54,JSMR,RG,4220,19,D,CS,KZ,F
14:42:54,JSMR,RG,4220,10,D,CS,KZ,F
14:42:54,JSMR,RG,4220,16,D,CS,KZ,F
14:42:53,JSMR,RG,4220,14,D,CS,KZ,F
14:42:53,JSMR,RG,4220,7,D,CS,KZ,F
14:42:53,JSMR,RG,4220,12,D,CS,KZ,F
14:42:53,JSMR,RG,4220,5,D,KK,KZ,F
14:42:53,JSMR,RG,4220,1,D,CS,KZ,F
14:42:53,JSMR,RG,4220,1,D,OD,KZ,F
14:42:53,JSMR,RG,4220,4,D,CS,KZ,F
14:42:53,JSMR,RG,4220,8,D,CS,KZ,F
14:42:53,JSMR,RG,4220,12,D,CS,KZ,F
14:42:53,JSMR,RG,4220,5,D,CS,KZ,F
14:42:53,JSMR,RG,4220,35,D,BB,KZ,F
14:42:50,JSMR,RG,4230,1,D,OD,KZ,F
14:42:48,JSMR,RG,4220,1,D,BB,KZ,F
14:42:42,JSMR,RG,4230,10,D,CS,PC,D
14:42:24,JSMR,RG,4240,22,D,BB,YP,D
14:42:23,JSMR,RG,4230,341,D,ZP,AK,F
14:42:22,JSMR,RG,4230,500,D,ZP,AZ,D
14:42:22,JSMR,RG,4230,1,D,ZP,KZ,F
14:42:22,JSMR,RG,4230,40,D,ZP,YP,D
14:42:22,JSMR,RG,4230,30,D,ZP,PD,D
14:42:22,JSMR,RG,4230,28,D,ZP,NI,F
14:42:22,JSMR,RG,4230,10,D,ZP,YP,D
14:42:22,JSMR,RG,4230,350,D,ZP,PD,D
14:42:22,JSMR,RG,4230,6,D,ZP,NI,D
14:42:22,JSMR,RG,4230,5,D,ZP,PD,D
14:42:22,JSMR,RG,4230,20,D,ZP,LG,D
14:42:22,JSMR,RG,4230,2,D,ZP,YP,D
14:42:22,JSMR,RG,4230,11,D,ZP,LG,D
14:42:22,JSMR,RG,4230,19,D,ZP,KZ,F
14:42:22,JSMR,RG,4230,48,D,ZP,OD,D
14:42:22,JSMR,RG,4230,386,D,ZP,DH,D
14:42:22,JSMR,RG,4230,2,D,ZP,KZ,F
14:42:22,JSMR,RG,4230,7,D,ZP,XC,D
14:42:22,JSMR,RG,4230,1,D,ZP,KZ,F
14:42:22,JSMR,RG,4230,1,D,ZP,KZ,F
14:42:22,JSMR,RG,4230,1,D,ZP,PD,D
14:42:22,JSMR,RG,4230,148,D,ZP,KZ,F
14:42:22,JSMR,RG,4230,12,D,ZP,KZ,F
14:42:22,JSMR,RG,4230,70,D,ZP,KZ,F
14:42:22,JSMR,RG,4230,10,D,ZP,KZ,F
14:42:22,JSMR,RG,4230,20,D,ZP,YP,D
14:42:22,JSMR,RG,4230,15,D,ZP,KZ,F
14:42:22,JSMR,RG,4230,20,D,ZP,CC,D
14:42:22,JSMR,RG,4230,236,D,ZP,KZ,F
14:42:22,JSMR,RG,4230,160,D,ZP,AZ,D
14:42:10,JSMR,RG,4220,1,D,ZP,XC,D
14:42:07,JSMR,RG,4220,4,D,ZP,CS,F
14:42:07,JSMR,RG,4220,5,D,ZP,PD,D
14:42:07,JSMR,RG,4220,7,D,ZP,KZ,F
14:42:07,JSMR,RG,4220,5,D,ZP,CS,F
14:42:07,JSMR,RG,4220,2,D,ZP,OD,D
14:42:07,JSMR,RG,4220,47,D,ZP,KZ,F
14:42:07,JSMR,RG,4220,1,D,ZP,KZ,F
14:42:07,JSMR,RG,4220,90,D,ZP,KZ,F
14:42:06,JSMR,RG,4220,57,D,CS,KZ,F
14:42:06,JSMR,RG,4220,1,D,CS,YU,D
14:41:44,JSMR,RG,4220,24,D,BB,YU,D
14:41:44,JSMR,RG,4220,275,D,CS,YU,D
14:41:39,JSMR,RG,4210,50,D,ZP,PD,D
14:40:56,JSMR,RG,4230,22,D,BB,AZ,D
14:40:40,JSMR,RG,4230,1,D,CC,AZ,D
14:40:13,JSMR,RG,4230,25,D,BB,AZ,D
14:40:03,JSMR,RG,4230,1,D,CS,AZ,D
14:40:01,JSMR,RG,4230,1,D,CS,AZ,D
14:39:59,JSMR,RG,4220,2,D,CS,CS,F
14:39:59,JSMR,RG,4220,2,D,CS,KZ,F
14:39:57,JSMR,RG,4220,5,D,CS,KZ,F
14:39:57,JSMR,RG,4220,7,D,CS,CS,F
14:39:57,JSMR,RG,4220,4,D,CS,KZ,F
14:39:56,JSMR,RG,4220,1,D,YP,KZ,F
14:39:56,JSMR,RG,4220,10,D,YP,CC,D
14:39:56,JSMR,RG,4220,1,D,YP,KZ,F
14:39:56,JSMR,RG,4220,10,D,YP,PD,D
14:39:56,JSMR,RG,4220,2,D,YP,KZ,F
14:39:56,JSMR,RG,4220,73,D,YP,KZ,F
14:39:56,JSMR,RG,4220,3,D,YP,KZ,F
14:39:50,JSMR,RG,4220,19,D,CS,KZ,F
14:39:50,JSMR,RG,4220,1,D,CS,EP,D
14:39:50,JSMR,RG,4220,33,D,CS,OD,D
14:39:49,JSMR,RG,4220,17,D,YP,OD,D
14:39:49,JSMR,RG,4220,7,D,YP,CS,F
14:39:49,JSMR,RG,4220,76,D,YP,EP,D
14:39:35,JSMR,RG,4220,1,D,PD,EP,D
14:39:26,JSMR,RG,4220,1,D,PD,EP,D
14:39:26,JSMR,RG,4220,6,D,CS,EP,D
14:39:26,JSMR,RG,4220,5,D,CS,LG,D
14:39:26,JSMR,RG,4220,3,D,CS,LG,D
14:39:26,JSMR,RG,4220,92,D,CS,KZ,F
14:39:26,JSMR,RG,4220,6,D,CS,CS,F
14:39:24,JSMR,RG,4220,8,D,BB,CS,F
14:39:24,JSMR,RG,4220,1,D,BB,KZ,F
14:39:24,JSMR,RG,4220,16,D,BB,RX,F
14:38:50,JSMR,RG,4210,5,D,ZP,CC,D
14:38:38,JSMR,RG,4210,135,D,ZP,KZ,F
14:38:38,JSMR,RG,4210,10,D,YP,KZ,F
14:38:38,JSMR,RG,4210,1,D,PD,KZ,F
14:38:38,JSMR,RG,4210,1,D,OD,KZ,F
14:38:38,JSMR,RG,4210,33,D,DR,KZ,F
14:38:35,JSMR,RG,4220,137,D,CS,RX,F
14:38:34,JSMR,RG,4220,27,D,BB,RX,F
14:37:41,JSMR,RG,4220,28,D,BB,RX,F
14:37:38,JSMR,RG,4210,88,D,DR,KZ,F
14:37:34,JSMR,RG,4220,183,D,CS,RX,F
14:36:51,JSMR,RG,4220,35,D,YP,RX,F
14:36:45,JSMR,RG,4220,148,D,BB,RX,F
14:36:45,JSMR,RG,4220,7,D,BB,KZ,F
14:36:12,JSMR,RG,4220,12,D,CS,KZ,F
14:36:10,JSMR,RG,4230,15,D,CS,AZ,D
14:36:10,JSMR,RG,4220,164,D,CS,YP,D
14:36:10,JSMR,RG,4220,2,D,CS,YP,D
14:36:10,JSMR,RG,4220,3,D,CS,YP,D
14:36:10,JSMR,RG,4220,10,D,CS,YP,D
14:36:09,JSMR,RG,4220,5,D,CS,YP,D
14:36:09,JSMR,RG,4220,17,D,BB,YP,D
14:36:08,JSMR,RG,4220,1,D,BB,IF,D
14:36:08,JSMR,RG,4220,2,D,CS,IF,D
14:35:56,JSMR,RG,4220,7,D,CS,KZ,F
14:35:56,JSMR,RG,4220,13,D,CS,KZ,F
14:35:56,JSMR,RG,4220,2,D,YP,KZ,F
14:35:56,JSMR,RG,4220,5,D,CS,KZ,F
14:35:56,JSMR,RG,4220,13,D,CS,KZ,F
14:35:56,JSMR,RG,4220,9,D,CS,KZ,F
14:35:56,JSMR,RG,4220,6,D,CS,KZ,F
14:35:56,JSMR,RG,4220,1,D,CS,KZ,F
14:35:56,JSMR,RG,4220,1,D,CS,KZ,F
14:35:54,JSMR,RG,4220,6,D,CS,KK,D
14:35:54,JSMR,RG,4220,24,D,CS,KK,D
14:35:54,JSMR,RG,4220,85,D,ZP,KK,D
14:35:53,JSMR,RG,4220,1,D,ZP,KZ,F
14:35:30,JSMR,RG,4220,2,D,ZP,TP,D
14:35:27,JSMR,RG,4220,21,D,ZP,KZ,F
14:35:27,JSMR,RG,4220,43,D,ZP,PD,D
14:35:11,JSMR,RG,4220,1,D,ZP,OD,D
14:34:48,JSMR,RG,4220,12,D,ZP,KZ,F
14:34:35,JSMR,RG,4220,6,D,ZP,KZ,F
14:34:34,JSMR,RG,4220,12,D,ZP,CC,D
14:34:25,JSMR,RG,4220,26,D,ZP,CS,F
14:34:25,JSMR,RG,4220,21,D,ZP,KZ,F
14:34:25,JSMR,RG,4220,6,D,ZP,PD,D
14:34:25,JSMR,RG,4220,9,D,ZP,KZ,F
14:34:25,JSMR,RG,4220,1,D,ZP,OD,D
14:34:25,JSMR,RG,4220,50,D,ZP,OD,D
14:34:25,JSMR,RG,4220,1,D,ZP,KZ,F
14:34:25,JSMR,RG,4220,1,D,ZP,PD,D
14:34:25,JSMR,RG,4220,80,D,ZP,KZ,F
14:34:25,JSMR,RG,4220,9,D,ZP,CS,F
14:34:25,JSMR,RG,4220,6,D,ZP,CS,F
14:34:25,JSMR,RG,4220,4,D,ZP,CS,F
14:34:25,JSMR,RG,4220,10,D,ZP,CS,F
14:34:25,JSMR,RG,4220,93,D,ZP,RX,F
14:34:03,JSMR,RG,4210,1,D,DR,PD,D
14:33:39,JSMR,RG,4220,50,D,SQ,RX,F
14:33:39,JSMR,RG,4220,6,D,SQ,KZ,F
14:33:39,JSMR,RG,4220,1,D,SQ,CS,F
14:33:39,JSMR,RG,4220,3,D,SQ,CS,F
14:33:28,JSMR,RG,4210,122,D,DR,KZ,F
14:33:25,JSMR,RG,4210,247,D,DR,YP,D
14:33:03,JSMR,RG,4210,9,D,DR,KZ,F
14:33:03,JSMR,RG,4210,200,D,ZP,KZ,F
14:33:03,JSMR,RG,4210,2,D,XC,KZ,F
14:33:03,JSMR,RG,4210,59,D,YP,KZ,F
14:33:03,JSMR,RG,4210,1,D,YP,KZ,F
14:33:03,JSMR,RG,4210,4,D,YP,KZ,F
14:32:58,JSMR,RG,4210,2,D,YP,KZ,F
14:32:53,JSMR,RG,4210,87,D,YP,KZ,F
14:32:53,JSMR,RG,4210,12,D,CC,KZ,F
14:32:53,JSMR,RG,4210,5,D,CC,KZ,F
14:32:53,JSMR,RG,4210,1,D,XC,KZ,F
14:32:53,JSMR,RG,4210,9,D,DX,KZ,F
14:32:46,JSMR,RG,4210,6,D,DX,KZ,F
14:32:46,JSMR,RG,4210,1,D,OD,KZ,F
14:32:46,JSMR,RG,4210,5,D,CC,KZ,F
14:32:46,JSMR,RG,4210,1,D,PD,KZ,F
14:32:46,JSMR,RG,4210,3,D,EP,KZ,F
14:32:46,JSMR,RG,4210,3,D,EP,KZ,F
14:32:46,JSMR,RG,4210,1,D,XC,KZ,F
14:32:46,JSMR,RG,4210,1,D,XA,KZ,F
14:32:46,JSMR,RG,4210,52,D,YP,KZ,F
14:32:46,JSMR,RG,4210,20,D,IT,KZ,F
14:32:46,JSMR,RG,4220,9,D,BB,KZ,F
14:32:46,JSMR,RG,4220,1,D,BB,CS,F
14:32:46,JSMR,RG,4220,8,D,BB,CS,F
14:32:46,JSMR,RG,4220,1,D,CS,OD,D
14:32:45,JSMR,RG,4220,28,D,CS,YP,D
14:32:45,JSMR,RG,4220,113,D,CS,YP,D
14:32:45,JSMR,RG,4220,35,D,CP,YP,D
14:32:45,JSMR,RG,4220,24,D,CC,YP,D
14:32:45,JSMR,RG,4220,146,D,CS,YP,D
14:32:45,JSMR,RG,4220,25,D,BB,YP,D
14:32:45,JSMR,RG,4220,1,D,YP,YP,D
14:32:45,JSMR,RG,4220,5,D,CC,YP,D
14:32:45,JSMR,RG,4220,7,D,YP,YP,D
14:32:45,JSMR,RG,4220,10,D,YP,YP,D
14:32:45,JSMR,RG,4220,50,D,PD,YP,D
14:32:45,JSMR,RG,4220,2,D,YP,YP,D
14:32:45,JSMR,RG,4220,1,D,PD,YP,D
14:32:45,JSMR,RG,4220,1,D,OD,YP,D
14:32:45,JSMR,RG,4220,100,D,YP,YP,D
14:32:45,JSMR,RG,4220,1,D,KK,YP,D
14:32:45,JSMR,RG,4220,1,D,DR,YP,D
14:32:45,JSMR,RG,4220,150,D,ZP,YP,D
14:32:26,JSMR,RG,4230,1,D,NI,AZ,D
14:32:20,JSMR,RG,4230,56,D,BB,AZ,D
14:31:37,JSMR,RG,4220,1,D,ZP,OD,D
14:31:15,JSMR,RG,4230,218,D,CS,AZ,D
14:31:15,JSMR,RG,4230,1,D,CS,KK,D
14:31:15,JSMR,RG,4230,10,D,CS,KZ,F
14:31:15,JSMR,RG,4230,66,D,CS,KZ,F
14:30:18,JSMR,RG,4230,5,D,SQ,KZ,F
14:30:08,JSMR,RG,4220,5,D,ZP,CC,D
14:30:02,JSMR,RG,4220,10,D,ZP,CC,D
14:29:00,JSMR,RG,4230,2,D,XC,KZ,F
14:28:50,JSMR,RG,4230,2,D,BB,KZ,F
14:28:43,JSMR,RG,4230,8,D,YP,KZ,F
14:28:43,JSMR,RG,4230,1,D,YP,OD,D
14:28:43,JSMR,RG,4230,20,D,YP,KK,D
14:28:43,JSMR,RG,4230,21,D,YP,KZ,F
14:28:28,JSMR,RG,4230,142,D,CS,KZ,F
14:28:27,JSMR,RG,4230,1,D,XC,KZ,F
14:28:26,JSMR,RG,4230,95,D,CS,AZ,D
14:28:26,JSMR,RG,4230,21,D,BB,AZ,D
14:28:26,JSMR,RG,4230,2,D,PD,AZ,D
14:28:26,JSMR,RG,4230,50,D,CS,AZ,D
14:28:26,JSMR,RG,4230,332,D,ZP,AZ,D
14:28:18,JSMR,RG,4230,1,D,ZP,KZ,F
14:28:18,JSMR,RG,4230,1,D,ZP,OD,D
14:28:13,JSMR,RG,4230,5,D,ZP,KZ,F
14:27:54,JSMR,RG,4230,10,D,ZP,CC,D
14:27:48,JSMR,RG,4230,1,D,ZP,GR,D
14:27:38,JSMR,RG,4230,11,D,ZP,KZ,F
14:27:36,JSMR,RG,4230,23,D,ZP,KK,D
14:27:18,JSMR,RG,4230,1,D,ZP,KZ,F
14:27:01,JSMR,RG,4230,15,D,ZP,KZ,F
14:27:01,JSMR,RG,4230,13,D,BB,KZ,F
14:27:00,JSMR,RG,4230,8,D,BB,YP,D
14:27:00,JSMR,RG,4230,2,D,XC,YP,D
14:26:58,JSMR,RG,4240,47,D,BB,YP,D
14:26:54,JSMR,RG,4230,1,D,XC,XC,D
14:26:53,JSMR,RG,4230,1,D,XC,GR,D
14:26:38,JSMR,RG,4230,1,D,XC,KZ,F
14:26:33,JSMR,RG,4230,40,D,CS,KZ,F
14:26:33,JSMR,RG,4230,15,D,YP,KZ,F
14:26:33,JSMR,RG,4230,27,D,YP,KZ,F
14:26:31,JSMR,RG,4230,1,D,YP,KZ,F
14:26:30,JSMR,RG,4230,2,D,YP,HP,D
14:26:11,JSMR,RG,4230,5,D,YP,YP,D
14:25:25,JSMR,RG,4240,49,D,BB,YP,D
14:25:18,JSMR,RG,4230,1,D,CS,CS,F
14:25:16,JSMR,RG,4240,1,D,CS,YP,D
14:25:16,JSMR,RG,4230,1,D,CS,CS,F
14:25:14,JSMR,RG,4240,7,D,CS,YP,D
14:25:13,JSMR,RG,4230,1,D,CS,CS,F
14:25:13,JSMR,RG,4230,2,D,CS,CS,F
14:25:13,JSMR,RG,4230,100,D,CS,YP,D
14:25:13,JSMR,RG,4230,2,D,CS,OD,D
14:25:10,JSMR,RG,4230,2,D,CS,KZ,F
14:25:09,JSMR,RG,4230,4,D,EP,KZ,F
14:25:09,JSMR,RG,4230,6,D,BB,KZ,F
14:25:09,JSMR,RG,4230,24,D,BB,CC,D
14:25:05,JSMR,RG,4230,43,D,BB,KZ,F
14:25:05,JSMR,RG,4230,56,D,ZP,KZ,F
14:25:03,JSMR,RG,4230,4,D,ZP,KZ,F
14:25:02,JSMR,RG,4230,150,D,ZP,YP,D
14:25:02,JSMR,RG,4240,50,D,YP,YP,D
14:24:38,JSMR,RG,4230,1,D,ZP,KZ,F
14:24:22,JSMR,RG,4240,10,D,YP,YP,D
14:24:16,JSMR,RG,4230,50,D,ZP,KZ,F
14:24:16,JSMR,RG,4230,100,D,ZP,YP,D
14:24:16,JSMR,RG,4230,2,D,ZP,KZ,F
14:24:16,JSMR,RG,4230,42,D,ZP,KZ,F
14:24:16,JSMR,RG,4230,4,D,ZP,KZ,F
14:24:16,JSMR,RG,4230,1,D,ZP,OD,D
14:24:16,JSMR,RG,4230,90,D,ZP,YU,D
14:23:52,JSMR,RG,4230,10,D,CS,YU,D
14:23:52,JSMR,RG,4230,1,D,CS,KZ,F
14:23:52,JSMR,RG,4230,1,D,CS,XC,D
14:23:52,JSMR,RG,4230,72,D,CS,KZ,F
14:23:22,JSMR,RG,4230,1,D,DX,KZ,F
14:22:59,JSMR,RG,4230,49,D,YP,KZ,F
14:22:59,JSMR,RG,4230,31,D,YP,OD,D
14:22:55,JSMR,RG,4230,19,D,CS,OD,D
14:22:55,JSMR,RG,4230,113,D,CS,YP,D
14:22:54,JSMR,RG,4230,87,D,BB,YP,D
14:21:46,JSMR,RG,4230,20,D,ZP,CS,F
14:21:46,JSMR,RG,4230,1,D,ZP,OD,D
14:21:46,JSMR,RG,4230,11,D,ZP,CC,D
14:21:46,JSMR,RG,4230,55,D,ZP,XC,D
14:21:46,JSMR,RG,4230,1,D,ZP,YU,D
14:21:46,JSMR,RG,4230,49,D,ZP,KZ,F
14:21:46,JSMR,RG,4230,33,D,ZP,NI,D
14:21:46,JSMR,RG,4230,61,D,ZP,KZ,F
14:21:29,JSMR,RG,4220,34,D,ZP,KZ,F
14:21:29,JSMR,RG,4220,1,D,DR,KZ,F
14:21:29,JSMR,RG,4220,27,D,IT,KZ,F
14:21:28,JSMR,RG,4220,12,D,IT,KZ,F
14:21:28,JSMR,RG,4220,1,D,IT,KZ,F
14:21:26,JSMR,RG,4230,8,D,CS,KZ,F
14:21:26,JSMR,RG,4230,143,D,CS,RX,F
14:21:14,JSMR,RG,4220,1,D,IT,OD,D
14:20:59,JSMR,RG,4220,1,D,IT,XC,D
14:20:50,JSMR,RG,4220,24,D,IT,CC,D
14:20:24,JSMR,RG,4220,6,D,IT,EP,D
14:20:02,JSMR,RG,4230,94,D,BB,RX,F
14:19:47,JSMR,RG,4220,78,D,IT,KZ,F
14:19:44,JSMR,RG,4220,18,D,IT,XC,D
14:19:44,JSMR,RG,4230,1,D,OD,RX,F
14:19:43,JSMR,RG,4220,1,D,IT,KZ,F
14:19:42,JSMR,RG,4230,139,D,CS,RX,F
14:19:42,JSMR,RG,4230,1,D,CS,KZ,F
14:19:42,JSMR,RG,4230,33,D,CS,KZ,F
14:19:32,JSMR,RG,4220,1,D,IT,OD,D
14:19:21,JSMR,RG,4220,2,D,IT,XA,D
14:18:53,JSMR,RG,4220,1,D,IT,KZ,F
14:18:53,JSMR,RG,4220,24,D,IT,KZ,F
14:18:51,JSMR,RG,4230,1,D,OD,KZ,F
14:18:48,JSMR,RG,4230,7,D,CS,YU,D
14:18:48,JSMR,RG,4230,12,D,CS,YU,D
14:18:48,JSMR,RG,4230,20,D,DR,YU,D
14:18:48,JSMR,RG,4230,3,D,EP,YU,D
14:18:48,JSMR,RG,4230,27,D,CS,YU,D
14:18:48,JSMR,RG,4230,44,D,LG,YU,D
14:18:42,JSMR,RG,4240,1,D,OD,YP,D
14:18:35,JSMR,RG,4240,1,D,CS,YP,D
14:18:35,JSMR,RG,4240,1,D,CS,YP,D
14:18:35,JSMR,RG,4240,1,D,CS,YP,D
14:18:34,JSMR,RG,4240,1,D,CS,YP,D
14:18:34,JSMR,RG,4240,1,D,XC,YP,D
14:17:32,JSMR,RG,4240,2,D,CS,CC,D
14:17:32,JSMR,RG,4240,4,D,CS,KZ,F
14:17:32,JSMR,RG,4240,29,D,ZP,KZ,F
14:17:32,JSMR,RG,4240,14,D,ZP,LG,D
14:17:32,JSMR,RG,4240,53,D,ZP,NI,D
14:17:32,JSMR,RG,4240,3,D,ZP,KZ,F
14:17:32,JSMR,RG,4240,31,D,ZP,KZ,F
14:17:32,JSMR,RG,4240,8,D,ZP,LG,D
14:17:32,JSMR,RG,4240,15,D,ZP,KZ,F
14:17:32,JSMR,RG,4240,56,D,ZP,YU,D
14:17:32,JSMR,RG,4240,1,D,ZP,KZ,F
14:17:32,JSMR,RG,4240,3,D,ZP,DX,D
14:17:32,JSMR,RG,4240,5,D,ZP,KZ,F
14:17:32,JSMR,RG,4240,11,D,ZP,KK,D
14:17:32,JSMR,RG,4240,47,D,ZP,KZ,F
14:17:32,JSMR,RG,4240,7,D,ZP,XC,D
14:17:32,JSMR,RG,4240,100,D,ZP,DR,D
14:17:32,JSMR,RG,4240,2,D,ZP,YP,D
14:17:32,JSMR,RG,4240,3,D,ZP,BQ,D
14:17:32,JSMR,RG,4240,55,D,ZP,YU,D
14:17:32,JSMR,RG,4240,50,D,ZP,OD,D
14:17:32,JSMR,RG,4240,17,D,ZP,KZ,F
14:17:11,JSMR,RG,4230,5,D,LG,XC,D
14:16:57,JSMR,RG,4240,98,D,BB,KZ,F
14:16:57,JSMR,RG,4240,10,D,BB,AZ,D
14:16:57,JSMR,RG,4240,1,D,BB,YP,D
14:16:57,JSMR,RG,4240,35,D,BB,NI,D
14:16:57,JSMR,RG,4240,1,D,BB,CC,D
14:16:57,JSMR,RG,4240,62,D,BB,YU,D
14:16:57,JSMR,RG,4240,2,D,BB,CC,D
14:16:55,JSMR,RG,4230,14,D,LG,CS,F
14:16:55,JSMR,RG,4230,13,D,LG,CS,F
14:16:55,JSMR,RG,4230,3,D,LG,KZ,F
14:16:55,JSMR,RG,4230,7,D,LG,KZ,F
14:16:55,JSMR,RG,4230,6,D,LG,KZ,F
14:16:54,JSMR,RG,4230,4,D,CS,KZ,F
14:16:54,JSMR,RG,4230,6,D,CS,CS,F
14:16:54,JSMR,RG,4230,1,D,CS,OD,D
14:16:54,JSMR,RG,4230,1,D,CS,XC,D
14:16:47,JSMR,RG,4220,24,D,IT,CC,D
14:16:45,JSMR,RG,4230,5,D,CS,XC,D
14:16:45,JSMR,RG,4230,1,D,CS,KZ,F
14:16:45,JSMR,RG,4230,7,D,CS,KZ,F
14:16:41,JSMR,RG,4220,5,D,IT,PD,D
14:16:36,JSMR,RG,4230,13,D,CS,KZ,F
14:16:26,JSMR,RG,4230,4,D,CS,KZ,F
14:16:26,JSMR,RG,4230,10,D,CS,CC,D
14:16:17,JSMR,RG,4230,1,D,OD,CC,D
14:16:16,JSMR,RG,4230,39,D,CS,CC,D
14:15:48,JSMR,RG,4230,2,D,CS,KZ,F
14:15:47,JSMR,RG,4240,1,D,CS,NI,D
14:15:47,JSMR,RG,4230,4,F,AK,CS,F
14:15:46,JSMR,RG,4230,1,F,AK,KZ,F
14:15:46,JSMR,RG,4230,1,F,AK,CS,F
14:15:45,JSMR,RG,4230,2,D,CS,CS,F
14:15:45,JSMR,RG,4230,11,D,CS,KZ,F
14:15:35,JSMR,RG,4230,13,D,CS,KZ,F
14:14:51,JSMR,RG,4230,1,D,OD,KZ,F
14:14:48,JSMR,RG,4230,51,D,ZP,RX,F
14:14:48,JSMR,RG,4230,1,D,ZP,KZ,F
14:14:48,JSMR,RG,4230,1,D,ZP,OD,D
14:14:48,JSMR,RG,4230,10,D,ZP,KZ,F
14:14:48,JSMR,RG,4230,20,D,ZP,YP,D
14:14:48,JSMR,RG,4230,26,D,ZP,KZ,F
14:14:48,JSMR,RG,4230,3,D,ZP,CS,F
14:14:48,JSMR,RG,4230,50,D,ZP,OD,D
14:14:48,JSMR,RG,4230,25,D,ZP,KZ,F
14:14:48,JSMR,RG,4230,52,D,ZP,RX,F
14:14:48,JSMR,RG,4230,1,D,ZP,KZ,F
14:13:18,JSMR,RG,4230,5,D,CS,KZ,F
14:13:18,JSMR,RG,4230,10,D,CS,KZ,F
14:13:17,JSMR,RG,4230,12,D,CS,KZ,F
14:13:17,JSMR,RG,4230,9,D,CS,KZ,F
14:13:16,JSMR,RG,4230,94,D,CS,KZ,F
14:13:15,JSMR,RG,4230,49,D,BB,KZ,F
14:13:15,JSMR,RG,4230,66,D,CS,KZ,F
14:13:15,JSMR,RG,4230,75,D,CS,PC,D
14:13:15,JSMR,RG,4230,425,D,CS,PC,D
14:12:44,JSMR,RG,4220,24,D,IT,CC,D
14:12:41,JSMR,RG,4230,1,D,CS,OD,D
14:12:40,JSMR,RG,4230,2,D,CC,KZ,F
14:12:40,JSMR,RG,4230,68,D,BB,KZ,F
14:12:40,JSMR,RG,4230,34,D,BB,KZ,F
14:12:40,JSMR,RG,4230,1,D,CC,KZ,F
14:12:40,JSMR,RG,4230,200,D,ZP,KZ,F
14:12:40,JSMR,RG,4230,92,D,LG,KZ,F
14:12:40,JSMR,RG,4230,15,D,YP,KZ,F
14:11:39,JSMR,RG,4240,9,D,YP,YP,D
14:10:33,JSMR,RG,4240,21,D,YP,YP,D
14:10:33,JSMR,RG,4240,1,D,YP,YP,D
14:10:33,JSMR,RG,4240,1,D,YP,OD,D
14:10:33,JSMR,RG,4240,59,D,YP,YP,D
14:10:33,JSMR,RG,4240,18,D,YP,KK,D
14:09:50,JSMR,RG,4230,5,D,YP,NI,D
14:09:23,JSMR,RG,4240,5,D,YP,KK,D
14:09:23,JSMR,RG,4240,2,D,YP,YP,D
14:09:23,JSMR,RG,4240,3,D,YP,YU,D
14:09:16,JSMR,RG,4240,15,D,YP,YU,D
14:09:09,JSMR,RG,4240,5,D,YP,YU,D
14:09:03,JSMR,RG,4240,15,D,YP,YU,D
14:08:39,JSMR,RG,4230,10,D,YP,CC,D
14:08:39,JSMR,RG,4230,3,D,CC,CC,D
14:08:39,JSMR,RG,4230,6,D,YP,CC,D
14:08:39,JSMR,RG,4230,5,D,CC,CC,D
14:08:01,JSMR,RG,4240,1,D,ZP,OD,D
14:08:01,JSMR,RG,4240,2,D,ZP,CC,D
14:08:01,JSMR,RG,4240,89,D,ZP,RX,F
14:08:01,JSMR,RG,4240,20,D,ZP,CS,F
14:08:01,JSMR,RG,4240,1,D,ZP,YP,D
14:08:01,JSMR,RG,4240,100,D,ZP,CC,D
14:08:01,JSMR,RG,4240,50,D,ZP,YU,D
14:08:01,JSMR,RG,4240,2,D,ZP,DX,D
14:08:01,JSMR,RG,4240,20,D,ZP,SQ,D
14:08:01,JSMR,RG,4240,5,D,ZP,XC,D
14:08:01,JSMR,RG,4240,1,D,ZP,PD,D
14:08:01,JSMR,RG,4240,50,D,ZP,OD,D
14:08:01,JSMR,RG,4240,2,D,ZP,OD,D
14:08:01,JSMR,RG,4240,25,D,ZP,OD,D
14:08:01,JSMR,RG,4240,5,D,ZP,YP,D
14:08:01,JSMR,RG,4240,9,D,ZP,CS,F
14:08:01,JSMR,RG,4240,7,D,ZP,PD,D
14:08:01,JSMR,RG,4240,5,D,ZP,LG,D
14:08:01,JSMR,RG,4240,12,D,ZP,LG,D
14:08:01,JSMR,RG,4240,5,D,ZP,CP,D
14:08:01,JSMR,RG,4240,8,D,ZP,YP,D
14:08:01,JSMR,RG,4240,2,D,ZP,CS,F
14:08:01,JSMR,RG,4240,46,D,ZP,YP,D
14:07:28,JSMR,RG,4230,3,D,CC,CC,D
14:07:19,JSMR,RG,4230,92,D,CC,XC,D
14:07:19,JSMR,RG,4230,1,D,OD,XC,D
14:07:19,JSMR,RG,4230,2,D,BB,XC,D
14:06:06,JSMR,RG,4230,1,D,BB,OD,D
14:05:28,JSMR,RG,4240,54,D,BB,YP,D
14:05:28,JSMR,RG,4240,41,D,BB,RX,F
14:05:01,JSMR,RG,4230,6,D,BB,YP,D
14:05:01,JSMR,RG,4230,4,D,ZP,YP,D
14:03:26,JSMR,RG,4230,20,D,ZP,OD,D
14:03:15,JSMR,RG,4230,5,D,ZP,YP,D
14:03:14,JSMR,RG,4230,1,D,ZP,KK,D
14:02:44,JSMR,RG,4230,1,D,ZP,OD,D
14:02:26,JSMR,RG,4240,18,D,XC,RX,F
14:02:14,JSMR,RG,4240,1,D,OD,RX,F
14:02:07,JSMR,RG,4240,37,D,BB,RX,F
14:02:07,JSMR,RG,4240,1,D,BB,CS,F
14:01:52,JSMR,RG,4230,5,D,ZP,LG,D
14:01:43,JSMR,RG,4230,3,D,ZP,LG,D
14:01:35,JSMR,RG,4230,5,D,ZP,PD,D
14:01:32,JSMR,RG,4230,1,D,ZP,AZ,D
14:01:20,JSMR,RG,4240,5,D,KK,CS,F
14:01:20,JSMR,RG,4240,6,D,KK,XC,D
14:01:17,JSMR,RG,4230,3,D,ZP,YP,D
14:00:54,JSMR,RG,4230,101,D,ZP,PD,D
14:00:14,JSMR,RG,4240,5,D,NI,XC,D
14:00:02,JSMR,RG,4240,1,D,NI,YP,D
14:00:02,JSMR,RG,4240,50,D,NI,PD,D
14:00:02,JSMR,RG,4240,13,D,NI,PD,D
14:00:02,JSMR,RG,4240,1,D,NI,GR,D
14:00:02,JSMR,RG,4240,30,D,NI,YU,D
13:59:30,JSMR,RG,4240,10,D,CC,YU,D
13:59:07,JSMR,RG,4230,51,D,ZP,GR,D
13:59:07,JSMR,RG,4230,9,D,BB,GR,D
13:59:07,JSMR,RG,4230,20,D,YP,GR,D
13:59:04,JSMR,RG,4230,24,D,YP,CC,D
13:58:42,JSMR,RG,4250,10,D,BB,XC,D
13:58:42,JSMR,RG,4250,10,D,BB,PD,D
13:58:42,JSMR,RG,4250,4,D,BB,YP,D
13:58:42,JSMR,RG,4250,1,D,BB,YP,D
13:58:42,JSMR,RG,4250,5,D,BB,CC,D
13:58:42,JSMR,RG,4250,120,D,BB,CC,D
13:58:42,JSMR,RG,4250,2,D,BB,SQ,D
13:58:42,JSMR,RG,4250,1,D,BB,XC,D
13:58:42,JSMR,RG,4250,1,D,BB,PD,D
13:58:42,JSMR,RG,4250,1,D,BB,PD,D
13:58:42,JSMR,RG,4240,3,D,BB,YP,D
13:58:41,JSMR,RG,4240,4,D,BB,CS,F
13:58:41,JSMR,RG,4240,5,D,BB,YU,D
13:58:41,JSMR,RG,4240,1,D,BB,OD,D
13:58:41,JSMR,RG,4240,1,D,BB,EP,D
13:58:38,JSMR,RG,4240,49,D,ZP,EP,D
13:58:38,JSMR,RG,4240,25,D,ZP,LG,D
13:58:38,JSMR,RG,4240,11,D,ZP,CS,F
13:58:38,JSMR,RG,4240,15,D,ZP,XC,D
13:58:28,JSMR,RG,4230,24,D,YP,CC,D
13:58:12,JSMR,RG,4230,24,D,YP,CC,D
13:57:55,JSMR,RG,4240,10,D,YP,XC,D
13:57:49,JSMR,RG,4240,3,D,YP,YP,D
13:57:42,JSMR,RG,4240,5,D,YP,YP,D
13:57:35,JSMR,RG,4240,30,D,YP,YP,D
13:57:34,JSMR,RG,4230,8,D,YP,CC,D
13:57:34,JSMR,RG,4230,7,D,BB,CC,D
13:57:34,JSMR,RG,4230,35,D,YP,CC,D
13:57:19,JSMR,RG,4230,7,D,YP,LG,D
13:57:10,JSMR,RG,4230,4,D,YP,LG,D
13:57:09,JSMR,RG,4240,62,D,BB,YP,D
13:57:09,JSMR,RG,4240,22,D,BB,YU,D
13:56:53,JSMR,RG,4240,19,D,BB,YU,D
13:56:53,JSMR,RG,4240,58,D,YP,YU,D
13:56:35,JSMR,RG,4240,9,D,YP,XC,D
13:56:35,JSMR,RG,4240,1,D,YP,YP,D
13:56:35,JSMR,RG,4240,1,D,YP,CC,D
13:56:35,JSMR,RG,4240,10,D,YP,DR,D
13:56:35,JSMR,RG,4240,1,D,YP,YP,D
13:56:29,JSMR,RG,4230,4,D,YP,CS,F
13:56:29,JSMR,RG,4230,4,D,YP,CS,F
13:56:29,JSMR,RG,4230,8,D,YP,CS,F
13:56:29,JSMR,RG,4230,8,D,YP,YU,D
13:56:03,JSMR,RG,4230,30,D,NI,YU,D
13:56:01,JSMR,RG,4240,1,D,PD,YP,D
13:55:58,JSMR,RG,4240,1,D,PD,OD,D
13:55:23,JSMR,RG,4240,2,D,ZP,XA,D
13:55:23,JSMR,RG,4240,50,D,ZP,CC,D
13:55:23,JSMR,RG,4240,1,D,ZP,YP,D
13:55:23,JSMR,RG,4240,10,D,ZP,EP,D
13:55:23,JSMR,RG,4240,1,D,ZP,SQ,D
13:55:23,JSMR,RG,4240,3,D,ZP,PD,D
13:55:23,JSMR,RG,4240,100,D,ZP,CC,D
13:55:23,JSMR,RG,4240,3,D,ZP,XC,D
13:55:23,JSMR,RG,4240,2,D,ZP,CC,D
13:55:23,JSMR,RG,4240,2,D,ZP,YP,D
13:55:23,JSMR,RG,4240,100,D,ZP,DH,D
13:55:23,JSMR,RG,4240,5,D,ZP,KK,D
13:55:23,JSMR,RG,4240,10,D,ZP,LG,D
13:55:23,JSMR,RG,4240,100,D,ZP,YP,D
13:55:23,JSMR,RG,4240,3,D,ZP,CC,D
13:55:23,JSMR,RG,4230,1,D,ZP,OD,D
13:54:30,JSMR,RG,4230,2,D,ZP,YP,D
13:54:30,JSMR,RG,4230,47,D,ZP,YU,D
13:54:30,JSMR,RG,4230,50,D,ZP,CC,D
13:54:30,JSMR,RG,4230,14,D,ZP,CS,F
13:54:30,JSMR,RG,4230,92,D,ZP,YP,D
13:54:30,JSMR,RG,4230,50,D,ZP,OD,D
13:54:30,JSMR,RG,4230,2,D,ZP,XC,D
13:54:30,JSMR,RG,4230,160,D,ZP,RX,F
13:54:30,JSMR,RG,4230,15,D,ZP,XC,D
13:54:30,JSMR,RG,4230,10,D,ZP,NI,D
13:54:30,JSMR,RG,4230,18,D,ZP,CS,F
13:54:30,JSMR,RG,4230,5,D,ZP,OD,D
13:54:30,JSMR,RG,4230,1,D,ZP,KK,D
13:54:30,JSMR,RG,4230,52,D,ZP,YU,D
13:54:30,JSMR,RG,4230,99,D,ZP,RX,F
13:54:30,JSMR,RG,4230,14,D,ZP,CS,F
13:54:30,JSMR,RG,4230,6,D,ZP,CS,F
13:54:30,JSMR,RG,4230,100,D,ZP,ZR,D
13:54:30,JSMR,RG,4230,95,D,ZP,CC,D
13:54:30,JSMR,RG,4230,2,D,ZP,YP,D
13:54:30,JSMR,RG,4230,44,D,ZP,YU,D
13:54:30,JSMR,RG,4230,5,D,ZP,XC,D
13:54:30,JSMR,RG,4230,38,D,ZP,RX,F
13:54:29,JSMR,RG,4220,1,D,PD,KK,D
13:54:29,JSMR,RG,4220,1,D,NI,KK,D
13:54:28,JSMR,RG,4220,2,D,NI,XC,D
13:54:23,JSMR,RG,4220,2,D,NI,CS,F
13:54:22,JSMR,RG,4220,5,D,NI,RX,F
13:54:22,JSMR,RG,4220,1,D,DR,RX,F
13:54:22,JSMR,RG,4220,4,D,XC,RX,F
13:54:22,JSMR,RG,4220,4,D,BB,RX,F
13:54:17,JSMR,RG,4220,1,D,BB,XC,D
13:53:59,JSMR,RG,4220,3,D,BB,CS,F
13:53:34,JSMR,RG,4220,16,D,BB,RX,F
13:53:34,JSMR,RG,4220,1,D,LG,XL,D
13:53:18,JSMR,RG,4220,3,D,LG,CS,F
13:52:43,JSMR,RG,4220,3,D,LG,CS,F
13:52:42,JSMR,RG,4220,18,D,LG,RX,F
13:52:41,JSMR,RG,4220,5,D,LG,DR,D
13:52:40,JSMR,RG,4220,1,D,LG,OD,D
13:52:22,JSMR,RG,4220,9,D,LG,YP,D
13:52:21,JSMR,RG,4220,10,D,LG,NI,D
13:52:06,JSMR,RG,4220,6,D,LG,CS,F
13:52:06,JSMR,RG,4220,3,D,LG,RG,D
13:51:38,JSMR,RG,4220,2,D,LG,PD,D
13:51:23,JSMR,RG,4220,12,D,LG,YP,D
13:51:15,JSMR,RG,4220,19,D,LG,CC,D
13:51:15,JSMR,RG,4220,1,D,CC,CC,D
13:51:15,JSMR,RG,4220,4,D,BB,CC,D
13:51:12,JSMR,RG,4230,9,D,BB,RX,F
13:51:11,JSMR,RG,4220,15,D,BB,RX,F
13:51:11,JSMR,RG,4220,2,D,NI,RX,F
13:50:55,JSMR,RG,4220,1,D,NI,YP,D
13:50:19,JSMR,RG,4220,9,D,NI,NI,D
13:50:19,JSMR,RG,4220,1,D,PD,NI,D
13:50:19,JSMR,RG,4220,10,D,XC,NI,D
13:50:19,JSMR,RG,4220,2,D,SQ,NI,D
13:50:19,JSMR,RG,4220,2,D,YP,NI,D
13:50:19,JSMR,RG,4220,6,D,LG,NI,D
13:50:17,JSMR,RG,4220,14,D,LG,RX,F
13:50:12,JSMR,RG,4220,12,D,LG,PD,D
13:50:00,JSMR,RG,4220,60,D,LG,YU,D
13:50:00,JSMR,RG,4220,1,D,PD,YU,D
13:50:00,JSMR,RG,4220,34,D,BB,YU,D
13:49:59,JSMR,RG,4220,21,D,BB,YU,D
13:49:59,JSMR,RG,4220,19,D,XC,YU,D
13:49:59,JSMR,RG,4220,50,D,BB,YU,D
13:49:59,JSMR,RG,4220,1,D,PD,YU,D
13:49:59,JSMR,RG,4220,109,D,YP,YU,D
13:49:55,JSMR,RG,4220,100,D,YP,DH,D
13:49:49,JSMR,RG,4220,5,D,YP,CC,D
13:49:41,JSMR,RG,4220,17,D,YP,RX,F
13:49:22,JSMR,RG,4220,1,D,YP,OD,D
13:49:04,JSMR,RG,4220,20,D,YP,RX,F
13:48:35,JSMR,RG,4220,3,D,YP,OD,D
13:48:24,JSMR,RG,4220,3,D,YP,LG,D
13:48:21,JSMR,RG,4220,17,D,YP,RX,F
13:48:11,JSMR,RG,4220,1,D,YP,XC,D
13:47:53,JSMR,RG,4220,2,D,YP,YP,D
13:47:52,JSMR,RG,4220,10,D,YP,PD,D
13:47:44,JSMR,RG,4220,39,D,YP,RX,F
13:47:40,JSMR,RG,4220,1,D,YP,OD,D
13:47:36,JSMR,RG,4230,2,D,NI,RX,F
13:46:56,JSMR,RG,4230,24,D,BB,RX,F
13:46:56,JSMR,RG,4230,30,D,BB,YP,D
13:46:56,JSMR,RG,4230,50,D,BB,SQ,D
13:46:56,JSMR,RG,4230,22,D,BB,YU,D
13:46:45,JSMR,RG,4230,5,D,DR,YU,D
13:42:46,JSMR,RG,4230,21,D,BB,YU,D
13:42:46,JSMR,RG,4230,8,D,BB,XC,D
13:42:46,JSMR,RG,4230,62,D,BB,RX,F
13:42:46,JSMR,RG,4230,14,D,BB,CS,F
13:42:46,JSMR,RG,4230,6,D,BB,CS,F
13:42:46,JSMR,RG,4230,5,D,BB,SQ,D
13:42:46,JSMR,RG,4230,10,D,BB,SQ,D
13:42:46,JSMR,RG,4230,1,D,BB,CC,D
13:42:37,JSMR,RG,4220,24,D,YP,CC,D
13:42:34,JSMR,RG,4220,1,D,YP,XC,D
13:42:32,JSMR,RG,4230,2,D,XA,CC,D
13:41:04,JSMR,RG,4220,3,D,YP,IU,D
13:38:36,JSMR,RG,4230,7,D,BB,CC,D
13:38:36,JSMR,RG,4230,1,D,BB,AZ,D
13:38:36,JSMR,RG,4230,10,D,BB,KK,D
13:38:36,JSMR,RG,4230,2,D,BB,YP,D
13:38:36,JSMR,RG,4230,5,D,BB,EP,D
13:38:36,JSMR,RG,4230,3,D,BB,XC,D
13:38:36,JSMR,RG,4230,61,D,BB,RX,F
13:37:52,JSMR,RG,4220,15,D,YP,LG,D
13:37:37,JSMR,RG,4220,2,D,YP,YP,D
13:36:46,JSMR,RG,4220,1,D,YP,CC,D
13:36:18,JSMR,RG,4230,15,D,KK,RX,F
13:36:16,JSMR,RG,4220,24,D,YP,CC,D
13:35:37,JSMR,RG,4230,1,D,YP,RX,F
13:34:51,JSMR,RG,4230,1,D,OD,XC,D
13:34:19,JSMR,RG,4230,39,D,BB,YU,D
13:34:16,JSMR,RG,4220,24,D,YP,CC,D
13:33:58,JSMR,RG,4220,10,D,YP,CC,D
13:33:57,JSMR,RG,4220,24,D,YP,CC,D
13:33:53,JSMR,RG,4220,250,D,YP,YP,D
13:33:27,JSMR,RG,4220,2,D,BB,XL,D
13:33:23,JSMR,RG,4220,6,D,BB,CC,D
13:33:23,JSMR,RG,4220,17,D,ZP,CC,D
13:33:23,JSMR,RG,4230,1,D,YJ,CC,D
13:33:15,JSMR,RG,4240,1,D,OD,CC,D
13:32:04,JSMR,RG,4250,3,D,IF,GR,D
13:32:04,JSMR,RG,4250,47,D,CS,GR,D
13:32:04,JSMR,RG,4250,11,D,CS,XA,D
13:32:04,JSMR,RG,4250,500,D,CS,AZ,D
13:32:04,JSMR,RG,4250,2,D,CS,CC,D
13:32:04,JSMR,RG,4250,1,D,CS,YP,D
13:32:04,JSMR,RG,4250,50,D,CS,YP,D
13:32:04,JSMR,RG,4250,3,D,CS,XC,D
13:32:04,JSMR,RG,4250,2,D,CS,OD,D
13:32:04,JSMR,RG,4250,13,D,CS,XL,D
13:32:04,JSMR,RG,4250,50,D,CS,OD,D
13:32:04,JSMR,RG,4250,25,D,CS,NI,D
13:32:04,JSMR,RG,4250,6,D,CS,DX,D
13:32:04,JSMR,RG,4250,97,D,CS,AG,F
13:32:04,JSMR,RG,4250,23,D,CS,PD,D
13:32:04,JSMR,RG,4250,75,D,CS,KI,D
13:32:04,JSMR,RG,4250,40,D,CS,BQ,D
13:32:04,JSMR,RG,4250,10,D,CS,KK,D
13:32:04,JSMR,RG,4250,9,D,CS,PD,D
13:32:04,JSMR,RG,4250,1,D,CS,XC,D
13:32:04,JSMR,RG,4250,10,D,CS,NI,D
13:32:04,JSMR,RG,4250,10,D,CS,PG,D
13:32:04,JSMR,RG,4250,10,D,CS,PD,D
13:32:04,JSMR,RG,4250,10,D,CS,YP,D
13:32:04,JSMR,RG,4250,5,D,CS,PD,D
13:32:04,JSMR,RG,4250,30,D,CS,AZ,D
13:32:04,JSMR,RG,4250,25,D,CS,TP,D
13:32:04,JSMR,RG,4250,1,D,CS,XC,D
13:32:04,JSMR,RG,4250,100,D,CS,CC,D
13:32:04,JSMR,RG,4250,2,D,CS,YP,D
13:32:04,JSMR,RG,4250,1,D,CS,YP,D
13:32:04,JSMR,RG,4250,50,D,CS,YP,D
13:32:04,JSMR,RG,4250,1,D,CS,GR,D
13:32:04,JSMR,RG,4250,10,D,CS,LG,D
13:32:04,JSMR,RG,4250,1,D,CS,PD,D
13:32:04,JSMR,RG,4250,5,D,CS,PD,D
13:32:04,JSMR,RG,4250,25,D,CS,PD,D
13:32:04,JSMR,RG,4250,22,D,CS,KK,D
13:32:04,JSMR,RG,4250,5,D,CS,YU,D
13:32:04,JSMR,RG,4250,542,D,CS,XA,D
13:32:04,JSMR,RG,4250,500,D,CS,XA,D
13:32:04,JSMR,RG,4250,1,D,CS,PD,D
13:32:04,JSMR,RG,4240,1,D,CS,YP,D
13:32:04,JSMR,RG,4240,3,D,CS,XC,D
13:32:04,JSMR,RG,4240,1,D,CS,PD,D
13:32:04,JSMR,RG,4240,75,D,CS,EP,D
13:32:04,JSMR,RG,4240,500,D,CS,AZ,D
13:32:04,JSMR,RG,4240,2,D,CS,HP,D
13:32:04,JSMR,RG,4240,3,D,CS,XC,D
13:32:04,JSMR,RG,4240,9,D,CS,YP,D
13:32:04,JSMR,RG,4240,50,D,CS,YP,D
13:32:04,JSMR,RG,4240,3,D,CS,DH,D
13:32:04,JSMR,RG,4240,15,D,CS,DR,D
13:32:04,JSMR,RG,4240,15,D,CS,HP,D
13:32:04,JSMR,RG,4240,2,D,CS,NI,D
13:32:04,JSMR,RG,4240,2,D,CS,PD,D
13:32:04,JSMR,RG,4240,50,D,CS,AI,D
13:32:04,JSMR,RG,4240,6,D,CS,XC,D
13:32:04,JSMR,RG,4240,1,D,CS,ZP,D
13:32:04,JSMR,RG,4240,10,D,CS,PD,D
13:32:04,JSMR,RG,4240,5,D,CS,YP,D
13:32:04,JSMR,RG,4240,138,D,CS,NI,D
13:32:04,JSMR,RG,4240,1,D,CS,KK,D
13:32:04,JSMR,RG,4240,1,D,CS,YP,D
13:32:04,JSMR,RG,4240,10,D,CS,CC,D
13:32:04,JSMR,RG,4240,1,D,CS,GR,D
13:32:04,JSMR,RG,4240,2,D,CS,AZ,D
13:32:04,JSMR,RG,4240,20,D,CS,SQ,D
13:32:04,JSMR,RG,4240,100,D,CS,PS,D
13:32:04,JSMR,RG,4240,100,D,CS,XA,D
13:32:04,JSMR,RG,4240,500,D,CS,XA,D
13:32:04,JSMR,RG,4240,3,D,CS,YU,D
13:32:04,JSMR,RG,4230,14,D,CS,CS,F
13:32:04,JSMR,RG,4230,8,D,CS,XC,D
13:32:04,JSMR,RG,4230,15,D,CS,YP,D
13:32:04,JSMR,RG,4230,9,D,CS,YP,D
13:32:04,JSMR,RG,4230,2,D,CS,PD,D
13:32:04,JSMR,RG,4230,30,D,CS,XC,D
13:32:04,JSMR,RG,4230,1,D,CS,PD,D
13:32:04,JSMR,RG,4230,2,D,CS,PD,D
13:32:04,JSMR,RG,4230,500,D,CS,AZ,D
13:32:04,JSMR,RG,4230,5,D,CS,YP,D
13:32:04,JSMR,RG,4230,10,D,CS,YP,D
13:32:04,JSMR,RG,4230,2,D,CS,NI,D
13:32:04,JSMR,RG,4230,10,D,CS,CC,D
13:32:04,JSMR,RG,4230,39,D,CS,SQ,D
13:32:04,JSMR,RG,4230,8,D,CS,XL,D
13:32:04,JSMR,RG,4230,1,D,CS,CC,D
13:32:04,JSMR,RG,4230,10,D,CS,XC,D
13:32:04,JSMR,RG,4230,2,D,CS,PD,D
13:32:04,JSMR,RG,4230,40,D,CS,PD,D
13:32:04,JSMR,RG,4230,60,D,CS,CC,D
13:32:04,JSMR,RG,4230,240,D,CS,EP,D
13:32:04,JSMR,RG,4230,10,D,CS,PD,D
13:32:04,JSMR,RG,4230,1,D,CS,YP,D
13:32:04,JSMR,RG,4230,2,D,CS,PD,D
13:32:04,JSMR,RG,4230,5,D,CS,CC,D
13:32:04,JSMR,RG,4230,1,D,CS,GR,D
13:32:04,JSMR,RG,4230,5,D,CS,PD,D
13:32:04,JSMR,RG,4230,485,D,CS,CD,D
13:32:04,JSMR,RG,4230,23,D,CS,PD,D
13:31:58,JSMR,RG,4230,4,D,YP,PD,D
13:31:52,JSMR,RG,4220,7,D,ZP,XC,D
13:31:52,JSMR,RG,4230,3,D,YP,PD,D
13:31:52,JSMR,RG,4230,2,D,YP,YU,D
13:31:25,JSMR,RG,4220,63,D,ZP,YU,D
13:31:25,JSMR,RG,4220,20,D,ZP,XC,D
13:31:25,JSMR,RG,4220,54,D,ZP,YU,D
13:31:25,JSMR,RG,4220,9,D,ZP,YP,D
13:31:25,JSMR,RG,4220,10,D,ZP,XC,D
13:31:25,JSMR,RG,4220,2,D,ZP,PD,D
13:31:25,JSMR,RG,4220,4,D,ZP,XL,D
13:31:25,JSMR,RG,4220,3,D,ZP,PD,D
13:31:25,JSMR,RG,4220,5,D,ZP,DR,D
13:31:25,JSMR,RG,4220,107,D,ZP,RX,F
13:31:25,JSMR,RG,4220,10,D,ZP,EP,D
13:31:25,JSMR,RG,4220,1,D,ZP,OD,D
13:31:25,JSMR,RG,4220,2,D,ZP,CS,F
13:31:25,JSMR,RG,4220,1,D,ZP,XC,D
13:31:25,JSMR,RG,4220,1,D,ZP,XC,D
13:31:25,JSMR,RG,4220,2,D,ZP,PD,D
13:31:25,JSMR,RG,4220,2,D,ZP,CS,F
13:31:25,JSMR,RG,4220,50,D,ZP,OD,D
13:31:25,JSMR,RG,4220,100,D,ZP,YP,D
13:31:25,JSMR,RG,4220,2,D,ZP,XC,D
13:31:25,JSMR,RG,4220,13,D,ZP,CS,F
13:31:25,JSMR,RG,4220,1,D,ZP,PD,D
13:31:25,JSMR,RG,4220,20,D,ZP,NI,D
13:31:25,JSMR,RG,4220,7,D,ZP,SQ,D
13:31:25,JSMR,RG,4220,1,D,ZP,XC,D
13:31:25,JSMR,RG,4220,2,D,ZP,XC,D
13:31:25,JSMR,RG,4220,19,D,ZP,OD,D
13:31:25,JSMR,RG,4220,75,D,ZP,SQ,D
13:31:25,JSMR,RG,4220,5,D,ZP,NI,D
13:31:25,JSMR,RG,4220,20,D,ZP,YP,D
13:31:25,JSMR,RG,4220,2,D,ZP,PD,D
13:31:25,JSMR,RG,4220,100,D,ZP,CC,D
13:31:25,JSMR,RG,4220,100,D,ZP,CC,D
13:31:25,JSMR,RG,4220,15,D,ZP,LG,D
13:31:25,JSMR,RG,4220,27,D,ZP,LG,D
13:31:25,JSMR,RG,4220,21,D,ZP,AT,D
13:30:16,JSMR,RG,4220,1,D,YP,AT,D
13:30:13,JSMR,RG,4220,3,D,YP,AT,D
13:30:09,JSMR,RG,4210,1,D,IT,XC,D
13:30:09,JSMR,RG,4210,1,D,IT,XC,D
13:30:07,JSMR,RG,4210,1,D,IT,SQ,D
13:30:06,JSMR,RG,4210,3,D,IT,XC,D
13:30:04,JSMR,RG,4210,9,D,IT,PD,D
13:30:04,JSMR,RG,4210,1,D,IT,CC,D
13:30:04,JSMR,RG,4210,200,D,IT,EP,D
13:30:04,JSMR,RG,4210,3,D,IT,EP,D
13:30:04,JSMR,RG,4210,5,D,IT,EP,D
13:30:03,JSMR,RG,4210,6,D,IT,EP,D
13:30:03,JSMR,RG,4210,4,D,CS,EP,D
13:30:02,JSMR,RG,4210,36,D,CS,ZP,D
13:30:02,JSMR,RG,4210,64,D,CC,ZP,D
11:29:34,JSMR,RG,4210,1,D,CC,OD,D
11:29:22,JSMR,RG,4220,2,D,YP,XC,D
11:29:22,JSMR,RG,4220,15,D,YP,YP,D
11:29:22,JSMR,RG,4220,10,D,YP,EP,D
11:29:22,JSMR,RG,4220,10,D,YP,PD,D
11:29:22,JSMR,RG,4220,5,D,YP,DH,D
11:29:22,JSMR,RG,4220,8,D,YP,PD,D
11:29:16,JSMR,RG,4220,1,D,YP,PD,D
11:29:16,JSMR,RG,4220,29,D,YP,YP,D
11:29:11,JSMR,RG,4220,5,D,YP,YP,D
11:29:06,JSMR,RG,4220,6,D,YP,YP,D
11:29:06,JSMR,RG,4220,4,D,YP,YP,D
11:29:01,JSMR,RG,4220,1,D,YP,YP,D
11:29:01,JSMR,RG,4220,11,D,YP,CC,D
11:28:54,JSMR,RG,4210,2,D,CC,SQ,D
11:28:54,JSMR,RG,4220,2,D,YP,CC,D
11:28:54,JSMR,RG,4220,1,D,YP,YU,D
11:28:54,JSMR,RG,4220,2,D,YP,YB,D
11:28:51,JSMR,RG,4210,1,D,CC,YP,D
11:28:48,JSMR,RG,4210,30,D,CC,YP,D
11:28:11,JSMR,RG,4210,2,D,CC,YP,D
11:28:11,JSMR,RG,4210,5,D,CS,YP,D
11:28:11,JSMR,RG,4210,4,D,CS,YP,D
11:28:11,JSMR,RG,4210,89,D,YP,YP,D
11:27:42,JSMR,RG,4210,10,D,YP,PD,D
11:26:26,JSMR,RG,4210,1,D,YP,CC,D
11:25:15,JSMR,RG,4210,10,D,DR,NI,D
11:25:15,JSMR,RG,4210,1,D,YP,NI,D
11:24:35,JSMR,RG,4220,1,D,CS,YB,D
11:24:33,JSMR,RG,4210,10,F,AK,YP,D
11:24:33,JSMR,RG,4210,6,F,AK,XC,D
11:24:33,JSMR,RG,4210,1,F,AK,OD,D
11:24:33,JSMR,RG,4210,20,F,AK,YU,D
11:24:33,JSMR,RG,4210,12,F,AK,CS,F
11:24:33,JSMR,RG,4210,2,F,AK,DR,D
11:24:33,JSMR,RG,4210,20,F,AK,YU,D
11:24:33,JSMR,RG,4210,4,F,AK,CS,F
11:24:33,JSMR,RG,4210,5,F,AK,SQ,D
11:24:33,JSMR,RG,4210,146,F,AK,AZ,D
11:24:32,JSMR,RG,4210,333,D,CS,AZ,D
11:24:32,JSMR,RG,4210,21,D,YP,AZ,D
11:24:32,JSMR,RG,4210,9,D,YP,NI,D
11:24:24,JSMR,RG,4210,1,D,YP,NI,D
11:24:24,JSMR,RG,4210,4,D,YP,YP,D
11:24:24,JSMR,RG,4210,10,D,YP,YP,D
11:24:24,JSMR,RG,4210,1,D,YP,XC,D
11:24:24,JSMR,RG,4210,1,D,YP,PD,D
11:24:24,JSMR,RG,4210,33,D,YP,CC,D
11:24:17,JSMR,RG,4210,67,D,YP,CC,D
11:24:17,JSMR,RG,4210,33,D,YP,OD,D
11:24:10,JSMR,RG,4210,17,D,YP,OD,D
11:24:10,JSMR,RG,4210,100,D,YP,YU,D
11:24:10,JSMR,RG,4210,1,D,YP,PD,D
11:24:10,JSMR,RG,4210,10,D,YP,PD,D
11:24:10,JSMR,RG,4210,100,D,YP,XC,D
11:24:10,JSMR,RG,4210,6,D,YP,XC,D
11:24:10,JSMR,RG,4210,10,D,YP,CC,D
11:24:10,JSMR,RG,4210,56,D,YP,CC,D
11:23:45,JSMR,RG,4200,1,D,CS,OD,D
11:23:05,JSMR,RG,4200,5,D,CS,YP,D
11:23:05,JSMR,RG,4200,2,D,CS,YP,D
11:23:05,JSMR,RG,4200,13,D,NI,YP,D
11:22:29,JSMR,RG,4200,2,D,NI,DR,D
11:22:13,JSMR,RG,4210,1,D,YP,YU,D
11:22:02,JSMR,RG,4200,5,D,NI,XC,D
11:22:02,JSMR,RG,4200,1,D,CS,XC,D
11:21:52,JSMR,RG,4200,4,D,CS,YP,D
11:21:52,JSMR,RG,4200,2,D,YU,YP,D
11:21:10,JSMR,RG,4200,3,D,YU,LG,D
11:19:59,JSMR,RG,4200,5,F,BK,SQ,D
11:19:59,JSMR,RG,4200,7,F,BK,CS,F
11:19:59,JSMR,RG,4200,1,F,BK,PD,D
11:19:59,JSMR,RG,4200,1,F,BK,EP,D
11:19:59,JSMR,RG,4200,130,F,BK,PD,D
11:19:59,JSMR,RG,4200,1,F,BK,XC,D
11:19:59,JSMR,RG,4200,3,F,BK,HP,D
11:19:59,JSMR,RG,4200,3,F,BK,PD,D
11:19:59,JSMR,RG,4200,42,F,BK,AZ,D
11:19:59,JSMR,RG,4200,395,D,CS,AZ,D
11:19:59,JSMR,RG,4200,280,F,AK,AZ,D
11:19:58,JSMR,RG,4200,200,D,YP,AZ,D
11:19:44,JSMR,RG,4200,47,D,YP,AZ,D
11:19:44,JSMR,RG,4200,200,D,YP,DX,D
11:19:44,JSMR,RG,4200,40,D,YP,DR,D
11:19:44,JSMR,RG,4200,10,D,YP,DR,D
11:19:44,JSMR,RG,4200,20,D,YP,PD,D
11:19:44,JSMR,RG,4200,4,D,YP,PD,D
11:19:44,JSMR,RG,4200,1,D,YP,PD,D
11:19:44,JSMR,RG,4200,1,D,YP,PD,D
11:19:44,JSMR,RG,4200,3,D,YP,YP,D
11:19:44,JSMR,RG,4200,100,D,YP,YU,D
11:19:44,JSMR,RG,4200,473,D,YP,GR,D
11:19:44,JSMR,RG,4200,10,D,YP,HP,D
11:19:44,JSMR,RG,4200,3,D,YP,KK,D
11:19:44,JSMR,RG,4200,10,D,YP,LG,D
11:19:44,JSMR,RG,4200,18,D,YP,LG,D
11:19:44,JSMR,RG,4200,10,D,YP,TP,D
11:19:44,JSMR,RG,4200,5,D,YP,CC,D
11:19:44,JSMR,RG,4200,3,D,YP,PD,D
11:19:44,JSMR,RG,4200,5,D,YP,SQ,D
11:19:44,JSMR,RG,4200,16,D,YP,XC,D
11:19:44,JSMR,RG,4200,2,D,YP,CC,D
11:19:44,JSMR,RG,4200,10,D,YP,XC,D
11:19:44,JSMR,RG,4200,8,D,YP,SQ,D
11:19:44,JSMR,RG,4200,1,D,YP,OD,D
11:19:44,JSMR,RG,4200,10,D,YP,KK,D
11:19:44,JSMR,RG,4200,50,D,YP,EP,D
11:19:44,JSMR,RG,4200,1,D,YP,XC,D
11:19:44,JSMR,RG,4200,4,D,YP,SQ,D
11:19:44,JSMR,RG,4200,20,D,YP,EP,D
11:19:44,JSMR,RG,4200,10,D,YP,PD,D
11:19:44,JSMR,RG,4200,2,D,YP,CC,D
11:19:44,JSMR,RG,4200,10,D,YP,YP,D
11:19:44,JSMR,RG,4200,100,D,YP,DX,F
11:19:44,JSMR,RG,4200,3,D,YP,CC,D
11:19:44,JSMR,RG,4200,5,D,YP,YP,D
11:19:44,JSMR,RG,4200,8,D,YP,PD,D
11:19:44,JSMR,RG,4200,12,D,YP,CC,D
11:19:44,JSMR,RG,4200,1,D,YP,YP,D
11:19:44,JSMR,RG,4200,250,D,YP,IT,D
11:19:44,JSMR,RG,4200,1,D,YP,YP,D
11:19:44,JSMR,RG,4200,13,D,YP,GR,D
11:19:18,JSMR,RG,4190,1,D,ZP,OD,D
11:19:18,JSMR,RG,4190,5,D,ZP,CS,F
11:19:18,JSMR,RG,4190,24,D,ZP,YU,D
11:19:18,JSMR,RG,4190,12,D,ZP,CS,F
11:19:18,JSMR,RG,4190,148,D,ZP,RX,F
11:19:18,JSMR,RG,4190,500,D,ZP,AZ,D
11:19:18,JSMR,RG,4190,10,D,ZP,PD,D
11:19:18,JSMR,RG,4190,1,D,ZP,CS,F
11:19:18,JSMR,RG,4190,158,D,ZP,RX,F
11:19:18,JSMR,RG,4190,1,D,ZP,YU,D
11:19:18,JSMR,RG,4190,3,D,ZP,PD,D
11:19:18,JSMR,RG,4190,1,D,ZP,CS,F
11:19:18,JSMR,RG,4190,1,D,ZP,CS,F
11:19:18,JSMR,RG,4190,10,D,ZP,CS,F
11:19:18,JSMR,RG,4190,5,D,ZP,LG,D
11:19:18,JSMR,RG,4190,9,D,ZP,LG,D
11:19:18,JSMR,RG,4190,132,D,ZP,RX,F
11:19:18,JSMR,RG,4190,8,D,ZP,CS,F
11:19:18,JSMR,RG,4190,50,D,ZP,OD,D
11:19:18,JSMR,RG,4190,12,D,ZP,CS,F
11:19:18,JSMR,RG,4190,8,D,ZP,CS,F
11:19:18,JSMR,RG,4190,7,D,ZP,CS,F
11:19:18,JSMR,RG,4190,11,D,ZP,CS,F
11:19:18,JSMR,RG,4190,3,D,ZP,CS,F
11:19:18,JSMR,RG,4190,36,D,ZP,YU,D
11:19:18,JSMR,RG,4190,4,D,ZP,CS,F
11:19:18,JSMR,RG,4190,1,D,ZP,CS,F
11:19:18,JSMR,RG,4190,10,D,ZP,YP,D
11:19:18,JSMR,RG,4190,13,D,ZP,DH,D
11:19:18,JSMR,RG,4190,10,D,ZP,YP,D
11:19:18,JSMR,RG,4190,1,D,ZP,XC,D
11:19:18,JSMR,RG,4190,50,D,ZP,CC,D
11:19:18,JSMR,RG,4190,7,D,ZP,LG,D
11:19:18,JSMR,RG,4190,2,D,ZP,PD,D
11:19:18,JSMR,RG,4190,2,D,ZP,PD,D
11:19:18,JSMR,RG,4190,5,D,ZP,NI,D
11:19:18,JSMR,RG,4190,4,D,ZP,LG,D
11:19:18,JSMR,RG,4190,100,D,ZP,YU,D
11:19:18,JSMR,RG,4190,21,D,ZP,YU,D
11:19:18,JSMR,RG,4190,2032,D,ZP,LG,D
11:19:17,JSMR,RG,4180,2,D,YP,PD,D
11:18:40,JSMR,RG,4180,29,D,YP,RX,F
11:18:15,JSMR,RG,4180,2,D,YP,OD,D
11:18:03,JSMR,RG,4180,5,D,YP,LG,D
11:17:57,JSMR,RG,4180,3,D,YP,LG,D
11:17:09,JSMR,RG,4180,18,D,YP,RX,F
11:16:55,JSMR,RG,4180,7,D,YP,EP,D
11:16:10,JSMR,RG,4180,19,D,YP,RX,F
11:15:50,JSMR,RG,4180,24,D,YP,CC,D
11:15:35,JSMR,RG,4180,1,D,YP,OD,D
11:15:10,JSMR,RG,4180,1,D,YP,YP,D
11:15:08,JSMR,RG,4180,13,D,YP,RX,F
11:15:00,JSMR,RG,4180,28,D,YP,YU,D
11:15:00,JSMR,RG,4180,1,D,CC,YU,D
11:15:00,JSMR,RG,4180,31,D,ZP,YU,D
11:14:06,JSMR,RG,4180,20,D,ZP,RX,F
11:12:39,JSMR,RG,4180,7,D,ZP,LG,D
11:12:23,JSMR,RG,4180,4,D,ZP,LG,D
11:12:13,JSMR,RG,4180,19,D,ZP,RX,F
11:11:13,JSMR,RG,4180,23,D,ZP,CS,F
11:10:43,JSMR,RG,4180,11,D,ZP,LG,D
11:10:15,JSMR,RG,4180,6,D,ZP,LG,D
11:10:11,JSMR,RG,4180,1,D,ZP,OD,D
11:09:50,JSMR,RG,4180,9,D,ZP,LG,D
11:09:37,JSMR,RG,4180,5,D,ZP,LG,D
11:09:00,JSMR,RG,4180,50,D,ZP,YU,D
11:08:40,JSMR,RG,4180,1,D,ZP,PD,D
11:07:28,JSMR,RG,4180,1,D,ZP,OD,D
11:06:43,JSMR,RG,4180,5,D,ZP,YP,D
11:06:29,JSMR,RG,4180,7,D,ZP,PD,D
11:06:29,JSMR,RG,4180,53,D,LG,PD,D
11:05:32,JSMR,RG,4180,15,D,LG,EP,D
11:04:51,JSMR,RG,4180,10,D,LG,DX,D
11:04:43,JSMR,RG,4180,1,D,LG,OD,D
11:04:35,JSMR,RG,4180,2,D,LG,XC,D
11:04:00,JSMR,RG,4180,19,D,LG,YU,D
11:04:00,JSMR,RG,4180,21,D,CS,YU,D
11:04:00,JSMR,RG,4180,10,D,CC,YU,D
11:04:00,JSMR,RG,4180,1,D,PD,YU,D
11:04:00,JSMR,RG,4180,10,D,YP,YU,D
11:04:00,JSMR,RG,4180,9,D,LG,YU,D
11:03:55,JSMR,RG,4180,8,D,LG,DX,D
11:03:55,JSMR,RG,4180,6,D,CS,DX,D
11:03:55,JSMR,RG,4180,25,D,CS,DX,D
11:03:55,JSMR,RG,4180,5,D,CS,DX,D
11:03:55,JSMR,RG,4180,6,D,CS,DX,D
11:03:50,JSMR,RG,4180,10,D,CS,KK,D
11:02:59,JSMR,RG,4180,27,D,CS,PD,D
11:02:59,JSMR,RG,4180,8,D,CS,PD,D
11:02:59,JSMR,RG,4180,8,D,CS,PD,D
11:02:59,JSMR,RG,4180,5,D,CS,PD,D
11:02:59,JSMR,RG,4180,26,D,CS,PD,D
11:02:59,JSMR,RG,4180,43,D,CS,PD,D
11:02:59,JSMR,RG,4180,3,D,DH,PD,D
11:02:59,JSMR,RG,4180,5,D,CC,PD,D
11:02:59,JSMR,RG,4180,6,D,CS,PD,D
11:02:10,JSMR,RG,4180,22,D,CS,CS,F
11:02:03,JSMR,RG,4180,1,D,CS,OD,D
11:01:51,JSMR,RG,4180,2,D,CS,LG,D
11:01:44,JSMR,RG,4180,3,D,CS,LG,D
11:01:26,JSMR,RG,4180,3,D,CS,XC,D
11:01:08,JSMR,RG,4180,6,D,CS,OD,D
11:00:54,JSMR,RG,4180,16,D,CS,CC,D
11:00:45,JSMR,RG,4180,1,D,ZP,YU,D
10:59:16,JSMR,RG,4180,2,D,ZP,LG,D
10:59:13,JSMR,RG,4180,1,D,ZP,OD,D
10:59:04,JSMR,RG,4180,3,D,ZP,LG,D
10:59:00,JSMR,RG,4180,49,D,ZP,YU,D
10:58:51,JSMR,RG,4180,1,D,ZP,PD,D
10:58:50,JSMR,RG,4180,6,D,ZP,CC,D
10:57:06,JSMR,RG,4180,24,D,ZP,CC,D
10:56:51,JSMR,RG,4190,2,D,PD,LG,D
10:56:17,JSMR,RG,4180,1,D,ZP,OD,D
10:53:33,JSMR,RG,4180,10,D,ZP,XC,D
10:53:18,JSMR,RG,4180,5,D,ZP,EP,D
10:53:00,JSMR,RG,4180,46,D,ZP,YU,D
10:50:38,JSMR,RG,4180,1,D,ZP,OD,D
10:48:58,JSMR,RG,4180,1,D,ZP,PD,D
10:48:57,JSMR,RG,4180,10,D,ZP,OD,D
10:48:31,JSMR,RG,4180,20,D,ZP,OD,D
10:47:56,JSMR,RG,4180,1,D,ZP,OD,D
10:47:32,JSMR,RG,4180,1,D,ZP,PD,D
10:47:24,JSMR,RG,4180,17,D,ZP,YU,D
10:47:24,JSMR,RG,4180,24,D,CC,YU,D
10:47:24,JSMR,RG,4180,30,D,YP,YU,D
10:47:24,JSMR,RG,4180,29,D,CS,YU,D
10:45:04,JSMR,RG,4180,1,D,CS,OD,D
10:45:00,JSMR,RG,4180,7,D,CS,YU,D
10:45:00,JSMR,RG,4180,6,D,CS,YU,D
10:45:00,JSMR,RG,4180,37,D,DH,YU,D
10:44:09,JSMR,RG,4180,25,D,DH,YP,D
10:43:45,JSMR,RG,4180,3,D,DH,LG,D
10:43:36,JSMR,RG,4180,5,D,DH,LG,D
10:42:52,JSMR,RG,4180,2,D,DH,LG,D
10:42:52,JSMR,RG,4180,1,D,YP,LG,D
10:41:42,JSMR,RG,4180,12,D,CS,OD,D
10:41:42,JSMR,RG,4180,38,D,DH,OD,D
10:41:42,JSMR,RG,4180,3,D,DH,LG,D
10:41:42,JSMR,RG,4180,7,D,DH,CS,F
10:41:42,JSMR,RG,4180,1,D,DH,CS,F
10:41:42,JSMR,RG,4180,3,D,DH,LG,D
10:41:42,JSMR,RG,4180,5,D,DH,CS,F
10:41:42,JSMR,RG,4180,32,D,DH,RX,F
10:41:21,JSMR,RG,4180,94,D,DH,RX,F
10:41:21,JSMR,RG,4180,3,D,DH,XC,D
10:41:21,JSMR,RG,4180,1,D,DH,OD,D
10:41:21,JSMR,RG,4180,4,D,DH,CS,F
10:41:00,JSMR,RG,4180,2,D,DH,CS,F
10:41:00,JSMR,RG,4180,118,D,DH,AZ,D
10:40:15,JSMR,RG,4180,10,D,CS,AZ,D
10:40:15,JSMR,RG,4180,25,D,CS,AZ,D
10:40:15,JSMR,RG,4180,19,D,CS,AZ,D
10:40:15,JSMR,RG,4180,1,D,NI,AZ,D
10:40:15,JSMR,RG,4180,18,D,CS,AZ,D
10:40:15,JSMR,RG,4180,22,D,CS,AZ,D
10:40:15,JSMR,RG,4180,21,D,CS,AZ,D
10:40:15,JSMR,RG,4180,17,D,CS,AZ,D
10:40:15,JSMR,RG,4180,3,D,CS,AZ,D
10:40:15,JSMR,RG,4180,6,D,CS,AZ,D
10:40:15,JSMR,RG,4180,16,D,CS,AZ,D
10:40:15,JSMR,RG,4180,31,D,CS,AZ,D
10:40:15,JSMR,RG,4180,18,D,CS,AZ,D
10:40:15,JSMR,RG,4180,175,D,ZP,AZ,D
10:39:28,JSMR,RG,4180,1,D,ZP,OD,D
10:37:28,JSMR,RG,4180,24,D,ZP,CC,D
10:36:10,JSMR,RG,4180,1,D,CS,CS,F
10:36:09,JSMR,RG,4190,1,D,CS,LG,D
10:36:07,JSMR,RG,4190,1,D,CS,LG,D
10:36:07,JSMR,RG,4180,5,D,CS,CS,F
10:36:06,JSMR,RG,4180,29,D,ZP,YU,D
10:36:06,JSMR,RG,4180,24,D,ZP,YU,D
10:36:06,JSMR,RG,4180,5,D,ZP,CS,F
10:36:06,JSMR,RG,4180,3,D,ZP,CS,F
10:36:06,JSMR,RG,4180,1,D,ZP,CS,F
10:36:06,JSMR,RG,4180,1,D,ZP,OD,D
10:36:06,JSMR,RG,4180,100,D,ZP,YU,D
10:33:17,JSMR,RG,4180,5,D,CS,LG,D
10:33:10,JSMR,RG,4180,1,D,CS,CS,F
10:33:09,JSMR,RG,4190,1,D,CS,LG,D
10:33:07,JSMR,RG,4190,3,D,CS,LG,D
10:33:07,JSMR,RG,4180,2,D,CS,CS,F
10:33:06,JSMR,RG,4180,3,D,CS,LG,D
10:33:02,JSMR,RG,4180,1,D,CS,CS,F
10:33:02,JSMR,RG,4180,1,D,CS,CS,F
10:33:02,JSMR,RG,4180,2,D,CS,CS,F
10:33:01,JSMR,RG,4180,25,D,CS,YU,D
10:32:57,JSMR,RG,4190,2,D,CS,LG,D
10:32:56,JSMR,RG,4190,5,D,CS,LG,D
10:32:54,JSMR,RG,4180,1,D,ZP,CS,F
10:32:54,JSMR,RG,4180,1,D,ZP,CS,F
10:32:54,JSMR,RG,4180,7,D,ZP,CS,F
10:32:54,JSMR,RG,4180,100,D,ZP,YU,D
10:31:56,JSMR,RG,4170,6,D,PD,YP,D
10:31:56,JSMR,RG,4170,10,D,GR,YP,D
10:31:56,JSMR,RG,4170,10,D,YP,YP,D
10:31:56,JSMR,RG,4170,1,D,YP,YP,D
10:31:56,JSMR,RG,4170,10,D,HP,YP,D
10:31:56,JSMR,RG,4170,5,D,CC,YP,D
10:31:56,JSMR,RG,4170,1,D,PD,YP,D
10:31:56,JSMR,RG,4170,23,D,GR,YP,D
10:31:56,JSMR,RG,4170,50,D,DR,YP,D
10:31:56,JSMR,RG,4170,100,D,DR,YP,D
10:31:56,JSMR,RG,4170,12,D,DH,YP,D
10:31:56,JSMR,RG,4170,100,D,ZP,YP,D
10:31:56,JSMR,RG,4170,19,D,PD,YP,D
10:31:31,JSMR,RG,4180,6,D,CS,CS,F
10:31:30,JSMR,RG,4180,1,D,CS,OD,D
10:31:30,JSMR,RG,4180,1,D,CS,CS,F
10:31:30,JSMR,RG,4180,33,D,CS,YU,D
10:31:07,JSMR,RG,4170,6,D,PD,CC,D
10:31:07,JSMR,RG,4170,18,D,LG,CC,D
10:30:42,JSMR,RG,4190,1,D,CS,LG,D
10:30:40,JSMR,RG,4180,8,D,CS,PD,D
10:30:14,JSMR,RG,4180,10,D,NI,CS,F
10:30:07,JSMR,RG,4180,4,D,CS,RX,F
10:29:57,JSMR,RG,4180,8,D,CS,RX,F
10:29:57,JSMR,RG,4180,2,D,CS,RX,F
10:29:57,JSMR,RG,4180,17,D,CS,RX,F
10:29:57,JSMR,RG,4180,50,D,CS,RX,F
10:29:57,JSMR,RG,4180,83,D,CS,RX,F
10:29:35,JSMR,RG,4190,1,D,XL,LG,D
10:29:08,JSMR,RG,4180,2,D,CS,XC,D
10:29:01,JSMR,RG,4180,24,D,CS,YU,D
10:28:32,JSMR,RG,4190,5,D,CS,LG,D
10:28:32,JSMR,RG,4180,1,D,CS,OD,D
10:28:32,JSMR,RG,4180,1,D,CS,CS,F
10:28:30,JSMR,RG,4180,20,D,CS,CC,D
10:27:05,JSMR,RG,4180,25,D,CS,OD,D
10:27:05,JSMR,RG,4180,21,D,CS,OD,D
10:27:04,JSMR,RG,4180,4,D,CS,OD,D
10:27:02,JSMR,RG,4190,4,D,CS,LG,D
10:27:02,JSMR,RG,4180,2,D,CS,CS,F
10:27:00,JSMR,RG,4180,32,D,CS,YU,D
10:26:58,JSMR,RG,4180,1,D,CS,OD,D
10:26:06,JSMR,RG,4170,24,D,LG,CC,D
10:25:55,JSMR,RG,4170,24,D,LG,CC,D
10:24:27,JSMR,RG,4190,1,D,PD,LG,D
10:24:00,JSMR,RG,4180,23,D,CS,YU,D
10:23:18,JSMR,RG,4180,3,D,ZP,CS,F
10:23:18,JSMR,RG,4180,3,D,ZP,CS,F
10:23:18,JSMR,RG,4180,1,D,ZP,OD,D
10:23:18,JSMR,RG,4180,26,D,ZP,YU,D
10:23:18,JSMR,RG,4180,3,D,ZP,CS,F
10:23:18,JSMR,RG,4180,21,D,ZP,YU,D
10:23:18,JSMR,RG,4180,41,D,ZP,YP,D
10:23:13,JSMR,RG,4180,49,D,ZP,YP,D
10:23:13,JSMR,RG,4180,1,D,ZP,CS,F
10:23:13,JSMR,RG,4180,5,D,ZP,CS,F
10:23:13,JSMR,RG,4180,4,D,ZP,CS,F
10:23:13,JSMR,RG,4180,2,D,ZP,LG,D
10:23:13,JSMR,RG,4180,3,D,ZP,LG,D
10:23:13,JSMR,RG,4180,136,D,ZP,RX,F
10:22:21,JSMR,RG,4170,1,D,LG,OD,D
10:21:28,JSMR,RG,4170,20,D,LG,YP,D
10:21:08,JSMR,RG,4170,1,D,LG,EP,D
10:19:33,JSMR,RG,4170,1,D,LG,OD,D
10:17:33,JSMR,RG,4180,1,D,OD,RX,F
10:16:18,JSMR,RG,4170,4,D,LG,CS,F
10:16:16,JSMR,RG,4180,5,D,AG,CS,F
10:16:01,JSMR,RG,4190,3,D,CS,LG,D
10:16:00,JSMR,RG,4180,30,D,CS,YU,D
10:15:20,JSMR,RG,4180,1,D,CS,LG,D
10:14:45,JSMR,RG,4180,1,D,CS,YP,D
10:13:09,JSMR,RG,4170,1,D,LG,CS,F
10:13:08,JSMR,RG,4170,1,D,LG,CS,F
10:13:06,JSMR,RG,4180,2,D,PD,CS,F
10:13:02,JSMR,RG,4190,7,D,CS,LG,D
10:13:00,JSMR,RG,4180,26,D,CS,YU,D
10:12:48,JSMR,RG,4180,1,D,CS,OD,D
10:10:28,JSMR,RG,4170,1,D,LG,CS,F
10:10:24,JSMR,RG,4170,1,D,LG,CS,F
10:10:23,JSMR,RG,4170,1,D,LG,CS,F
10:10:21,JSMR,RG,4180,1,D,ZP,CS,F
10:10:19,JSMR,RG,4180,2,D,CS,EP,D
10:09:46,JSMR,RG,4190,3,D,CS,LG,D
10:09:45,JSMR,RG,4180,113,D,ZP,RX,F
10:09:29,JSMR,RG,4180,100,D,ZP,YU,D
10:09:18,JSMR,RG,4180,25,D,ZP,YU,D
10:09:17,JSMR,RG,4180,1,D,CS,OD,D
10:09:17,JSMR,RG,4180,41,D,ZP,OD,D
10:09:16,JSMR,RG,4180,3,D,YP,OD,D
10:09:16,JSMR,RG,4180,1,D,PD,OD,D
10:09:16,JSMR,RG,4180,5,D,ZP,OD,D
10:09:01,JSMR,RG,4180,1,D,ZP,CS,F
10:09:00,JSMR,RG,4180,66,D,ZP,YU,D
10:08:36,JSMR,RG,4180,23,D,ZP,CC,D
10:08:31,JSMR,RG,4180,4,D,ZP,CS,F
10:08:24,JSMR,RG,4180,1,D,ZP,OD,D
10:07:43,JSMR,RG,4180,1,D,CC,LG,D
10:07:33,JSMR,RG,4180,4,D,CC,YP,D
10:07:33,JSMR,RG,4180,10,D,YP,YP,D
10:07:33,JSMR,RG,4180,1,D,HP,YP,D
10:07:21,JSMR,RG,4180,9,D,HP,YP,D
10:07:21,JSMR,RG,4180,1,D,ZP,YP,D
10:06:59,JSMR,RG,4180,4,D,ZP,CS,F
10:06:29,JSMR,RG,4180,1,D,ZP,XC,D
10:06:02,JSMR,RG,4180,1,D,ZP,PD,D
10:04:14,JSMR,RG,4180,93,D,ZP,YU,D
10:04:14,JSMR,RG,4180,1,D,OD,YU,D
10:04:14,JSMR,RG,4180,6,D,DX,YU,D
10:03:42,JSMR,RG,4190,179,D,CS,LG,D
10:03:41,JSMR,RG,4190,92,D,CS,LG,D
10:03:41,JSMR,RG,4190,150,D,ZP,LG,D
10:03:41,JSMR,RG,4190,29,D,CS,LG,D
10:03:41,JSMR,RG,4190,129,D,CS,LG,D
10:03:41,JSMR,RG,4190,183,D,HP,LG,D
10:02:49,JSMR,RG,4190,5,D,HP,EP,D
10:02:43,JSMR,RG,4200,2,D,XL,GR,D
10:02:34,JSMR,RG,4190,12,D,HP,PD,D
10:02:02,JSMR,RG,4190,1,D,CS,CS,F
10:02:01,JSMR,RG,4190,46,D,CS,YU,D
10:01:36,JSMR,RG,4200,1,D,CS,GR,D
10:01:35,JSMR,RG,4200,5,D,CS,GR,D
10:01:33,JSMR,RG,4190,89,D,CS,PD,D
10:01:11,JSMR,RG,4190,2,D,CS,CS,F
10:01:10,JSMR,RG,4190,174,D,CS,RX,F
10:00:53,JSMR,RG,4200,1,D,CS,GR,D
10:00:51,JSMR,RG,4190,100,D,CS,YU,D
10:00:20,JSMR,RG,4190,50,D,CS,OD,D
10:00:14,JSMR,RG,4190,1,D,CS,CS,F
10:00:13,JSMR,RG,4190,45,D,CS,YP,D
10:00:09,JSMR,RG,4190,1,D,CS,OD,D
10:00:08,JSMR,RG,4190,11,D,CS,CS,F
10:00:08,JSMR,RG,4190,1,D,CS,CS,F
10:00:08,JSMR,RG,4190,22,D,CS,YU,D
10:00:08,JSMR,RG,4190,1,D,KK,YU,D
10:00:08,JSMR,RG,4190,1,D,XC,YU,D
10:00:08,JSMR,RG,4190,30,D,NI,YU,D
10:00:08,JSMR,RG,4190,23,D,CC,YU,D
10:00:08,JSMR,RG,4190,7,D,CS,YU,D
10:00:08,JSMR,RG,4190,16,D,CS,YU,D
10:00:00,JSMR,RG,4190,11,D,CS,CC,D
9:59:51,JSMR,RG,4190,1,D,CS,OD,D
9:58:46,JSMR,RG,4190,3,D,CS,CS,F
9:58:46,JSMR,RG,4190,2,D,CS,CS,F
9:58:45,JSMR,RG,4190,26,D,CS,XC,D
9:58:04,JSMR,RG,4190,1,D,CS,YP,D
9:57:26,JSMR,RG,4190,1,D,CS,EP,D
9:57:26,JSMR,RG,4190,6,D,CS,EP,D
9:57:26,JSMR,RG,4190,3,D,CS,EP,D
9:57:26,JSMR,RG,4190,27,D,CS,EP,D
9:57:26,JSMR,RG,4190,13,D,ZP,EP,D
9:57:20,JSMR,RG,4190,10,D,ZP,OD,D
9:57:05,JSMR,RG,4190,1,D,ZP,OD,D
9:56:46,JSMR,RG,4200,20,D,CC,GR,D
9:56:40,JSMR,RG,4200,1,D,XC,GR,D
9:56:32,JSMR,RG,4190,12,D,ZP,CS,F
9:56:24,JSMR,RG,4190,10,D,ZP,PD,D
9:56:24,JSMR,RG,4190,1,D,ZP,XC,D
9:56:11,JSMR,RG,4190,10,D,ZP,PD,D
9:56:00,JSMR,RG,4190,65,D,ZP,YU,D
9:55:26,JSMR,RG,4190,2,D,ZP,EP,D
9:55:16,JSMR,RG,4190,3,D,ZP,EP,D
9:54:32,JSMR,RG,4190,5,D,ZP,CC,D
9:54:00,JSMR,RG,4190,5,D,ZP,CC,D
9:53:35,JSMR,RG,4190,3,D,ZP,EP,D
9:52:43,JSMR,RG,4190,7,D,ZP,PD,D
9:52:34,JSMR,RG,4190,3,D,ZP,XC,D
9:52:05,JSMR,RG,4180,10,D,DX,CC,D
9:51:29,JSMR,RG,4180,24,D,DX,CC,D
9:51:11,JSMR,RG,4200,1,D,CS,GR,D
9:51:09,JSMR,RG,4200,1,D,CS,GR,D
9:51:08,JSMR,RG,4200,1,D,CS,GR,D
9:51:07,JSMR,RG,4200,1,D,CS,GR,D
9:51:05,JSMR,RG,4190,2,D,CS,DH,D
9:51:05,JSMR,RG,4190,1,D,YP,DH,D
9:50:51,JSMR,RG,4200,2,D,XC,GR,D
9:50:46,JSMR,RG,4200,1,D,CS,GR,D
9:50:46,JSMR,RG,4190,2,D,CS,CS,F
9:50:45,JSMR,RG,4200,6,D,CS,PD,D
9:50:45,JSMR,RG,4200,1,D,CS,PD,D
9:50:45,JSMR,RG,4200,1,D,CS,YU,D
9:50:45,JSMR,RG,4200,1,D,CS,KK,D
9:50:45,JSMR,RG,4190,5,D,CS,YP,D
9:50:44,JSMR,RG,4190,9,D,CS,YP,D
9:50:44,JSMR,RG,4190,6,D,CS,YP,D
9:50:44,JSMR,RG,4190,10,D,YP,YP,D
9:50:15,JSMR,RG,4200,2,D,CS,EP,D
9:50:14,JSMR,RG,4190,4,D,CS,CS,F
9:50:14,JSMR,RG,4190,1,D,CS,OD,D
9:50:12,JSMR,RG,4200,2,D,CS,EP,D
9:50:12,JSMR,RG,4200,5,D,CS,EP,D
9:50:12,JSMR,RG,4190,97,D,CS,DR,D
9:50:12,JSMR,RG,4190,1,D,CS,DR,D
9:50:12,JSMR,RG,4190,12,D,CS,DR,D
9:50:12,JSMR,RG,4190,3,D,CS,DR,D
9:50:12,JSMR,RG,4190,4,D,CS,DR,D
9:50:12,JSMR,RG,4190,10,D,HP,DR,D
9:50:12,JSMR,RG,4190,3,D,XA,DR,D
9:50:12,JSMR,RG,4190,12,D,CS,DR,D
9:50:12,JSMR,RG,4190,6,D,CS,DR,D
9:50:12,JSMR,RG,4190,12,D,ZP,DR,D
9:50:04,JSMR,RG,4190,5,D,ZP,EP,D
9:49:49,JSMR,RG,4190,10,D,ZP,CC,D
9:49:07,JSMR,RG,4190,10,D,ZP,DR,D
9:48:56,JSMR,RG,4190,20,D,ZP,NI,D
9:48:55,JSMR,RG,4190,20,D,ZP,OD,D
9:48:16,JSMR,RG,4190,1,D,ZP,XC,D
9:48:16,JSMR,RG,4190,77,D,ZP,RX,F
9:48:16,JSMR,RG,4190,1,D,ZP,PD,D
9:48:16,JSMR,RG,4190,5,D,ZP,OD,D
9:48:16,JSMR,RG,4190,75,D,ZP,RX,F
9:48:16,JSMR,RG,4190,2,D,ZP,PD,D
9:48:16,JSMR,RG,4190,1,D,ZP,CC,D
9:48:16,JSMR,RG,4190,36,D,ZP,YB,D
9:48:16,JSMR,RG,4190,20,D,ZP,PD,D
9:48:16,JSMR,RG,4190,2,D,ZP,CC,D
9:48:16,JSMR,RG,4190,3,D,ZP,YP,D
9:48:16,JSMR,RG,4190,100,D,ZP,YU,D
9:48:16,JSMR,RG,4190,1,D,ZP,CC,D
9:48:16,JSMR,RG,4190,1,D,ZP,YP,D
9:48:16,JSMR,RG,4190,5,D,ZP,XC,D
9:48:16,JSMR,RG,4190,50,D,ZP,OD,D
9:48:16,JSMR,RG,4190,138,D,ZP,CC,D
9:48:16,JSMR,RG,4190,5,D,ZP,SQ,D
9:47:05,JSMR,RG,4190,10,D,GR,SQ,D
9:46:43,JSMR,RG,4180,29,D,CS,YU,D
9:46:23,JSMR,RG,4190,5,D,CS,SQ,D
9:46:23,JSMR,RG,4180,5,D,ZP,EP,D
9:46:19,JSMR,RG,4190,2,D,CS,SQ,D
9:46:19,JSMR,RG,4180,2,D,ZP,CC,D
9:46:01,JSMR,RG,4180,1,D,CS,OD,D
9:46:00,JSMR,RG,4180,29,D,CS,YU,D
9:44:50,JSMR,RG,4180,6,D,CS,XC,D
9:44:00,JSMR,RG,4170,71,D,LG,YU,D
9:43:50,JSMR,RG,4180,1,D,ZP,OD,D
9:43:48,JSMR,RG,4180,87,D,CS,XA,D
9:43:47,JSMR,RG,4180,2,D,DR,XA,D
9:43:47,JSMR,RG,4180,1,F,NI,XA,D
9:43:47,JSMR,RG,4180,10,D,KI,XA,D
9:43:18,JSMR,RG,4180,1,D,PD,YU,D
9:43:18,JSMR,RG,4180,4,D,PD,PD,D
9:43:18,JSMR,RG,4180,1,D,YP,PD,D
9:42:58,JSMR,RG,4180,4,D,YP,YP,D
9:42:58,JSMR,RG,4180,15,D,CS,YP,D
9:42:58,JSMR,RG,4180,39,D,OD,YP,D
9:42:54,JSMR,RG,4180,1,D,OD,OD,D
9:42:22,JSMR,RG,4180,10,D,OD,YP,D
9:41:52,JSMR,RG,4180,40,D,OD,CC,D
9:41:08,JSMR,RG,4180,10,D,OD,EP,D
9:41:06,JSMR,RG,4190,5,D,CC,SQ,D
9:40:26,JSMR,RG,4180,59,D,CS,RX,F
9:40:18,JSMR,RG,4180,2,D,CS,YP,D
9:40:18,JSMR,RG,4180,2,D,PD,YP,D
9:40:18,JSMR,RG,4180,1,D,XC,YP,D
9:39:53,JSMR,RG,4180,5,D,CS,EP,D
9:39:53,JSMR,RG,4180,9,D,YU,EP,D
9:38:39,JSMR,RG,4180,10,D,YU,YP,D
9:38:20,JSMR,RG,4180,1,D,YU,YP,D
9:38:00,JSMR,RG,4180,23,D,CS,YU,D
9:37:48,JSMR,RG,4180,1,D,CS,OD,D
9:37:47,JSMR,RG,4180,10,D,CS,PD,D
9:37:25,JSMR,RG,4180,4,D,CS,XC,D
9:37:08,JSMR,RG,4180,1,D,CS,XC,D
9:37:07,JSMR,RG,4180,1,D,YJ,XC,D
9:37:01,JSMR,RG,4190,9,D,CC,SQ,D
9:37:00,JSMR,RG,4190,4,D,CS,SQ,D
9:37:00,JSMR,RG,4190,1,D,CS,KK,D
9:37:00,JSMR,RG,4190,19,D,CS,KK,D
9:37:00,JSMR,RG,4190,1,D,CS,YU,D
9:37:00,JSMR,RG,4180,10,D,CS,OD,D
9:37:00,JSMR,RG,4180,15,D,CS,OD,D
9:36:59,JSMR,RG,4180,2,D,CS,OD,D
9:36:59,JSMR,RG,4180,9,D,CS,OD,D
9:36:59,JSMR,RG,4180,14,D,YP,OD,D
9:36:45,JSMR,RG,4180,1,D,YP,XC,D
9:36:04,JSMR,RG,4180,1,D,CS,OD,D
9:36:04,JSMR,RG,4180,8,D,CS,PD,D
9:36:04,JSMR,RG,4180,59,D,CS,RX,F
9:36:04,JSMR,RG,4180,32,D,CS,YU,D
9:36:04,JSMR,RG,4180,28,D,CS,YU,D
9:36:04,JSMR,RG,4180,100,D,CS,YU,D
9:36:04,JSMR,RG,4180,6,D,CS,GR,D
9:36:04,JSMR,RG,4180,10,D,CS,GR,D
9:36:04,JSMR,RG,4180,1,D,CS,YP,D
9:36:04,JSMR,RG,4180,1,D,CS,XC,D
9:36:04,JSMR,RG,4180,25,D,CS,EP,D
9:36:04,JSMR,RG,4180,1,D,CS,KK,D
9:36:04,JSMR,RG,4180,4,D,CS,EP,D
9:35:03,JSMR,RG,4170,32,D,LG,XC,D
9:35:00,JSMR,RG,4170,49,D,LG,YU,D
9:35:00,JSMR,RG,4170,20,D,KK,YU,D
9:35:00,JSMR,RG,4170,1,D,YP,YU,D
9:34:47,JSMR,RG,4170,1,D,YP,CC,D
9:34:47,JSMR,RG,4170,6,D,CS,CC,D
9:34:47,JSMR,RG,4170,3,D,CS,CC,D
9:34:47,JSMR,RG,4170,3,D,CS,CC,D
9:34:47,JSMR,RG,4170,11,D,YP,CC,D
9:34:28,JSMR,RG,4170,3,D,YP,PD,D
9:34:21,JSMR,RG,4170,1,D,YP,OD,D
9:33:42,JSMR,RG,4170,2,D,YP,PD,D
9:31:53,JSMR,RG,4170,3,D,YP,EP,D
9:31:36,JSMR,RG,4170,24,D,CS,KK,D
9:31:36,JSMR,RG,4170,14,D,CS,KK,D
9:31:36,JSMR,RG,4170,19,D,CS,KK,D
9:31:36,JSMR,RG,4170,23,D,KK,KK,D
9:31:36,JSMR,RG,4170,7,D,CS,KK,D
9:31:36,JSMR,RG,4170,12,D,YP,KK,D
9:31:36,JSMR,RG,4170,1,D,ZP,KK,D
9:30:39,JSMR,RG,4170,1,D,ZP,OD,D
9:30:39,JSMR,RG,4170,122,D,ZP,RX,F
9:30:39,JSMR,RG,4170,3,D,ZP,PD,D
9:30:39,JSMR,RG,4170,150,D,ZP,KK,D
9:30:39,JSMR,RG,4170,23,D,ZP,YU,D
9:30:26,JSMR,RG,4160,11,D,YP,XL,D
9:30:26,JSMR,RG,4160,7,D,PC,XL,D
9:30:23,JSMR,RG,4170,10,D,CS,YU,D
9:30:23,JSMR,RG,4170,17,D,CS,RX,F
9:30:23,JSMR,RG,4170,42,D,CS,RX,F
9:30:23,JSMR,RG,4170,5,D,CS,OD,D
9:30:23,JSMR,RG,4170,41,D,CS,YU,D
9:30:23,JSMR,RG,4170,10,D,CS,GR,D
9:30:23,JSMR,RG,4170,1,D,CS,CC,D
9:30:23,JSMR,RG,4170,3,D,CS,PD,D
9:30:23,JSMR,RG,4170,1,D,CS,YU,D
9:30:23,JSMR,RG,4170,5,D,CS,YU,D
9:30:23,JSMR,RG,4170,12,D,CS,YU,D
9:30:23,JSMR,RG,4170,39,D,CS,YU,D
9:30:23,JSMR,RG,4170,26,D,CS,YU,D
9:30:23,JSMR,RG,4170,3,D,CS,YU,D
9:30:23,JSMR,RG,4170,14,D,CS,YU,D
9:30:23,JSMR,RG,4170,1,D,CS,PD,D
9:30:23,JSMR,RG,4170,96,D,CS,PD,D
9:30:23,JSMR,RG,4170,7,D,CS,PD,D
9:30:23,JSMR,RG,4170,10,D,CS,PD,D
9:29:25,JSMR,RG,4160,3,D,PC,EP,D
9:29:25,JSMR,RG,4160,5,D,AG,EP,D
9:29:25,JSMR,RG,4160,4,D,NI,EP,D
9:29:06,JSMR,RG,4160,1,D,NI,NI,D
9:29:00,JSMR,RG,4160,25,D,CS,YU,D
9:29:00,JSMR,RG,4160,11,D,CS,YU,D
9:29:00,JSMR,RG,4160,1,D,CS,YU,D
9:29:00,JSMR,RG,4160,20,D,XC,YU,D
9:28:47,JSMR,RG,4160,1,D,XC,OD,D
9:28:16,JSMR,RG,4160,20,D,XC,EP,D
9:27:45,JSMR,RG,4170,1,D,DR,PD,D
9:27:45,JSMR,RG,4170,5,D,DR,CP,D
9:27:45,JSMR,RG,4170,4,D,DR,YB,D
9:26:44,JSMR,RG,4170,1,D,KK,YB,D
9:26:04,JSMR,RG,4160,5,D,XC,KK,D
9:26:03,JSMR,RG,4160,1,D,XC,OD,D
9:25:59,JSMR,RG,4160,10,D,XC,YP,D
9:24:33,JSMR,RG,4160,10,D,XC,GR,D
9:24:21,JSMR,RG,4160,6,D,XC,EP,D
9:23:14,JSMR,RG,4160,24,D,XC,CC,D
9:22:49,JSMR,RG,4160,2,D,CS,RX,F
9:22:48,JSMR,RG,4160,32,D,CS,RX,F
9:22:48,JSMR,RG,4160,6,D,CS,EP,D
9:22:48,JSMR,RG,4160,36,D,CS,YU,D
9:22:48,JSMR,RG,4160,1,D,CS,OD,D
9:22:48,JSMR,RG,4160,60,D,CS,YP,D
9:22:48,JSMR,RG,4160,1,D,CS,PD,D
9:22:48,JSMR,RG,4160,5,D,CS,DR,D
9:22:48,JSMR,RG,4160,2,D,CS,XC,D
9:22:48,JSMR,RG,4160,47,D,CS,YU,D
9:22:48,JSMR,RG,4160,10,D,CS,YP,D
9:22:48,JSMR,RG,4160,20,D,CS,XC,D
9:22:48,JSMR,RG,4160,16,D,CS,CC,D
9:22:48,JSMR,RG,4160,34,D,CS,YP,D
9:22:42,JSMR,RG,4160,2,D,EP,YP,D
9:21:55,JSMR,RG,4150,4,D,YP,EP,D
9:20:16,JSMR,RG,4150,3,D,CS,AT,D
9:20:13,JSMR,RG,4140,3,D,CS,EP,D
9:20:05,JSMR,RG,4140,2,D,CS,PD,D
9:20:03,JSMR,RG,4150,10,D,CS,EP,D
9:19:27,JSMR,RG,4140,12,D,CS,CP,D
9:19:22,JSMR,RG,4150,1,D,CS,KK,D
9:19:11,JSMR,RG,4150,34,D,CS,RX,F
9:19:10,JSMR,RG,4150,3,D,CS,XC,D
9:19:08,JSMR,RG,4140,8,D,CS,CC,D
9:19:08,JSMR,RG,4140,10,D,YP,CC,D
9:19:08,JSMR,RG,4140,6,D,YP,CC,D
9:19:02,JSMR,RG,4150,1,D,CS,OD,D
9:19:00,JSMR,RG,4150,28,D,CS,YU,D
9:18:58,JSMR,RG,4140,1,D,YP,XC,D
9:18:29,JSMR,RG,4140,2,D,YP,PD,D
9:18:17,JSMR,RG,4140,11,D,YP,CC,D
9:18:17,JSMR,RG,4140,2,D,XC,CC,D
9:18:17,JSMR,RG,4140,5,D,KK,CC,D
9:18:17,JSMR,RG,4140,6,D,CS,CC,D
9:18:05,JSMR,RG,4140,17,D,CS,CC,D
9:18:05,JSMR,RG,4140,5,D,DR,CC,D
9:18:05,JSMR,RG,4140,12,D,YP,CC,D
9:17:56,JSMR,RG,4140,1,D,YP,PD,D
9:17:29,JSMR,RG,4150,2,D,CS,PD,D
9:17:19,JSMR,RG,4150,4,D,CS,YP,D
9:17:19,JSMR,RG,4150,37,D,CS,RX,F
9:17:19,JSMR,RG,4150,30,D,CS,YU,D
9:17:19,JSMR,RG,4150,39,D,CS,YU,D
9:16:50,JSMR,RG,4150,1,D,PD,YU,D
9:16:47,JSMR,RG,4150,58,D,YP,YU,D
9:16:41,JSMR,RG,4150,1,D,DH,YU,D
9:16:26,JSMR,RG,4150,1,D,SQ,YU,D
9:16:26,JSMR,RG,4150,1,D,SQ,OD,D
9:15:37,JSMR,RG,4150,10,D,CS,XC,D
9:15:08,JSMR,RG,4150,4,D,CS,YU,D
9:15:08,JSMR,RG,4150,26,D,CS,YU,D
9:15:08,JSMR,RG,4150,5,D,CS,PD,D
9:15:08,JSMR,RG,4150,41,D,CS,RX,F
9:15:08,JSMR,RG,4150,28,D,CS,YU,D
9:14:48,JSMR,RG,4140,20,D,YP,YP,D
9:14:17,JSMR,RG,4140,7,D,YP,ZP,D
9:14:17,JSMR,RG,4140,7,D,CS,ZP,D
9:14:17,JSMR,RG,4140,4,D,CS,ZP,D
9:14:17,JSMR,RG,4140,7,D,CS,ZP,D
9:14:03,JSMR,RG,4140,2,D,CS,EP,D
9:14:03,JSMR,RG,4140,2,D,CS,EP,D
9:13:31,JSMR,RG,4140,6,D,CS,CC,D
9:13:31,JSMR,RG,4140,2,D,CS,CC,D
9:13:31,JSMR,RG,4140,1,D,NI,CC,D
9:13:31,JSMR,RG,4140,32,D,XC,CC,D
9:13:31,JSMR,RG,4140,5,D,CC,CC,D
9:13:31,JSMR,RG,4140,4,D,SQ,CC,D
9:13:31,JSMR,RG,4140,8,D,KK,CC,D
9:13:13,JSMR,RG,4140,17,D,KK,DR,D
9:13:13,JSMR,RG,4140,1,D,NI,DR,D
9:13:13,JSMR,RG,4140,24,D,YB,DR,D
9:13:13,JSMR,RG,4140,10,D,NI,DR,D
9:13:13,JSMR,RG,4140,15,D,CS,DR,D
9:13:13,JSMR,RG,4140,3,D,PD,DR,D
9:12:55,JSMR,RG,4150,32,D,CS,RX,F
9:12:55,JSMR,RG,4150,1,D,CS,OD,D
9:12:51,JSMR,RG,4140,7,D,PD,CC,D
9:12:51,JSMR,RG,4140,11,D,CC,CC,D
9:12:51,JSMR,RG,4140,1,D,KK,CC,D
9:12:51,JSMR,RG,4140,4,D,YP,CC,D
9:12:51,JSMR,RG,4140,1,D,NI,CC,D
9:12:38,JSMR,RG,4150,4,D,CS,LG,D
9:12:37,JSMR,RG,4150,2,D,XC,LG,D
9:12:37,JSMR,RG,4150,4,D,LG,LG,D
9:12:30,JSMR,RG,4150,1,D,LG,DH,D
9:12:16,JSMR,RG,4150,5,D,LG,EP,D
9:12:13,JSMR,RG,4150,15,D,LG,EP,D
9:11:17,JSMR,RG,4140,1,D,YU,CC,D
9:11:17,JSMR,RG,4140,5,D,CC,CC,D
9:11:17,JSMR,RG,4140,1,D,CC,CC,D
9:11:17,JSMR,RG,4150,6,D,CS,CC,D
9:11:17,JSMR,RG,4150,8,D,PD,CC,D
9:11:17,JSMR,RG,4150,2,D,BQ,CC,D
9:11:17,JSMR,RG,4150,1,D,NI,CC,D
9:10:45,JSMR,RG,4150,100,D,CS,YP,D
9:09:54,JSMR,RG,4150,1,D,CS,OD,D
9:09:53,JSMR,RG,4150,19,D,CS,YU,D
9:09:53,JSMR,RG,4150,5,D,CC,YU,D
9:09:53,JSMR,RG,4150,2,D,SQ,YU,D
9:09:53,JSMR,RG,4150,5,D,CC,YU,D
9:09:53,JSMR,RG,4150,42,D,CS,YU,D
9:09:53,JSMR,RG,4150,10,D,SQ,YU,D
9:09:53,JSMR,RG,4150,32,D,CS,YU,D
9:09:53,JSMR,RG,4150,11,D,CS,YU,D
9:09:53,JSMR,RG,4150,74,D,CS,YU,D
9:09:24,JSMR,RG,4150,7,D,CS,DR,D
9:09:24,JSMR,RG,4150,3,D,CS,DR,D
9:09:24,JSMR,RG,4150,1,D,YP,DR,D
9:09:12,JSMR,RG,4160,5,D,CC,YP,D
9:09:09,JSMR,RG,4150,2,D,YP,NI,D
9:08:06,JSMR,RG,4150,20,D,YP,YP,D
9:08:06,JSMR,RG,4150,10,D,YP,EP,D
9:08:06,JSMR,RG,4150,10,D,YP,EP,D
9:08:06,JSMR,RG,4150,10,D,YP,EP,D
9:08:06,JSMR,RG,4150,164,D,YP,RX,F
9:08:06,JSMR,RG,4150,1,D,YP,OD,D
9:08:06,JSMR,RG,4150,32,D,YP,CC,D
9:07:55,JSMR,RG,4140,9,D,CC,YP,D
9:07:55,JSMR,RG,4140,1,D,EP,YP,D
9:07:55,JSMR,RG,4140,1,D,PD,YP,D
9:07:55,JSMR,RG,4140,9,D,DR,YP,D
9:07:31,JSMR,RG,4140,11,D,DR,RX,F
9:07:19,JSMR,RG,4150,4,D,XC,CC,D
9:07:15,JSMR,RG,4150,2,D,YP,CC,D
9:06:57,JSMR,RG,4150,10,D,KK,CC,D
9:06:50,JSMR,RG,4150,4,D,CS,CC,D
9:06:50,JSMR,RG,4150,5,D,CS,CC,D
9:06:50,JSMR,RG,4150,5,D,CS,CC,D
9:06:50,JSMR,RG,4150,2,D,CS,CC,D
9:06:50,JSMR,RG,4150,5,D,NI,CC,D
9:06:50,JSMR,RG,4150,4,D,CS,CC,D
9:06:50,JSMR,RG,4150,3,D,CS,CC,D
9:06:50,JSMR,RG,4150,4,D,CS,CC,D
9:06:50,JSMR,RG,4150,10,D,CS,CC,D
9:06:49,JSMR,RG,4150,2,D,CS,CC,D
9:06:49,JSMR,RG,4150,5,D,HP,CC,D
9:06:49,JSMR,RG,4150,3,D,DR,CC,D
9:06:39,JSMR,RG,4150,2,D,DR,RX,F
9:06:39,JSMR,RG,4150,7,D,CC,RX,F
9:06:39,JSMR,RG,4150,1,D,YP,RX,F
9:06:39,JSMR,RG,4150,1,D,XC,RX,F
9:06:32,JSMR,RG,4150,1,D,XC,OD,D
9:06:28,JSMR,RG,4150,20,D,SQ,OD,D
9:06:28,JSMR,RG,4150,10,D,NI,OD,D
9:06:28,JSMR,RG,4150,20,D,NI,OD,D
9:06:15,JSMR,RG,4150,30,D,CS,EP,D
9:06:15,JSMR,RG,4150,10,D,CC,EP,D
9:05:58,JSMR,RG,4150,7,D,XC,SQ,D
9:05:58,JSMR,RG,4150,6,D,XC,SQ,D
9:05:48,JSMR,RG,4150,4,D,XC,RX,F
9:05:48,JSMR,RG,4150,10,D,XC,RX,F
9:05:37,JSMR,RG,4160,2,D,YP,YP,D
9:05:29,JSMR,RG,4150,10,D,XC,EP,D
9:05:21,JSMR,RG,4150,6,D,XC,NI,D
9:04:49,JSMR,RG,4150,15,D,XC,RX,F
9:04:20,JSMR,RG,4150,1,D,XC,PD,D
9:04:18,JSMR,RG,4150,8,D,XC,YP,D
9:03:56,JSMR,RG,4150,5,D,XC,RX,F
9:03:56,JSMR,RG,4150,5,D,XC,RX,F
9:03:56,JSMR,RG,4150,3,D,GR,RX,F
9:03:52,JSMR,RG,4150,24,D,GR,CC,D
9:03:50,JSMR,RG,4150,13,D,GR,CC,D
9:03:47,JSMR,RG,4150,7,D,GR,PD,D
9:03:44,JSMR,RG,4150,1,D,GR,OD,D
9:03:06,JSMR,RG,4150,3,D,GR,EP,D
9:02:48,JSMR,RG,4150,3,D,GR,EP,D
9:02:44,JSMR,RG,4150,25,D,GR,EP,D
9:01:22,JSMR,RG,4150,49,D,GR,EP,D
9:01:10,JSMR,RG,4150,6,D,GR,EP,D
9:01:04,JSMR,RG,4150,50,D,GR,YJ,D
9:00:27,JSMR,RG,4150,6,D,GR,XC,D
9:00:25,JSMR,RG,4160,23,D,AK,YP,D
9:00:23,JSMR,RG,4150,10,D,GR,XC,D
9:00:23,JSMR,RG,4150,2,D,IF,XC,D
9:00:23,JSMR,RG,4150,2,D,CC,XC,D
9:00:23,JSMR,RG,4150,2,D,NI,XC,D
9:00:23,JSMR,RG,4150,2,D,CC,XC,D
9:00:23,JSMR,RG,4150,1,D,YU,XC,D
9:00:23,JSMR,RG,4150,5,D,YP,XC,D
9:00:23,JSMR,RG,4150,200,D,YP,XC,D
9:00:23,JSMR,RG,4150,2,D,CC,XC,D
9:00:23,JSMR,RG,4150,3,D,CC,XC,D
9:00:23,JSMR,RG,4150,11,D,EP,XC,D
9:00:16,JSMR,RG,4160,2,D,AK,YP,D
9:00:13,JSMR,RG,4160,2,D,AK,YP,D
9:00:12,JSMR,RG,4150,4,D,EP,XC,D
9:00:12,JSMR,RG,4150,1,D,DH,XC,D
9:00:11,JSMR,RG,4150,1,D,DH,XC,D
9:00:01,JSMR,RG,4160,5,D,CC,YP,D
8:55:00,JSMR,RG,4150,2,D,DH,EP,D
8:55:00,JSMR,RG,4150,3,D,DH,EP,D
8:55:00,JSMR,RG,4150,6,D,DH,EP,D
8:55:00,JSMR,RG,4150,1,D,EP,EP,D
8:55:00,JSMR,RG,4150,4,D,EP,EP,D
8:55:00,JSMR,RG,4150,3,D,TP,EP,D
8:55:00,JSMR,RG,4150,10,D,TP,EP,D
8:55:00,JSMR,RG,4150,7,D,TP,EP,D
8:55:00,JSMR,RG,4150,3,D,TP,EP,D
8:55:00,JSMR,RG,4150,3,D,TP,SQ,D
8:55:00,JSMR,RG,4150,12,D,TP,PD,D
8:55:00,JSMR,RG,4150,2,D,TP,EP,D
8:55:00,JSMR,RG,4150,4,D,FS,EP,D
8:55:00,JSMR,RG,4150,7,D,FS,EP,D
8:55:00,JSMR,RG,4150,25,D,FS,EP,D
8:55:00,JSMR,RG,4150,1,D,YU,EP,D
8:55:00,JSMR,RG,4150,1,D,SQ,EP,D
8:55:00,JSMR,RG,4150,3,D,CS,EP,D
8:55:00,JSMR,RG,4150,11,D,CS,EP,D
8:55:00,JSMR,RG,4150,3,D,CS,EP,D
8:55:00,JSMR,RG,4150,4,D,CS,EP,D
8:55:00,JSMR,RG,4150,10,D,CS,PD,D
8:55:00,JSMR,RG,4150,3,D,CS,PD,D
8:55:00,JSMR,RG,4150,50,D,CS,OD,D
8:55:00,JSMR,RG,4150,21,D,CS,RX,F