Time,Stock,Brd,Price,Qty,BT,BC,SC,ST
15:09:13,JSMR,RG,3980,2,D,NI,CC,D
15:05:04,JSMR,RG,3980,1,D,YP,CC,D
15:00:00,JSMR,RG,3980,1,D,YP,CC,D
15:00:00,JSMR,RG,3980,5,D,PD,CC,D
15:00:00,JSMR,RG,3980,89,D,ZP,CC,D
15:00:00,JSMR,RG,3980,2,D,YP,CC,D
15:00:00,JSMR,RG,3980,10,D,PD,CC,D
15:00:00,JSMR,RG,3980,13,D,HP,CC,D
15:00:00,JSMR,RG,3980,13,D,PD,CC,D
15:00:00,JSMR,RG,3980,1,D,EP,CC,D
15:00:00,JSMR,RG,3980,7,D,YP,CC,D
15:00:00,JSMR,RG,3980,2,D,YP,CC,D
15:00:00,JSMR,RG,3980,5,D,PD,CC,D
15:00:00,JSMR,RG,3980,34,F,AK,CC,D
15:00:00,JSMR,RG,3980,10,F,AK,DH,D
15:00:00,JSMR,RG,3980,4,F,AK,YU,D
15:00:00,JSMR,RG,3980,26,F,AK,YU,D
15:00:00,JSMR,RG,3980,1,F,AK,KK,D
15:00:00,JSMR,RG,3980,2,F,AK,YP,D
15:00:00,JSMR,RG,3980,1,F,AK,PD,D
15:00:00,JSMR,RG,3980,10,F,AK,PD,D
15:00:00,JSMR,RG,3980,5,F,AK,YP,D
15:00:00,JSMR,RG,3980,1,F,AK,KK,D
15:00:00,JSMR,RG,3980,2,F,AK,PD,D
14:49:56,JSMR,RG,3990,21,D,RX,YP,D
14:49:56,JSMR,RG,3990,4,D,RX,NI,D
14:49:56,JSMR,RG,3990,1,D,RX,YP,D
14:49:56,JSMR,RG,3990,5,D,RX,BQ,D
14:49:56,JSMR,RG,3990,189,D,RX,GR,D
14:49:56,JSMR,RG,3990,10,D,RX,SQ,D
14:49:56,JSMR,RG,3990,2,D,RX,CP,D
14:49:56,JSMR,RG,3990,150,D,RX,IT,D
14:49:56,JSMR,RG,3990,25,D,RX,AO,D
14:49:56,JSMR,RG,3990,1,D,RX,PD,D
14:49:56,JSMR,RG,3990,15,D,RX,AI,D
14:49:56,JSMR,RG,3990,30,D,RX,NI,D
14:49:56,JSMR,RG,3990,100,D,RX,PD,D
14:49:56,JSMR,RG,3990,40,D,RX,CC,D
14:49:56,JSMR,RG,3990,2,D,RX,DH,D
14:49:56,JSMR,RG,3990,1,D,RX,CC,D
14:49:56,JSMR,RG,3990,7,D,RX,PD,D
14:49:56,JSMR,RG,3990,10,D,RX,CC,D
14:49:56,JSMR,RG,3990,20,D,RX,PD,D
14:49:56,JSMR,RG,3990,2,D,RX,DH,D
14:49:56,JSMR,RG,3990,1,D,RX,KK,D
14:49:56,JSMR,RG,3990,106,D,RX,NI,D
14:49:56,JSMR,RG,3990,1,D,RX,YU,D
14:49:56,JSMR,RG,3990,5,D,RX,KK,D
14:49:56,JSMR,RG,3990,30,D,RX,CC,D
14:49:56,JSMR,RG,3990,25,D,RX,NI,D
14:49:56,JSMR,RG,3990,2,D,RX,IT,D
14:49:54,JSMR,RG,3980,5,D,ZP,PD,D
14:49:45,JSMR,RG,3980,3,D,ZP,AK,F
14:49:41,JSMR,RG,3990,1,D,NI,IT,D
14:49:32,JSMR,RG,3980,70,D,ZP,HP,D
14:49:03,JSMR,RG,3980,3,D,ZP,CS,D
14:49:00,JSMR,RG,3980,1,D,ZP,AK,F
14:48:59,JSMR,RG,3980,16,D,ZP,AK,F
14:48:59,JSMR,RG,3980,1,D,ZP,AK,F
14:48:59,JSMR,RG,3980,1,D,ZP,AK,F
14:48:59,JSMR,RG,3980,1,D,ZP,AK,F
14:48:49,JSMR,RG,3980,50,D,PD,AK,F
14:48:49,JSMR,RG,3980,15,D,NI,AK,F
14:48:49,JSMR,RG,3980,100,D,YP,AK,F
14:48:49,JSMR,RG,3980,44,D,RX,AK,F
14:48:47,JSMR,RG,3980,60,D,RX,CS,D
14:48:47,JSMR,RG,3980,3,D,ZP,CS,D
14:48:47,JSMR,RG,3980,16,D,ZP,CS,D
14:48:47,JSMR,RG,3980,44,D,ZP,CS,D
14:48:47,JSMR,RG,3980,16,D,ZP,CS,D
14:48:47,JSMR,RG,3980,12,D,ZP,CS,D
14:48:46,JSMR,RG,3980,7,D,ZP,PD,D
14:48:06,JSMR,RG,3990,6,D,RX,IT,D
14:48:02,JSMR,RG,3980,1,D,ZP,AK,F
14:48:01,JSMR,RG,3990,21,F,AK,IT,D
14:48:00,JSMR,RG,3980,1,D,ZP,AK,F
14:47:57,JSMR,RG,3990,3,D,RX,IT,D
14:47:56,JSMR,RG,3980,1,D,ZP,CS,D
14:47:56,JSMR,RG,3980,3,D,ZP,CS,D
14:47:56,JSMR,RG,3980,1,D,ZP,CS,D
14:47:56,JSMR,RG,3980,8,D,ZP,CS,D
14:47:54,JSMR,RG,3990,6,D,RX,IT,D
14:47:52,JSMR,RG,3980,2,D,ZP,AK,F
14:47:51,JSMR,RG,3980,23,D,ZP,CS,D
14:47:46,JSMR,RG,3990,10,D,RX,IT,D
14:47:46,JSMR,RG,3980,2,D,ZP,AK,F
14:47:45,JSMR,RG,3980,1,D,ZP,AK,F
14:47:45,JSMR,RG,3980,3,D,ZP,AK,F
14:47:45,JSMR,RG,3980,38,D,ZP,CS,D
14:47:38,JSMR,RG,3990,1,D,RX,IT,D
14:47:37,JSMR,RG,3990,3,D,PD,IT,D
14:47:35,JSMR,RG,3990,13,D,RX,IT,D
14:47:34,JSMR,RG,3990,26,D,NI,IT,D
14:47:34,JSMR,RG,3980,33,D,ZP,CS,D
14:47:32,JSMR,RG,3990,1,D,RX,IT,D
14:47:30,JSMR,RG,3980,4,D,ZP,AK,F
14:47:29,JSMR,RG,3990,3,D,RX,IT,D
14:47:27,JSMR,RG,3980,7,D,ZP,YP,D
14:47:27,JSMR,RG,3980,3,D,ZP,YP,D
14:47:26,JSMR,RG,3990,12,D,RX,IT,D
14:47:24,JSMR,RG,3980,12,D,ZP,CS,D
14:47:24,JSMR,RG,3980,42,D,ZP,CS,D
14:47:19,JSMR,RG,3990,1,D,RX,IT,D
14:47:17,JSMR,RG,3980,2,D,ZP,AK,F
14:47:16,JSMR,RG,3990,39,D,RX,IT,D
14:47:15,JSMR,RG,3980,5,D,ZP,AK,F
14:47:08,JSMR,RG,3980,26,D,ZP,CS,D
14:47:08,JSMR,RG,3980,23,D,ZP,CS,D
14:47:07,JSMR,RG,3980,5,D,ZP,DH,D
14:47:01,JSMR,RG,3980,26,D,ZP,PD,D
14:46:55,JSMR,RG,3980,3,D,ZP,AK,F
14:46:54,JSMR,RG,3980,71,D,ZP,CS,D
14:46:45,JSMR,RG,3980,9,D,ZP,AK,F
14:46:44,JSMR,RG,3990,2,D,RX,IT,D
14:46:44,JSMR,RG,3990,1,D,RX,YP,D
14:46:44,JSMR,RG,3990,5,D,RX,TP,D
14:46:44,JSMR,RG,3990,25,D,RX,XC,D
14:46:44,JSMR,RG,3990,7,D,RX,IP,D
14:46:43,JSMR,RG,3990,2,D,AT,IP,D
14:46:42,JSMR,RG,3990,21,D,PD,IP,D
14:46:42,JSMR,RG,3990,2,D,PD,DR,D
14:46:42,JSMR,RG,3990,5,D,PD,CC,D
14:46:42,JSMR,RG,3990,7,D,PD,CC,D
14:46:42,JSMR,RG,3990,1,D,PD,DR,D
14:46:42,JSMR,RG,3990,4,D,PD,EP,D
14:46:42,JSMR,RG,3990,5,D,PD,YP,D
14:46:42,JSMR,RG,3990,1,D,PD,PD,D
14:46:42,JSMR,RG,3990,1,D,PD,PD,D
14:46:42,JSMR,RG,3990,8,D,PD,XC,D
14:46:39,JSMR,RG,3980,1,D,PD,EP,D
14:46:34,JSMR,RG,3980,10,D,PD,YP,D
14:46:34,JSMR,RG,3980,48,D,PD,CS,D
14:46:30,JSMR,RG,3980,3,D,PD,AK,F
14:46:20,JSMR,RG,3980,50,D,PD,CS,D
14:46:20,JSMR,RG,3980,10,D,RX,CS,D
14:46:05,JSMR,RG,3980,5,D,RX,AK,F
14:46:04,JSMR,RG,3980,101,D,RX,CS,D
14:45:27,JSMR,RG,3980,1,D,RX,CS,D
14:45:27,JSMR,RG,3980,2,D,RX,CS,D
14:45:27,JSMR,RG,3980,3,D,RX,CS,D
14:45:27,JSMR,RG,3970,2,D,PD,AK,F
14:45:26,JSMR,RG,3980,9,D,RX,CS,D
14:45:26,JSMR,RG,3980,15,D,RX,CS,D
14:45:26,JSMR,RG,3980,2,D,RX,AK,F
14:45:26,JSMR,RG,3980,2,D,RX,CS,D
14:45:25,JSMR,RG,3980,22,D,RX,CS,D
14:45:25,JSMR,RG,3980,2,D,RX,XC,D
14:45:25,JSMR,RG,3980,3,D,RX,PD,D
14:45:25,JSMR,RG,3980,20,D,RX,CC,D
14:45:25,JSMR,RG,3980,6,D,RX,AK,F
14:45:25,JSMR,RG,3980,5,D,RX,YP,D
14:45:25,JSMR,RG,3980,4,D,RX,XC,D
14:45:25,JSMR,RG,3980,10,D,RX,GR,D
14:45:25,JSMR,RG,3980,4,D,RX,LG,D
14:45:25,JSMR,RG,3980,70,D,RX,AK,F
14:45:25,JSMR,RG,3980,4,D,RX,AK,F
14:45:25,JSMR,RG,3980,1,D,RX,AK,F
14:45:25,JSMR,RG,3980,121,D,RX,PD,D
14:45:25,JSMR,RG,3970,8,D,PD,AK,F
14:45:24,JSMR,RG,3970,144,D,PD,CS,D
14:44:57,JSMR,RG,3970,4,D,PD,AK,F
14:44:55,JSMR,RG,3970,72,D,PD,AK,F
14:44:48,JSMR,RG,3970,1,D,EP,CS,D
14:44:48,JSMR,RG,3970,4,D,EP,PC,D
14:44:42,JSMR,RG,3960,12,D,ZP,AK,F
14:44:41,JSMR,RG,3960,74,D,ZP,CS,D
14:44:41,JSMR,RG,3960,47,D,RX,CS,D
14:44:41,JSMR,RG,3960,101,D,PD,CS,D
14:44:23,JSMR,RG,3970,10,D,RX,CS,D
14:44:22,JSMR,RG,3960,4,D,PD,AK,F
14:44:20,JSMR,RG,3960,64,D,PD,AI,F
14:43:38,JSMR,RG,3970,7,D,RX,CS,D
14:43:27,JSMR,RG,3970,1,D,RX,AK,F
14:43:26,JSMR,RG,3970,8,D,YP,CS,D
14:43:26,JSMR,RG,3970,1,D,YP,AK,F
14:43:26,JSMR,RG,3970,15,D,YP,CS,D
14:43:26,JSMR,RG,3970,1,D,YP,CS,D
14:43:26,JSMR,RG,3970,2,D,YP,CS,D
14:43:26,JSMR,RG,3970,3,D,YP,XC,D
14:43:26,JSMR,RG,3970,1,D,YP,AK,F
14:43:26,JSMR,RG,3970,6,D,YP,CS,D
14:43:26,JSMR,RG,3970,13,D,YP,CC,D
14:43:18,JSMR,RG,3960,16,D,PD,AK,F
14:43:17,JSMR,RG,3960,244,D,PD,CS,D
14:43:17,JSMR,RG,3960,1,D,YP,CS,D
14:43:17,JSMR,RG,3960,69,D,RX,CS,D
14:41:37,JSMR,RG,3960,3,D,RX,AK,F
14:41:37,JSMR,RG,3960,1,D,RX,AK,F
14:41:37,JSMR,RG,3970,1,F,CS,CS,D
14:41:37,JSMR,RG,3970,2,F,CS,CS,D
14:41:37,JSMR,RG,3970,72,D,RX,CS,D
14:41:35,JSMR,RG,3970,2,D,RX,KK,D
14:41:17,JSMR,RG,3970,1,D,RX,CS,D
14:41:16,JSMR,RG,3970,1,D,RX,CS,D
14:41:16,JSMR,RG,3970,1,D,RX,YU,D
14:41:16,JSMR,RG,3970,1,D,RX,YU,D
14:41:14,JSMR,RG,3960,17,D,RX,AK,F
14:41:13,JSMR,RG,3960,282,D,RX,CS,D
14:41:13,JSMR,RG,3960,1,D,ZP,CS,D
14:41:13,JSMR,RG,3960,39,F,AK,CS,D
14:41:00,JSMR,RG,3960,2,F,AK,YU,D
14:39:59,JSMR,RG,3960,1,F,AK,AK,F
14:39:49,JSMR,RG,3960,3,F,AK,CS,D
14:39:48,JSMR,RG,3960,3,F,AK,CS,D
14:39:48,JSMR,RG,3970,1,F,CS,CS,D
14:39:48,JSMR,RG,3970,4,D,RX,CS,D
14:39:48,JSMR,RG,3970,2,D,RX,CS,D
14:39:47,JSMR,RG,3970,2,D,RX,CS,D
14:39:47,JSMR,RG,3970,1,D,RX,CS,D
14:39:47,JSMR,RG,3970,3,D,RX,AK,F
14:39:44,JSMR,RG,3960,2,F,AK,CS,D
14:39:44,JSMR,RG,3960,2,D,SQ,CS,D
14:39:44,JSMR,RG,3970,46,F,AK,CS,D
14:39:44,JSMR,RG,3970,1,F,CS,CS,D
14:39:43,JSMR,RG,3970,12,D,RX,CS,D
14:39:42,JSMR,RG,3970,1,D,RX,AK,F
14:39:39,JSMR,RG,3960,2,D,NI,AK,F
14:39:38,JSMR,RG,3970,11,D,PD,CS,D
14:39:38,JSMR,RG,3970,20,D,PD,YP,D
14:39:38,JSMR,RG,3970,1,D,PD,YU,D
14:39:38,JSMR,RG,3970,3,D,PD,CS,D
14:39:38,JSMR,RG,3970,10,D,PD,YP,D
14:39:38,JSMR,RG,3970,1,D,PD,CS,D
14:39:38,JSMR,RG,3970,4,D,PD,XC,D
14:39:08,JSMR,RG,3970,1,D,YP,CS,D
14:39:04,JSMR,RG,3970,1,D,CC,YU,D
14:39:04,JSMR,RG,3970,1,D,CC,YU,D
14:38:49,JSMR,RG,3970,3,D,RX,CS,D
14:38:48,JSMR,RG,3970,1,D,RX,AK,F
14:38:47,JSMR,RG,3970,1,D,YP,AK,F
14:38:47,JSMR,RG,3980,4,D,RX,PD,D
14:38:46,JSMR,RG,3970,26,F,AK,CS,D
14:38:45,JSMR,RG,3970,3,F,AK,YU,D
14:38:38,JSMR,RG,3970,1,F,AK,AK,F
14:38:36,JSMR,RG,3980,1,D,RX,CS,D
14:38:36,JSMR,RG,3980,5,D,PD,CS,D
14:38:33,JSMR,RG,3980,1,D,RX,AK,F
14:38:32,JSMR,RG,3980,4,F,CS,CS,D
14:38:31,JSMR,RG,3980,3,D,CC,AK,F
14:38:31,JSMR,RG,3980,15,D,RX,AK,F
14:38:30,JSMR,RG,3980,1,F,CS,CS,D
14:38:30,JSMR,RG,3980,7,D,RX,CS,D
14:38:27,JSMR,RG,3980,20,D,RX,CS,D
14:38:27,JSMR,RG,3980,19,D,RX,HP,D
14:38:27,JSMR,RG,3980,21,D,AG,HP,D
14:38:19,JSMR,RG,3980,46,D,AG,CS,D
14:38:14,JSMR,RG,3980,25,D,AG,GR,D
14:38:00,JSMR,RG,3980,8,D,AG,CS,D
14:38:00,JSMR,RG,3980,42,D,YP,CS,D
14:37:40,JSMR,RG,3980,38,D,YP,CS,D
14:37:40,JSMR,RG,3980,1,F,CS,CS,D
14:37:40,JSMR,RG,3980,35,D,YP,CS,D
14:37:22,JSMR,RG,3980,24,D,YP,XC,D
14:37:10,JSMR,RG,3980,21,D,YP,CS,D
14:37:10,JSMR,RG,3980,49,F,AK,CS,D
14:36:40,JSMR,RG,3980,2,F,AK,CS,D
14:36:40,JSMR,RG,3980,2,F,AK,CS,D
14:36:39,JSMR,RG,3970,4,F,AK,CS,D
14:36:39,JSMR,RG,3980,2,F,AK,CS,D
14:36:39,JSMR,RG,3980,8,F,AK,CS,D
14:36:39,JSMR,RG,3980,3,F,AK,CS,D
14:36:39,JSMR,RG,3980,11,F,AK,CS,D
14:36:39,JSMR,RG,3980,5,F,AK,CS,D
14:36:39,JSMR,RG,3980,4,F,AK,PD,D
14:36:39,JSMR,RG,3980,5,F,AK,DH,D
14:36:39,JSMR,RG,3980,1,F,AK,YP,D
14:36:39,JSMR,RG,3980,5,F,AK,PD,D
14:36:39,JSMR,RG,3980,85,F,AK,XC,D
14:36:37,JSMR,RG,3980,106,F,AK,XC,D
14:36:37,JSMR,RG,3970,6,F,AK,AK,F
14:36:37,JSMR,RG,3970,1,F,CS,AK,F
14:36:37,JSMR,RG,3970,32,D,RX,AK,F
14:36:37,JSMR,RG,3980,9,D,PD,XC,D
14:36:37,JSMR,RG,3980,250,D,PD,DH,D
14:36:37,JSMR,RG,3980,10,D,PD,PD,D
14:36:37,JSMR,RG,3980,30,D,PD,AK,F
14:36:37,JSMR,RG,3980,4,D,PD,AK,F
14:36:37,JSMR,RG,3980,1,D,PD,YP,D
14:36:37,JSMR,RG,3980,1,D,PD,NI,D
14:36:37,JSMR,RG,3980,10,D,PD,CC,D
14:36:37,JSMR,RG,3980,68,D,PD,PD,D
14:36:37,JSMR,RG,3980,30,D,PD,OD,D
14:36:37,JSMR,RG,3980,10,D,PD,SQ,D
14:36:37,JSMR,RG,3980,3,D,PD,PD,D
14:36:37,JSMR,RG,3980,5,D,PD,SQ,D
14:36:37,JSMR,RG,3980,1,D,PD,PD,D
14:36:37,JSMR,RG,3980,60,D,PD,CC,D
14:36:37,JSMR,RG,3980,2,D,PD,CP,D
14:36:37,JSMR,RG,3980,2,D,PD,LG,D
14:36:37,JSMR,RG,3980,250,D,PD,DH,D
14:36:37,JSMR,RG,3980,10,D,PD,CC,D
14:36:37,JSMR,RG,3980,2,D,PD,SQ,D
14:36:37,JSMR,RG,3980,9,D,PD,PD,D
14:36:37,JSMR,RG,3980,30,D,PD,NI,D
14:36:37,JSMR,RG,3980,20,D,PD,YP,D
14:36:37,JSMR,RG,3980,1,D,PD,YP,D
14:36:37,JSMR,RG,3980,5,D,PD,YP,D
14:36:37,JSMR,RG,3980,3,D,PD,PD,D
14:36:21,JSMR,RG,3970,7,D,RX,AK,F
14:36:21,JSMR,RG,3970,1,D,RX,AK,F
14:36:21,JSMR,RG,3970,1,D,RX,YU,D
14:36:21,JSMR,RG,3970,100,D,RX,KK,D
14:36:21,JSMR,RG,3970,16,D,RX,CS,D
14:36:21,JSMR,RG,3970,19,D,RX,CS,D
14:36:21,JSMR,RG,3970,16,D,RX,CS,D
14:36:21,JSMR,RG,3970,1,D,RX,CS,D
14:36:21,JSMR,RG,3970,19,D,RX,CS,D
14:36:21,JSMR,RG,3970,17,D,RX,CS,D
14:36:21,JSMR,RG,3970,17,D,RX,CS,D
14:36:21,JSMR,RG,3970,1,D,RX,CC,D
14:36:21,JSMR,RG,3970,1,D,RX,XC,D
14:36:21,JSMR,RG,3970,73,D,RX,YP,D
14:36:21,JSMR,RG,3970,1,D,RX,AK,F
14:36:21,JSMR,RG,3970,3,D,RX,NI,D
14:36:21,JSMR,RG,3970,1,D,RX,PD,D
14:36:21,JSMR,RG,3970,3,D,RX,GR,D
14:36:21,JSMR,RG,3970,1,D,RX,YP,D
14:36:21,JSMR,RG,3970,4,D,RX,PD,D
14:36:21,JSMR,RG,3970,5,D,RX,KK,D
14:36:21,JSMR,RG,3970,5,D,RX,LS,D
14:36:21,JSMR,RG,3970,20,D,RX,PD,D
14:36:21,JSMR,RG,3970,1,D,RX,YP,D
14:36:21,JSMR,RG,3970,3,D,RX,PD,D
14:36:21,JSMR,RG,3970,1,D,RX,YU,D
14:36:21,JSMR,RG,3970,4,D,RX,AK,F
14:36:21,JSMR,RG,3970,1,D,RX,YU,D
14:36:21,JSMR,RG,3970,3,D,RX,PD,D
14:36:21,JSMR,RG,3970,20,D,RX,YP,D
14:36:21,JSMR,RG,3970,160,D,RX,CC,D
14:36:21,JSMR,RG,3970,10,D,RX,NI,D
14:36:21,JSMR,RG,3970,15,D,RX,AK,F
14:36:21,JSMR,RG,3970,1,D,RX,CC,D
14:36:21,JSMR,RG,3970,17,D,RX,DR,D
14:35:51,JSMR,RG,3960,2,D,RX,XA,D
14:35:39,JSMR,RG,3960,1,D,RX,AK,F
14:35:37,JSMR,RG,3960,2,D,RX,YU,D
14:34:44,JSMR,RG,3960,4,D,RX,AK,F
14:34:43,JSMR,RG,3970,33,D,RX,DR,D
14:34:43,JSMR,RG,3970,10,D,RX,OD,D
14:34:43,JSMR,RG,3970,15,D,RX,NI,D
14:34:43,JSMR,RG,3970,6,D,RX,PD,D
14:34:43,JSMR,RG,3970,1,D,RX,YP,D
14:34:43,JSMR,RG,3970,2,D,RX,CC,D
14:34:43,JSMR,RG,3970,20,D,RX,DH,D
14:34:42,JSMR,RG,3960,1,D,RX,AK,F
14:34:40,JSMR,RG,3970,8,D,PD,DH,D
14:34:10,JSMR,RG,3960,2,D,RX,YU,D
14:33:14,JSMR,RG,3960,5,D,RX,AK,F
14:33:13,JSMR,RG,3960,6,D,RX,CS,D
14:33:13,JSMR,RG,3960,6,F,AK,CS,D
14:33:13,JSMR,RG,3960,12,F,AK,CS,D
14:33:13,JSMR,RG,3960,17,F,AK,CS,D
14:33:13,JSMR,RG,3960,10,F,AK,CS,D
14:33:13,JSMR,RG,3960,3,D,ZP,CS,D
14:33:13,JSMR,RG,3960,6,D,ZP,CS,D
14:33:13,JSMR,RG,3960,7,D,ZP,CS,D
14:33:13,JSMR,RG,3960,3,D,ZP,CS,D
14:33:13,JSMR,RG,3960,1,D,ZP,CS,D
14:33:13,JSMR,RG,3960,15,D,ZP,CS,D
14:33:13,JSMR,RG,3960,2,D,ZP,CS,D
14:33:13,JSMR,RG,3960,3,D,ZP,CS,D
14:33:13,JSMR,RG,3960,4,D,ZP,CS,D
14:33:13,JSMR,RG,3960,3,D,ZP,CS,D
14:33:13,JSMR,RG,3960,4,D,ZP,CS,D
14:32:49,JSMR,RG,3960,1,D,ZP,CS,D
14:32:30,JSMR,RG,3960,2,D,ZP,YU,D
14:32:00,JSMR,RG,3960,7,D,ZP,AK,F
14:32:00,JSMR,RG,3960,1,D,ZP,AK,F
14:31:59,JSMR,RG,3960,1,D,ZP,CS,D
14:31:59,JSMR,RG,3960,16,D,ZP,CS,D
14:31:59,JSMR,RG,3960,25,D,ZP,CS,D
14:31:59,JSMR,RG,3960,1,D,ZP,CS,D
14:31:59,JSMR,RG,3960,88,D,ZP,CS,D
14:31:59,JSMR,RG,3960,2,D,ZP,CS,D
14:31:59,JSMR,RG,3960,5,D,ZP,CS,D
14:31:59,JSMR,RG,3960,19,D,ZP,CS,D
14:31:57,JSMR,RG,3960,1,D,ZP,AK,F
14:31:57,JSMR,RG,3960,1,D,ZP,PD,D
14:31:40,JSMR,RG,3960,1,D,ZP,AK,F
14:31:39,JSMR,RG,3960,4,D,ZP,CS,D
14:31:39,JSMR,RG,3960,7,D,ZP,CS,D
14:31:39,JSMR,RG,3960,8,D,ZP,CS,D
14:31:39,JSMR,RG,3960,2,D,ZP,CS,D
14:31:08,JSMR,RG,3960,2,D,ZP,AK,F
14:31:07,JSMR,RG,3960,12,D,ZP,CS,D
14:31:07,JSMR,RG,3960,21,D,ZP,CS,D
14:31:07,JSMR,RG,3960,7,D,ZP,CS,D
14:30:50,JSMR,RG,3960,2,D,ZP,YU,D
14:30:42,JSMR,RG,3960,1,D,ZP,AK,F
14:30:41,JSMR,RG,3960,25,D,ZP,CC,D
14:29:35,JSMR,RG,3960,3,D,ZP,AK,F
14:29:35,JSMR,RG,3960,4,D,ZP,AK,F
14:29:34,JSMR,RG,3960,4,D,ZP,CS,D
14:29:34,JSMR,RG,3960,15,D,ZP,CS,D
14:29:34,JSMR,RG,3960,7,D,ZP,CS,D
14:29:34,JSMR,RG,3960,16,D,ZP,CS,D
14:29:34,JSMR,RG,3960,16,D,ZP,CS,D
14:29:34,JSMR,RG,3960,4,D,ZP,CS,D
14:29:34,JSMR,RG,3960,21,D,ZP,CS,D
14:29:34,JSMR,RG,3960,4,D,ZP,CS,D
14:29:34,JSMR,RG,3960,12,D,ZP,CS,D
14:29:34,JSMR,RG,3960,6,D,ZP,CS,D
14:29:34,JSMR,RG,3960,4,D,ZP,CS,D
14:29:34,JSMR,RG,3960,13,D,ZP,CS,D
14:29:34,JSMR,RG,3960,5,D,ZP,CS,D
14:29:10,JSMR,RG,3960,3,D,ZP,YU,D
14:27:59,JSMR,RG,3960,1,D,ZP,CS,D
14:27:58,JSMR,RG,3960,1,D,ZP,CS,D
14:27:58,JSMR,RG,3960,1,D,ZP,CS,D
14:27:58,JSMR,RG,3960,2,D,ZP,YU,D
14:27:12,JSMR,RG,3960,4,D,RX,CS,D
14:27:03,JSMR,RG,3960,1,D,RX,AK,F
14:27:02,JSMR,RG,3960,10,D,RX,CS,D
14:26:53,JSMR,RG,3960,2,D,RX,AK,F
14:26:52,JSMR,RG,3960,7,D,RX,CS,D
14:26:52,JSMR,RG,3960,22,F,AK,CS,D
14:26:27,JSMR,RG,3970,10,D,RX,DH,D
14:26:27,JSMR,RG,3970,2,D,RX,SQ,D
14:26:27,JSMR,RG,3960,3,F,AK,AK,F
14:26:26,JSMR,RG,3960,1,F,AK,AK,F
14:26:25,JSMR,RG,3960,14,F,AK,CS,D
14:26:25,JSMR,RG,3960,37,D,RX,CS,D
14:26:25,JSMR,RG,3970,8,D,RX,SQ,D
14:26:25,JSMR,RG,3970,1,D,RX,GR,D
14:26:25,JSMR,RG,3970,4,D,RX,PD,D
14:26:25,JSMR,RG,3970,13,D,RX,CC,D
14:26:20,JSMR,RG,3970,1,D,CC,CC,D
14:25:50,JSMR,RG,3960,2,D,RX,YU,D
14:25:44,JSMR,RG,3960,8,D,RX,AK,F
14:25:43,JSMR,RG,3960,150,D,RX,SQ,D
14:25:37,JSMR,RG,3960,1,D,RX,AK,F
14:25:35,JSMR,RG,3960,2,D,RX,PD,D
14:25:35,JSMR,RG,3960,1,D,RX,PD,D
14:25:35,JSMR,RG,3960,2,D,RX,CS,D
14:25:35,JSMR,RG,3960,3,D,CC,CS,D
14:25:32,JSMR,RG,3960,2,D,CC,AK,F
14:25:31,JSMR,RG,3960,24,F,AK,CS,D
14:25:31,JSMR,RG,3960,23,D,RX,CS,D
14:25:30,JSMR,RG,3960,1,D,RX,CS,D
14:25:14,JSMR,RG,3960,1,D,RX,AK,F
14:25:12,JSMR,RG,3960,14,D,RX,CS,D
14:24:28,JSMR,RG,3960,1,D,RX,AK,F
14:24:28,JSMR,RG,3960,1,F,CS,AK,F
14:24:28,JSMR,RG,3960,2,F,CS,AK,F
14:24:26,JSMR,RG,3960,40,F,AK,CS,D
14:24:26,JSMR,RG,3960,44,F,AK,CS,D
14:24:26,JSMR,RG,3960,1,F,AK,PD,D
14:24:25,JSMR,RG,3960,1,F,AK,AK,F
14:24:24,JSMR,RG,3960,3,F,AK,KK,D
14:24:24,JSMR,RG,3960,1,F,AK,AK,F
14:24:23,JSMR,RG,3960,1,F,AK,CS,D
14:24:23,JSMR,RG,3960,26,F,AK,CS,D
14:24:23,JSMR,RG,3960,1,D,YP,AK,F
14:24:21,JSMR,RG,3960,20,D,YP,CS,D
14:24:21,JSMR,RG,3960,1,D,YP,YU,D
14:24:21,JSMR,RG,3960,1,D,YP,YU,D
14:24:21,JSMR,RG,3960,1,D,YP,YU,D
14:24:21,JSMR,RG,3960,1,D,YP,CS,D
14:24:21,JSMR,RG,3960,1,D,YP,YU,D
14:23:36,JSMR,RG,3960,1,D,YP,YU,D
14:22:04,JSMR,RG,3950,1,D,ZP,AK,F
14:22:04,JSMR,RG,3960,1,F,CS,CS,D
14:22:04,JSMR,RG,3960,1,F,CS,CS,D
14:22:04,JSMR,RG,3960,1,F,CS,CS,D
14:22:04,JSMR,RG,3960,6,D,RX,CS,D
14:21:51,JSMR,RG,3960,2,D,RX,AK,F
14:21:50,JSMR,RG,3960,30,F,AK,CS,D
14:21:50,JSMR,RG,3960,2,D,EP,CS,D
14:21:50,JSMR,RG,3960,10,D,YP,CS,D
14:21:50,JSMR,RG,3960,1,F,CS,CS,D
14:21:50,JSMR,RG,3960,5,D,RX,CS,D
14:21:00,JSMR,RG,3960,1,D,RX,AK,F
14:21:00,JSMR,RG,3960,1,D,RX,AK,F
14:20:59,JSMR,RG,3960,1,D,RX,AK,F
14:20:59,JSMR,RG,3960,10,D,RX,CS,D
14:20:59,JSMR,RG,3960,1,F,CS,CS,D
14:20:59,JSMR,RG,3960,16,F,AK,CS,D
14:20:58,JSMR,RG,3970,21,D,RX,CC,D
14:20:57,JSMR,RG,3960,1,F,AK,AK,F
14:20:56,JSMR,RG,3960,12,F,AK,DR,D
14:20:43,JSMR,RG,3960,2,F,AK,YU,D
14:20:32,JSMR,RG,3960,3,F,AK,AK,F
14:20:31,JSMR,RG,3960,47,F,AK,CS,D
14:20:31,JSMR,RG,3960,25,F,AK,CS,D
14:19:56,JSMR,RG,3970,1,D,RX,CC,D
14:19:54,JSMR,RG,3960,3,F,AK,AK,F
14:19:53,JSMR,RG,3970,48,D,RX,CC,D
14:19:28,JSMR,RG,3960,2,F,AK,AK,F
14:19:27,JSMR,RG,3970,16,D,RX,CC,D
14:19:27,JSMR,RG,3970,1,D,RX,PD,D
14:19:27,JSMR,RG,3970,1,D,RX,LG,D
14:19:27,JSMR,RG,3970,6,D,RX,LG,D
14:19:27,JSMR,RG,3970,2,D,RX,YP,D
14:19:27,JSMR,RG,3970,4,D,RX,CC,D
14:19:26,JSMR,RG,3960,9,F,AK,AK,F
14:19:25,JSMR,RG,3960,141,D,RX,CS,D
14:19:25,JSMR,RG,3970,16,F,AK,CC,D
14:19:25,JSMR,RG,3970,4,F,AK,PD,D
14:19:25,JSMR,RG,3970,5,F,AK,YP,D
14:19:25,JSMR,RG,3970,28,F,AK,LG,D
14:19:25,JSMR,RG,3970,5,F,AK,PD,D
14:19:25,JSMR,RG,3970,3,F,AK,DR,D
14:19:25,JSMR,RG,3970,13,F,AK,DR,D
14:19:25,JSMR,RG,3970,3,F,AK,TF,D
14:19:25,JSMR,RG,3970,10,F,AK,XC,D
14:19:25,JSMR,RG,3970,10,F,AK,XC,D
14:19:25,JSMR,RG,3970,5,F,AK,XC,D
14:19:25,JSMR,RG,3970,7,F,AK,AK,F
14:19:25,JSMR,RG,3970,5,F,AK,KK,D
14:19:25,JSMR,RG,3970,1,F,AK,DH,D
14:19:25,JSMR,RG,3970,1,F,AK,NI,D
14:19:25,JSMR,RG,3970,1,F,AK,PD,D
14:19:25,JSMR,RG,3970,5,F,AK,NI,D
14:19:24,JSMR,RG,3960,18,D,RX,CS,D
14:19:24,JSMR,RG,3960,1,D,RX,YU,D
14:19:24,JSMR,RG,3960,7,D,RX,CS,D
14:19:24,JSMR,RG,3960,1,D,RX,YU,D
14:19:24,JSMR,RG,3960,1,D,RX,YU,D
14:19:24,JSMR,RG,3960,1,D,RX,PG,D
14:19:24,JSMR,RG,3960,1,D,RX,CS,D
14:19:24,JSMR,RG,3960,2,D,RX,PD,D
14:19:24,JSMR,RG,3960,1,D,RX,YU,D
14:19:24,JSMR,RG,3960,8,D,RX,CS,D
14:19:24,JSMR,RG,3960,10,D,RX,CC,D
14:19:24,JSMR,RG,3960,3,D,RX,YU,D
14:19:24,JSMR,RG,3960,5,D,RX,CS,D
14:18:43,JSMR,RG,3950,1,D,ZP,PD,D
14:16:49,JSMR,RG,3960,1,D,YP,CS,D
14:15:36,JSMR,RG,3950,2,D,ZP,CC,D
14:14:51,JSMR,RG,3950,1,D,ZP,AK,F
14:14:50,JSMR,RG,3960,5,D,YP,DH,D
14:14:01,JSMR,RG,3960,5,D,YP,DH,D
14:12:52,JSMR,RG,3960,5,D,RX,CS,D
14:12:50,JSMR,RG,3960,5,D,YP,CS,D
14:12:49,JSMR,RG,3960,1,F,CS,CS,D
14:12:48,JSMR,RG,3960,1,D,RX,AK,F
14:12:47,JSMR,RG,3950,5,D,ZP,DR,D
14:12:28,JSMR,RG,3950,1,D,ZP,RG,D
14:12:21,JSMR,RG,3960,5,D,YP,CS,D
14:12:14,JSMR,RG,3950,1,D,ZP,CS,D
14:12:14,JSMR,RG,3960,1,D,YP,CS,D
14:12:14,JSMR,RG,3960,2,D,YP,CS,D
14:12:14,JSMR,RG,3960,2,D,YP,YU,D
14:11:46,JSMR,RG,3950,1,D,ZP,CS,D
14:11:45,JSMR,RG,3960,1,D,RX,AK,F
14:11:44,JSMR,RG,3960,5,D,YP,CS,D
14:11:19,JSMR,RG,3960,3,D,RX,CS,D
14:11:08,JSMR,RG,3960,5,D,RX,CS,D
14:11:06,JSMR,RG,3960,1,D,RX,AK,F
14:11:05,JSMR,RG,3960,12,D,RX,DR,D
14:11:02,JSMR,RG,3960,1,D,RX,AK,F
14:11:01,JSMR,RG,3960,4,D,RX,AK,F
14:11:01,JSMR,RG,3960,3,D,RX,CS,D
14:11:01,JSMR,RG,3960,26,F,AK,CS,D
14:11:01,JSMR,RG,3960,4,D,YP,CS,D
14:11:00,JSMR,RG,3960,1,D,YP,CS,D
14:11:00,JSMR,RG,3960,75,F,AK,CS,D
14:11:00,JSMR,RG,3960,1,F,AK,AK,F
14:10:59,JSMR,RG,3960,17,D,RX,CS,D
14:10:58,JSMR,RG,3950,3,D,ZP,AK,F
14:10:57,JSMR,RG,3960,1,D,RX,AK,F
14:10:57,JSMR,RG,3960,1,D,RX,CS,D
14:10:56,JSMR,RG,3950,23,D,ZP,CS,D
14:10:56,JSMR,RG,3950,2,D,ZP,CS,D
14:10:56,JSMR,RG,3950,10,D,YP,CS,D
14:10:56,JSMR,RG,3950,41,D,YP,CS,D
14:10:55,JSMR,RG,3950,1,D,YP,AK,F
14:10:54,JSMR,RG,3960,1,F,AK,CS,D
14:10:54,JSMR,RG,3960,9,D,RX,CS,D
14:10:54,JSMR,RG,3960,1,D,RX,CS,D
14:10:53,JSMR,RG,3960,4,D,RX,CS,D
14:10:53,JSMR,RG,3960,4,D,RX,AK,F
14:10:51,JSMR,RG,3950,8,D,YP,CS,D
14:10:51,JSMR,RG,3950,1,D,KK,CS,D
14:10:51,JSMR,RG,3950,42,F,AK,CS,D
14:10:51,JSMR,RG,3960,25,D,GR,CS,D
14:10:51,JSMR,RG,3960,1,D,RX,CS,D
14:10:49,JSMR,RG,3960,1,F,CS,CS,D
14:10:47,JSMR,RG,3960,1,F,CS,AK,F
14:10:47,JSMR,RG,3950,2,F,AK,CS,D
14:10:47,JSMR,RG,3960,1,D,RX,CS,D
14:10:46,JSMR,RG,3960,1,D,RX,CS,D
14:10:46,JSMR,RG,3960,1,D,RX,CS,D
14:10:46,JSMR,RG,3960,1,D,RX,YU,D
14:10:45,JSMR,RG,3950,16,F,AK,CC,D
14:09:23,JSMR,RG,3950,1,F,AK,AK,F
14:09:22,JSMR,RG,3960,1,D,RX,CS,D
14:09:19,JSMR,RG,3960,1,D,YP,YU,D
14:09:19,JSMR,RG,3960,1,D,YP,CS,D
14:09:19,JSMR,RG,3960,1,D,YP,CS,D
14:09:19,JSMR,RG,3960,2,D,YP,YU,D
14:06:55,JSMR,RG,3950,5,F,AK,AK,F
14:06:54,JSMR,RG,3950,2,F,AK,DR,D
14:06:54,JSMR,RG,3950,44,D,ZP,DR,D
14:06:54,JSMR,RG,3950,16,D,ZP,DR,D
14:06:54,JSMR,RG,3950,25,D,ZP,DR,D
14:06:54,JSMR,RG,3950,1,D,ZP,DR,D
14:06:54,JSMR,RG,3950,12,D,ZP,DR,D
14:06:35,JSMR,RG,3950,1,D,ZP,AK,F
14:06:33,JSMR,RG,3950,13,D,ZP,CS,D
14:06:33,JSMR,RG,3950,5,D,ZP,AK,F
14:06:33,JSMR,RG,3950,12,D,ZP,AK,F
14:06:32,JSMR,RG,3960,13,F,AK,CS,D
14:06:32,JSMR,RG,3960,84,F,AK,OD,D
14:06:32,JSMR,RG,3960,1,F,CS,OD,D
14:06:32,JSMR,RG,3960,76,F,AK,OD,D
14:06:32,JSMR,RG,3960,59,F,AK,OD,D
14:06:32,JSMR,RG,3960,1,F,CS,OD,D
14:06:32,JSMR,RG,3960,1,F,CS,OD,D
14:06:32,JSMR,RG,3960,98,D,RX,OD,D
14:06:08,JSMR,RG,3960,2,D,RX,AK,F
14:06:07,JSMR,RG,3960,40,D,RX,NI,D
14:05:39,JSMR,RG,3960,1,D,RX,AK,F
14:05:39,JSMR,RG,3960,1,D,RX,YU,D
14:05:39,JSMR,RG,3960,1,D,RX,YU,D
14:05:39,JSMR,RG,3960,10,D,RX,SQ,D
14:05:39,JSMR,RG,3960,6,D,RX,XC,D
14:05:39,JSMR,RG,3960,2,D,RX,YU,D
14:05:39,JSMR,RG,3960,25,D,RX,CC,D
14:05:39,JSMR,RG,3960,6,D,RX,AK,F
14:05:39,JSMR,RG,3960,5,D,RX,CC,D
14:05:39,JSMR,RG,3960,1,D,RX,AK,F
14:05:39,JSMR,RG,3960,100,D,RX,YJ,D
14:05:39,JSMR,RG,3960,2,D,RX,YU,D
14:05:24,JSMR,RG,3950,15,D,ZP,AK,F
14:05:22,JSMR,RG,3950,63,D,ZP,CS,D
14:05:22,JSMR,RG,3950,15,D,ZP,CS,D
14:05:22,JSMR,RG,3950,41,D,ZP,CS,D
14:05:22,JSMR,RG,3950,5,D,ZP,CS,D
14:05:22,JSMR,RG,3950,27,D,ZP,CS,D
14:05:22,JSMR,RG,3950,2,D,ZP,CS,D
14:05:22,JSMR,RG,3950,14,D,ZP,CS,D
14:05:22,JSMR,RG,3950,12,D,ZP,CS,D
14:05:22,JSMR,RG,3950,1,D,ZP,CS,D
14:05:22,JSMR,RG,3950,6,D,ZP,CS,D
14:05:22,JSMR,RG,3950,11,D,ZP,CS,D
14:05:22,JSMR,RG,3950,13,D,ZP,CS,D
14:05:22,JSMR,RG,3950,19,D,ZP,CS,D
14:05:22,JSMR,RG,3950,19,D,ZP,CS,D
14:05:22,JSMR,RG,3950,12,D,ZP,CS,D
14:05:22,JSMR,RG,3950,11,D,ZP,CS,D
14:05:13,JSMR,RG,3950,2,D,ZP,XC,D
14:04:35,JSMR,RG,3950,1,D,ZP,XC,D
14:01:10,JSMR,RG,3950,12,D,ZP,YP,D
14:00:42,JSMR,RG,3950,1,D,ZP,AK,F
14:00:41,JSMR,RG,3950,3,D,ZP,CS,D
14:00:41,JSMR,RG,3960,1,F,CS,YP,D
14:00:41,JSMR,RG,3960,2,D,PD,YP,D
14:00:31,JSMR,RG,3960,3,D,PD,CS,D
14:00:31,JSMR,RG,3960,2,F,CS,CS,D
14:00:31,JSMR,RG,3960,3,D,ZP,CS,D
14:00:31,JSMR,RG,3960,2,D,ZP,CS,D
14:00:21,JSMR,RG,3960,3,D,ZP,AK,F
14:00:20,JSMR,RG,3960,11,D,ZP,CS,D
14:00:20,JSMR,RG,3960,44,D,ZP,CS,D
14:00:20,JSMR,RG,3960,5,D,ZP,CS,D
13:59:32,JSMR,RG,3960,1,D,ZP,AK,F
13:59:31,JSMR,RG,3960,3,D,ZP,AK,F
13:59:31,JSMR,RG,3960,7,D,ZP,CS,D
13:59:31,JSMR,RG,3960,5,D,ZP,CS,D
13:59:30,JSMR,RG,3960,18,D,ZP,CS,D
13:59:30,JSMR,RG,3960,2,D,ZP,CS,D
13:59:30,JSMR,RG,3960,1,D,ZP,CS,D
13:59:30,JSMR,RG,3960,2,D,ZP,CS,D
13:59:30,JSMR,RG,3960,11,D,ZP,CS,D
13:59:30,JSMR,RG,3960,3,D,ZP,AK,F
13:59:30,JSMR,RG,3960,14,D,ZP,CS,D
13:59:30,JSMR,RG,3960,8,D,ZP,CS,D
13:59:30,JSMR,RG,3960,6,D,ZP,CS,D
13:59:30,JSMR,RG,3960,20,D,ZP,CS,D
13:59:30,JSMR,RG,3960,4,D,ZP,AK,F
13:59:30,JSMR,RG,3960,13,D,ZP,CS,D
13:59:30,JSMR,RG,3960,2,D,ZP,YU,D
13:59:30,JSMR,RG,3960,8,D,ZP,AK,F
13:59:30,JSMR,RG,3960,1,D,ZP,AK,F
13:59:30,JSMR,RG,3960,3,D,ZP,CS,D
13:59:30,JSMR,RG,3960,26,D,ZP,DH,D
13:59:30,JSMR,RG,3960,15,D,ZP,DH,D
13:59:30,JSMR,RG,3960,75,D,ZP,DH,D
13:59:30,JSMR,RG,3960,134,D,ZP,DH,D
13:59:30,JSMR,RG,3960,2,D,ZP,CP,D
13:59:30,JSMR,RG,3960,1,D,ZP,CS,D
13:59:30,JSMR,RG,3960,1,D,ZP,YU,D
13:59:30,JSMR,RG,3960,1,D,ZP,YU,D
13:58:31,JSMR,RG,3950,2,D,ZP,PD,D
13:57:18,JSMR,RG,3940,1,D,CC,CC,D
13:57:18,JSMR,RG,3940,2,D,DR,CC,D
13:57:18,JSMR,RG,3940,8,D,DR,AK,F
13:57:17,JSMR,RG,3950,3,D,YP,AK,F
13:57:17,JSMR,RG,3950,1,F,CS,AK,F
13:57:16,JSMR,RG,3950,28,F,AK,CS,D
13:57:16,JSMR,RG,3950,2,F,CS,CS,D
13:57:16,JSMR,RG,3950,5,D,AZ,CS,D
13:57:16,JSMR,RG,3950,1,D,XC,CS,D
13:57:16,JSMR,RG,3950,50,D,SQ,CS,D
13:57:16,JSMR,RG,3950,3,D,XC,CS,D
13:57:16,JSMR,RG,3950,5,D,DR,CS,D
13:57:16,JSMR,RG,3950,10,D,SQ,CS,D
13:57:16,JSMR,RG,3950,1,D,RG,CS,D
13:57:16,JSMR,RG,3950,3,D,YP,CS,D
13:57:16,JSMR,RG,3950,1,D,YP,CS,D
13:57:16,JSMR,RG,3950,1,D,XC,CS,D
13:57:16,JSMR,RG,3950,2,D,CP,CS,D
13:57:16,JSMR,RG,3950,1,D,NI,CS,D
13:57:16,JSMR,RG,3950,1,D,LG,CS,D
13:57:16,JSMR,RG,3950,43,F,AK,CS,D
13:57:16,JSMR,RG,3950,4,D,YP,CS,D
13:57:16,JSMR,RG,3950,2,D,ZP,CS,D
13:57:16,JSMR,RG,3950,12,D,ZP,CS,D
13:57:16,JSMR,RG,3950,33,D,ZP,CS,D
13:57:16,JSMR,RG,3950,12,D,ZP,CS,D
13:57:16,JSMR,RG,3950,15,D,ZP,CS,D
13:56:52,JSMR,RG,3950,1,D,ZP,AK,F
13:56:50,JSMR,RG,3960,1,D,KK,YU,D
13:56:50,JSMR,RG,3960,2,D,KK,YU,D
13:56:50,JSMR,RG,3960,1,D,KK,CS,D
13:56:50,JSMR,RG,3960,1,D,KK,YP,D
13:52:54,JSMR,RG,3950,1,D,ZP,AK,F
13:52:53,JSMR,RG,3950,1,D,ZP,AK,F
13:52:53,JSMR,RG,3950,1,D,ZP,AK,F
13:52:53,JSMR,RG,3950,1,D,ZP,AK,F
13:52:53,JSMR,RG,3950,17,D,ZP,AK,F
13:52:53,JSMR,RG,3950,1,D,ZP,AK,F
13:52:53,JSMR,RG,3950,1,D,ZP,AK,F
13:52:53,JSMR,RG,3950,1,D,ZP,AK,F
13:52:53,JSMR,RG,3950,1,D,ZP,AK,F
13:52:53,JSMR,RG,3960,1,F,CS,AK,F
13:52:53,JSMR,RG,3960,1,F,CS,AK,F
13:52:53,JSMR,RG,3960,5,D,OD,AK,F
13:52:52,JSMR,RG,3970,15,F,AK,NI,D
13:52:52,JSMR,RG,3970,100,F,AK,IT,D
13:52:52,JSMR,RG,3970,7,F,AK,DH,D
13:52:52,JSMR,RG,3960,45,D,OD,CS,D
13:52:52,JSMR,RG,3960,5,D,AZ,CS,D
13:52:52,JSMR,RG,3960,2,F,CS,CS,D
13:52:52,JSMR,RG,3960,66,F,AK,CS,D
13:52:52,JSMR,RG,3960,1,D,XC,CS,D
13:52:52,JSMR,RG,3960,4,D,CC,CS,D
13:52:52,JSMR,RG,3960,2,F,CS,CS,D
13:52:52,JSMR,RG,3960,1,F,CS,CS,D
13:52:52,JSMR,RG,3960,1,F,CS,CS,D
13:52:52,JSMR,RG,3960,3,D,SQ,CS,D
13:52:52,JSMR,RG,3960,1,F,CS,CS,D
13:52:52,JSMR,RG,3960,100,D,YP,CS,D
13:52:52,JSMR,RG,3960,2,F,CS,CS,D
13:52:52,JSMR,RG,3960,84,F,AK,CS,D
13:52:52,JSMR,RG,3960,1,D,PD,CS,D
13:52:52,JSMR,RG,3960,1,F,CS,CS,D
13:52:52,JSMR,RG,3960,2,D,ZP,CS,D
13:52:52,JSMR,RG,3960,8,D,ZP,CS,D
13:52:52,JSMR,RG,3960,22,D,ZP,CS,D
13:52:52,JSMR,RG,3960,8,D,ZP,CS,D
13:52:52,JSMR,RG,3960,13,D,ZP,CS,D
13:52:52,JSMR,RG,3960,1,D,ZP,CS,D
13:52:52,JSMR,RG,3960,60,D,ZP,CS,D
13:52:52,JSMR,RG,3960,8,D,ZP,CS,D
13:52:52,JSMR,RG,3960,37,D,ZP,CS,D
13:52:52,JSMR,RG,3960,10,D,ZP,CS,D
13:51:55,JSMR,RG,3970,2,D,AZ,DH,D
13:51:40,JSMR,RG,3960,2,D,ZP,YU,D
13:51:12,JSMR,RG,3960,6,D,ZP,AK,F
13:51:11,JSMR,RG,3970,41,F,AK,DH,D
13:51:11,JSMR,RG,3970,81,F,AK,YP,D
13:50:25,JSMR,RG,3960,7,D,ZP,AK,F
13:50:24,JSMR,RG,3960,6,D,ZP,AK,F
13:50:24,JSMR,RG,3970,122,F,BK,YP,D
13:50:23,JSMR,RG,3970,122,F,BK,YP,D
13:50:12,JSMR,RG,3960,7,D,ZP,AK,F
13:50:11,JSMR,RG,3970,122,F,BK,YP,D
13:49:00,JSMR,RG,3960,2,D,ZP,YU,D
13:48:28,JSMR,RG,3960,1,D,ZP,XC,D
13:47:11,JSMR,RG,3960,1,D,ZP,AK,F
13:47:10,JSMR,RG,3960,26,D,ZP,EP,D
13:47:10,JSMR,RG,3960,1,D,ZP,EP,D
13:47:10,JSMR,RG,3960,3,F,AK,EP,D
13:47:00,JSMR,RG,3960,2,F,AK,YU,D
13:45:01,JSMR,RG,3960,1,F,AK,AK,F
13:45:00,JSMR,RG,3960,3,F,AK,YU,D
13:43:49,JSMR,RG,3960,4,F,AK,YP,D
13:43:16,JSMR,RG,3960,1,F,AK,AK,F
13:43:14,JSMR,RG,3960,13,F,AK,CC,D
13:43:14,JSMR,RG,3960,1,F,CS,CC,D
13:43:14,JSMR,RG,3960,3,D,ZP,CC,D
13:43:14,JSMR,RG,3960,3,D,ZP,CC,D
13:42:30,JSMR,RG,3960,2,D,ZP,YU,D
13:40:00,JSMR,RG,3960,2,D,ZP,YU,D
13:38:11,JSMR,RG,3960,7,D,ZP,AK,F
13:38:10,JSMR,RG,3970,122,F,BK,YP,D
13:36:40,JSMR,RG,3960,2,D,ZP,YU,D
13:36:34,JSMR,RG,3960,1,D,ZP,AK,F
13:36:33,JSMR,RG,3970,3,D,ZP,YP,D
13:36:33,JSMR,RG,3970,16,D,ZP,YP,D
13:34:10,JSMR,RG,3960,2,D,ZP,YU,D
13:31:27,JSMR,RG,3960,1,D,ZP,YU,D
13:31:27,JSMR,RG,3960,11,D,ZP,AK,F
13:31:27,JSMR,RG,3960,10,D,ZP,AK,F
13:31:27,JSMR,RG,3960,6,D,ZP,YP,D
13:31:27,JSMR,RG,3960,10,D,ZP,OD,D
13:31:27,JSMR,RG,3960,3,D,ZP,YP,F
13:31:27,JSMR,RG,3960,16,D,ZP,YP,F
13:31:27,JSMR,RG,3960,1,D,ZP,YP,F
13:31:27,JSMR,RG,3960,4,D,ZP,XC,D
13:31:27,JSMR,RG,3960,1,D,ZP,CC,D
13:31:27,JSMR,RG,3960,5,D,ZP,CC,D
13:31:27,JSMR,RG,3960,2,D,ZP,PD,D
13:31:27,JSMR,RG,3960,1,D,ZP,XC,D
13:31:27,JSMR,RG,3960,1,D,ZP,YU,D
13:31:27,JSMR,RG,3960,5,D,ZP,PD,D
13:31:27,JSMR,RG,3960,5,D,ZP,YU,D
13:31:27,JSMR,RG,3960,1,D,ZP,YU,D
13:31:27,JSMR,RG,3960,9,D,ZP,YU,D
13:31:27,JSMR,RG,3960,5,D,ZP,DR,D
13:31:27,JSMR,RG,3960,107,D,ZP,LG,D
13:31:27,JSMR,RG,3960,15,D,ZP,LG,D
13:31:27,JSMR,RG,3960,75,D,ZP,LG,D
13:31:27,JSMR,RG,3960,137,D,ZP,LG,D
13:31:27,JSMR,RG,3960,2,D,ZP,LG,D
13:30:17,JSMR,RG,3950,6,D,ZP,AK,F
13:30:17,JSMR,RG,3960,110,F,AK,LG,D
13:30:15,JSMR,RG,3950,11,D,ZP,AK,F
13:30:10,JSMR,RG,3960,2,D,CC,LG,D
13:30:10,JSMR,RG,3960,1,D,XC,LG,D
13:30:06,JSMR,RG,3960,6,D,XC,LG,D
13:30:05,JSMR,RG,3960,50,D,SQ,LG,D
13:30:05,JSMR,RG,3960,1,D,PD,LG,D
13:30:04,JSMR,RG,3960,1,F,CS,LG,D
13:30:04,JSMR,RG,3960,1,D,PD,LG,D
13:30:02,JSMR,RG,3960,10,D,YB,LG,D
13:30:02,JSMR,RG,3960,1,D,RG,LG,D
13:30:02,JSMR,RG,3960,1,D,PD,LG,D
13:30:02,JSMR,RG,3960,6,D,TP,LG,D
13:30:02,JSMR,RG,3960,1,F,CS,LG,D
13:30:02,JSMR,RG,3960,1,F,CS,LG,D
13:30:02,JSMR,RG,3960,1,D,XC,LG,D
13:30:02,JSMR,RG,3960,8,D,AT,LG,D
13:30:02,JSMR,RG,3960,2,F,CS,LG,D
13:30:02,JSMR,RG,3960,30,D,CC,LG,D
13:30:02,JSMR,RG,3960,1,F,CS,LG,D
13:30:02,JSMR,RG,3960,1,F,CS,LG,D
13:30:02,JSMR,RG,3960,1,D,CC,LG,D
13:30:02,JSMR,RG,3960,27,D,CC,LG,D
13:30:02,JSMR,RG,3960,1,F,CS,LG,D
13:30:02,JSMR,RG,3960,2,D,PD,LG,D
13:30:02,JSMR,RG,3960,2,D,CC,LG,D
13:30:02,JSMR,RG,3960,1,F,CS,LG,D
13:30:02,JSMR,RG,3960,40,D,CC,LG,D
13:30:02,JSMR,RG,3960,10,D,YP,LG,D
11:23:21,JSMR,RG,3960,1,F,AK,AK,F
11:23:20,JSMR,RG,3970,10,D,EP,YP,D
11:18:10,JSMR,RG,3960,5,F,AK,YP,D
11:16:34,JSMR,RG,3960,1,F,AK,PD,D
11:16:13,JSMR,RG,3960,2,F,AK,AK,F
11:16:12,JSMR,RG,3960,30,F,AK,AT,D
11:16:12,JSMR,RG,3960,1,F,CS,AT,D
11:16:12,JSMR,RG,3960,1,D,YP,AT,D
11:16:12,JSMR,RG,3960,1,F,CS,AT,D
11:16:12,JSMR,RG,3960,1,D,ZP,AT,D
11:16:12,JSMR,RG,3960,6,D,CC,AT,D
11:15:18,JSMR,RG,3960,2,D,CC,GR,D
11:13:22,JSMR,RG,3960,2,D,CC,AK,F
11:13:22,JSMR,RG,3960,2,D,PD,AK,F
11:13:22,JSMR,RG,3960,1,F,CS,AK,F
11:13:22,JSMR,RG,3960,1,D,PD,AK,F
11:13:21,JSMR,RG,3960,2,F,CS,NI,D
11:13:21,JSMR,RG,3960,44,F,AK,NI,D
11:13:21,JSMR,RG,3960,5,D,CC,NI,D
11:13:21,JSMR,RG,3960,2,F,CS,NI,D
11:13:21,JSMR,RG,3960,47,D,GR,NI,D
11:12:21,JSMR,RG,3970,9,F,CS,YP,D
11:11:15,JSMR,RG,3960,2,D,GR,YP,D
11:10:35,JSMR,RG,3960,1,D,GR,AK,F
11:10:34,JSMR,RG,3960,19,D,GR,YU,D
11:10:00,JSMR,RG,3960,4,D,GR,YU,D
11:05:00,JSMR,RG,3960,3,D,GR,YU,D
11:03:44,JSMR,RG,3960,1,D,GR,AK,F
11:03:43,JSMR,RG,3960,15,D,GR,YP,D
11:01:40,JSMR,RG,3960,4,D,GR,YU,D
11:01:24,JSMR,RG,3960,1,D,GR,AK,F
11:01:23,JSMR,RG,3960,3,D,GR,PD,D
11:00:15,JSMR,RG,3960,1,D,PD,AK,F
11:00:15,JSMR,RG,3960,1,F,CS,AK,F
11:00:15,JSMR,RG,3960,1,F,CS,AK,F
11:00:15,JSMR,RG,3960,2,F,AK,AK,F
11:00:15,JSMR,RG,3960,1,F,AK,AK,F
11:00:13,JSMR,RG,3970,117,D,KK,YP,D
11:00:05,JSMR,RG,3960,3,F,AK,PD,D
10:59:51,JSMR,RG,3960,1,F,AK,AK,F
10:59:50,JSMR,RG,3960,12,F,AK,NI,D
10:58:45,JSMR,RG,3960,4,F,AK,YU,D
10:58:38,JSMR,RG,3960,1,F,AK,CP,D
10:56:52,JSMR,RG,3960,1,F,AK,AK,F
10:56:51,JSMR,RG,3960,18,F,AK,IF,D
10:56:51,JSMR,RG,3960,1,F,CS,IF,D
10:56:51,JSMR,RG,3960,11,D,KK,IF,D
10:56:16,JSMR,RG,3960,1,D,KK,AK,F
10:56:15,JSMR,RG,3960,4,D,KK,YU,D
10:54:21,JSMR,RG,3970,3,D,SQ,YP,D
10:53:45,JSMR,RG,3960,2,D,KK,YU,D
10:51:15,JSMR,RG,3960,4,D,KK,YU,D
10:49:44,JSMR,RG,3960,1,D,KK,AK,F
10:49:43,JSMR,RG,3960,15,D,KK,YP,D
10:47:30,JSMR,RG,3960,4,D,KK,YU,D
10:46:14,JSMR,RG,3960,5,D,KK,NI,D
10:45:26,JSMR,RG,3960,1,D,KK,XC,D
10:43:22,JSMR,RG,3960,1,D,KK,AK,F
10:43:21,JSMR,RG,3970,9,F,CS,YP,D
10:42:30,JSMR,RG,3960,3,D,KK,YU,D
10:39:39,JSMR,RG,3960,5,D,KK,YP,D
10:37:34,JSMR,RG,3960,2,D,KK,PD,D
10:35:01,JSMR,RG,3960,1,D,KK,AK,F
10:35:00,JSMR,RG,3960,3,D,KK,YU,D
10:32:46,JSMR,RG,3960,1,D,KK,XC,D
10:32:30,JSMR,RG,3960,4,D,KK,YU,D
10:30:02,JSMR,RG,3960,5,D,KK,DR,D
10:29:31,JSMR,RG,3960,1,D,KK,AK,F
10:29:30,JSMR,RG,3960,10,D,KK,EP,D
10:29:08,JSMR,RG,3960,5,D,KK,YP,D
10:26:26,JSMR,RG,3960,1,D,KK,YP,D
10:25:24,JSMR,RG,3960,3,D,KK,AK,F
10:25:22,JSMR,RG,3960,50,D,KK,OD,D
10:24:27,JSMR,RG,3960,10,D,KK,YU,D
10:24:27,JSMR,RG,3960,1,D,KK,YU,D
10:24:27,JSMR,RG,3960,10,D,KK,YP,D
10:24:27,JSMR,RG,3960,1,D,KK,AK,F
10:24:27,JSMR,RG,3960,5,D,KK,HP,D
10:24:27,JSMR,RG,3960,10,D,KK,PD,D
10:24:27,JSMR,RG,3960,4,D,KK,XC,D
10:24:27,JSMR,RG,3960,4,D,KK,CC,D
10:24:27,JSMR,RG,3960,1,D,KK,CC,D
10:24:27,JSMR,RG,3960,1,D,KK,EP,D
10:24:27,JSMR,RG,3960,1,D,KK,AK,F
10:24:27,JSMR,RG,3960,2,D,KK,OD,D
10:23:00,JSMR,RG,3950,1,D,ZP,AK,F
10:22:58,JSMR,RG,3950,8,D,ZP,YP,D
10:21:42,JSMR,RG,3950,1,D,ZP,AK,F
10:21:41,JSMR,RG,3950,30,D,ZP,TP,D
10:21:04,JSMR,RG,3950,1,D,ZP,AK,F
10:21:04,JSMR,RG,3960,20,D,CC,OD,D
10:20:37,JSMR,RG,3960,2,F,CS,OD,D
10:20:00,JSMR,RG,3950,4,D,ZP,YU,D
10:19:58,JSMR,RG,3950,1,D,ZP,AK,F
10:19:57,JSMR,RG,3960,2,D,GR,OD,D
10:17:30,JSMR,RG,3950,5,D,ZP,YU,D
10:17:17,JSMR,RG,3960,1,D,YP,OD,D
10:15:23,JSMR,RG,3960,2,F,CS,OD,D
10:15:00,JSMR,RG,3950,2,D,ZP,YU,D
10:15:00,JSMR,RG,3950,2,D,ZP,YU,D
10:11:16,JSMR,RG,3960,2,F,CS,OD,D
10:08:46,JSMR,RG,3950,1,D,ZP,AK,F
10:08:45,JSMR,RG,3950,5,D,ZP,YU,D
10:07:39,JSMR,RG,3950,3,D,ZP,CC,D
10:07:39,JSMR,RG,3950,5,D,ZP,CC,D
10:02:10,JSMR,RG,3950,3,D,ZP,YU,D
10:01:53,JSMR,RG,3950,1,D,ZP,AK,F
10:01:52,JSMR,RG,3960,1,F,CS,YU,D
10:01:52,JSMR,RG,3960,4,D,CC,YU,D
10:01:52,JSMR,RG,3960,5,D,YP,YU,D
9:59:57,JSMR,RG,3960,4,D,YP,AZ,D
9:59:55,JSMR,RG,3960,1,D,YP,NI,D
9:59:25,JSMR,RG,3960,2,F,CS,AK,F
9:59:25,JSMR,RG,3960,6,F,AK,AK,F
9:59:24,JSMR,RG,3970,150,D,KK,YP,D
9:55:35,JSMR,RG,3960,5,F,AK,AK,F
9:55:34,JSMR,RG,3960,100,F,AK,IT,D
9:55:16,JSMR,RG,3960,19,F,AK,AK,F
9:55:16,JSMR,RG,3960,1,F,CS,AK,F
9:55:16,JSMR,RG,3960,1,F,CS,AK,F
9:55:15,JSMR,RG,3970,280,D,KK,YP,D
9:55:15,JSMR,RG,3970,1,D,KK,CC,D
9:55:15,JSMR,RG,3970,4,D,KK,EP,D
9:55:15,JSMR,RG,3970,5,D,KK,YP,D
9:55:15,JSMR,RG,3970,2,D,KK,PD,D
9:55:15,JSMR,RG,3970,100,D,KK,EP,D
9:54:54,JSMR,RG,3960,2,D,KK,AK,F
9:54:54,JSMR,RG,3960,1,D,KK,AK,F
9:54:54,JSMR,RG,3960,1,D,KK,AK,F
9:54:54,JSMR,RG,3960,4,D,KK,CC,D
9:54:54,JSMR,RG,3960,64,D,KK,KI,D
9:54:54,JSMR,RG,3960,10,D,KK,CC,D
9:54:54,JSMR,RG,3960,2,D,KK,OD,D
9:54:54,JSMR,RG,3960,5,D,KK,PD,D
9:54:54,JSMR,RG,3960,1,D,KK,PD,D
9:54:54,JSMR,RG,3960,1,D,KK,AK,F
9:54:54,JSMR,RG,3960,26,D,KK,CC,D
9:54:54,JSMR,RG,3960,1,D,KK,AK,F
9:54:54,JSMR,RG,3960,4,D,KK,AK,F
9:54:54,JSMR,RG,3960,86,D,KK,KK,D
9:53:56,JSMR,RG,3960,5,D,EP,KK,D
9:53:25,JSMR,RG,3950,1,D,ZP,AK,F
9:53:24,JSMR,RG,3960,5,F,CS,KK,D
9:50:57,JSMR,RG,3960,4,D,YP,KK,D
9:50:57,JSMR,RG,3960,1,D,YP,NI,D
9:49:07,JSMR,RG,3950,10,D,ZP,SQ,D
9:48:22,JSMR,RG,3950,3,D,ZP,AK,F
9:48:21,JSMR,RG,3950,33,D,ZP,YP,D
9:48:21,JSMR,RG,3950,22,D,ZP,YP,D
9:45:53,JSMR,RG,3950,2,D,ZP,XC,D
9:43:30,JSMR,RG,3950,2,D,ZP,AK,F
9:43:29,JSMR,RG,3950,25,D,ZP,CC,D
9:42:12,JSMR,RG,3960,1,F,CS,YP,D
9:41:32,JSMR,RG,3950,1,D,ZP,NI,D
9:41:13,JSMR,RG,3950,3,D,ZP,XC,D
9:40:56,JSMR,RG,3950,1,D,ZP,AK,F
9:40:56,JSMR,RG,3960,1,F,CS,AK,F
9:40:55,JSMR,RG,3960,3,F,AK,AK,F
9:40:55,JSMR,RG,3960,1,F,AK,YP,D
9:40:55,JSMR,RG,3960,5,F,AK,CC,D
9:40:55,JSMR,RG,3960,5,F,AK,YP,D
9:40:55,JSMR,RG,3960,50,F,AK,CC,D
9:40:55,JSMR,RG,3960,33,F,AK,ZP,D
9:40:54,JSMR,RG,3960,12,F,AK,ZP,D
9:40:54,JSMR,RG,3960,1,F,AK,PD,D
9:40:54,JSMR,RG,3960,1,F,AK,TF,D
9:40:54,JSMR,RG,3960,1,F,AK,AK,F
9:40:54,JSMR,RG,3960,1,F,AK,AK,F
9:40:54,JSMR,RG,3960,25,F,AK,HD,D
9:40:53,JSMR,RG,3950,1,D,ZP,AK,F
9:40:53,JSMR,RG,3950,1,D,ZP,AK,F
9:40:53,JSMR,RG,3950,44,D,ZP,LG,D
9:40:53,JSMR,RG,3950,1,D,ZP,LG,D
9:40:10,JSMR,RG,3940,5,D,DR,AK,F
9:40:09,JSMR,RG,3950,95,F,AK,LG,D
9:40:09,JSMR,RG,3950,1,F,AK,AK,F
9:40:09,JSMR,RG,3950,3,F,AK,XC,D
9:40:09,JSMR,RG,3950,3,F,AK,PD,D
9:40:09,JSMR,RG,3950,2,F,AK,XC,D
9:40:09,JSMR,RG,3950,18,F,AK,CD,D
9:36:29,JSMR,RG,3950,1,D,CC,CD,D
9:36:08,JSMR,RG,3950,81,F,AK,CD,D
9:36:08,JSMR,RG,3950,2,F,AK,AK,F
9:36:08,JSMR,RG,3950,1,F,AK,XC,D
9:36:08,JSMR,RG,3950,9,F,AK,NI,D
9:36:08,JSMR,RG,3950,1,F,AK,LG,D
9:36:08,JSMR,RG,3950,5,F,AK,LG,D
9:36:08,JSMR,RG,3950,1,F,AK,CC,D
9:36:08,JSMR,RG,3950,1,F,AK,YP,D
9:36:08,JSMR,RG,3950,40,F,AK,CC,D
9:36:08,JSMR,RG,3950,1,F,AK,AK,F
9:36:08,JSMR,RG,3950,3,F,AK,AK,F
9:36:07,JSMR,RG,3950,1,D,PD,AK,F
9:35:19,JSMR,RG,3950,1,D,CC,AK,F
9:34:55,JSMR,RG,3940,3,D,DR,YP,D
9:33:12,JSMR,RG,3940,1,D,DR,AK,F
9:33:10,JSMR,RG,3940,1,D,DR,YP,D
9:33:10,JSMR,RG,3940,1,F,CS,YP,D
9:33:10,JSMR,RG,3940,1,F,CS,YP,D
9:33:10,JSMR,RG,3940,2,F,CS,YP,D
9:33:10,JSMR,RG,3940,5,D,EP,YP,D
9:32:01,JSMR,RG,3940,3,D,EP,AK,F
9:32:00,JSMR,RG,3940,2,D,EP,DX,D
9:32:00,JSMR,RG,3940,2,F,CS,DX,D
9:32:00,JSMR,RG,3940,1,F,CS,DX,D
9:32:00,JSMR,RG,3940,1,D,XC,DX,D
9:32:00,JSMR,RG,3940,2,D,XC,DX,D
9:32:00,JSMR,RG,3940,1,D,CC,DX,D
9:32:00,JSMR,RG,3940,20,D,AT,DX,D
9:32:00,JSMR,RG,3940,32,F,AK,DX,D
9:29:20,JSMR,RG,3940,5,F,AK,XC,D
9:29:20,JSMR,RG,3940,1,F,AK,XC,D
9:29:13,JSMR,RG,3940,1,F,AK,AK,F
9:29:12,JSMR,RG,3940,3,F,AK,YP,D
9:29:09,JSMR,RG,3940,1,F,AK,AK,F
9:29:08,JSMR,RG,3940,25,F,AK,LG,D
9:29:08,JSMR,RG,3940,1,D,XC,LG,D
9:29:08,JSMR,RG,3940,3,F,AK,LG,D
9:28:24,JSMR,RG,3940,4,F,AK,AK,F
9:28:23,JSMR,RG,3940,46,F,AK,YP,D
9:28:23,JSMR,RG,3940,25,D,PD,YP,D
9:28:23,JSMR,RG,3940,9,D,CC,YP,D
9:28:17,JSMR,RG,3940,1,D,CC,AK,F
9:28:16,JSMR,RG,3940,5,D,CC,GR,D
9:26:44,JSMR,RG,3940,1,D,CC,NI,D
9:24:34,JSMR,RG,3940,2,D,CC,KK,D
9:22:31,JSMR,RG,3940,1,D,CC,PD,D
9:22:12,JSMR,RG,3950,5,F,CS,DX,D
9:22:03,JSMR,RG,3940,1,D,CC,AK,F
9:22:02,JSMR,RG,3940,20,D,CC,XC,D
9:21:04,JSMR,RG,3940,5,D,CC,SQ,D
9:19:35,JSMR,RG,3940,1,D,CC,NI,D
9:18:15,JSMR,RG,3940,1,D,CC,AK,F
9:18:14,JSMR,RG,3940,10,D,CC,CP,D
9:18:05,JSMR,RG,3940,1,D,CC,AK,F
9:18:04,JSMR,RG,3940,14,D,CC,NI,D
9:17:29,JSMR,RG,3940,3,D,CC,AK,F
9:17:15,JSMR,RG,3940,6,D,CC,NI,D
9:16:25,JSMR,RG,3940,3,D,CC,XC,D
9:13:07,JSMR,RG,3950,3,D,YP,DX,D
9:12:14,JSMR,RG,3940,16,D,CC,CC,D
9:12:14,JSMR,RG,3940,4,D,EP,CC,D
9:09:21,JSMR,RG,3950,1,D,CC,DX,D
9:07:53,JSMR,RG,3950,7,D,CC,DX,D
9:07:53,JSMR,RG,3950,2,D,XC,DX,D
9:07:53,JSMR,RG,3950,1,D,CC,DX,D
9:07:53,JSMR,RG,3950,1,D,YP,DX,D
9:07:53,JSMR,RG,3950,2,D,CC,DX,D
9:07:53,JSMR,RG,3950,3,D,DR,DX,D
9:07:53,JSMR,RG,3950,52,F,AK,DX,D
9:07:53,JSMR,RG,3950,5,D,KK,DX,D
9:07:53,JSMR,RG,3950,57,D,SQ,DX,D
9:07:48,JSMR,RG,3950,8,D,SQ,EP,D
9:07:48,JSMR,RG,3950,10,D,CC,EP,D
9:07:48,JSMR,RG,3950,3,D,CC,EP,D
9:06:53,JSMR,RG,3950,1,D,CC,XC,D
9:05:52,JSMR,RG,3950,1,D,CC,CC,D
9:03:26,JSMR,RG,3950,10,D,CC,PD,D
9:02:09,JSMR,RG,3960,3,D,PC,AK,F
9:02:08,JSMR,RG,3960,1,D,PC,PD,D
9:01:53,JSMR,RG,3960,24,D,PD,AK,F
9:01:53,JSMR,RG,3960,1,D,PD,YP,D
8:55:00,JSMR,RG,3950,5,D,CC,AK,F
8:55:00,JSMR,RG,3950,2,D,EP,AK,F
8:55:00,JSMR,RG,3950,1,D,SQ,AK,F