Time,Stock,Brd,Price,Qty,BT,BC,SC,ST
15:10:01,JSMR,RG,3970,99,F,CS,CC,D
15:10:01,JSMR,RG,3970,383,F,CS,CC,D
15:10:01,JSMR,RG,3970,6,D,XC,CC,D
15:10:01,JSMR,RG,3970,10,D,SQ,CC,D
15:10:01,JSMR,RG,3970,2,D,NI,CC,D
15:09:53,JSMR,RG,3970,2,D,NI,CC,D
15:09:53,JSMR,RG,3970,3,D,PD,CC,D
15:09:53,JSMR,RG,3970,10,D,YP,CC,D
15:09:53,JSMR,RG,3970,11,D,PD,CC,D
15:09:53,JSMR,RG,3970,5,D,YP,CC,D
15:09:53,JSMR,RG,3970,10,D,YP,CC,D
15:09:53,JSMR,RG,3970,30,D,AZ,CC,D
15:09:53,JSMR,RG,3970,10,D,TP,CC,D
15:09:53,JSMR,RG,3970,1,D,YP,CC,D
15:09:53,JSMR,RG,3970,5,D,PD,CC,D
15:09:53,JSMR,RG,3970,50,D,LG,CC,D
15:09:53,JSMR,RG,3970,10,D,PD,CC,D
15:09:53,JSMR,RG,3970,4,D,YP,CC,D
15:09:53,JSMR,RG,3970,10,D,PD,CC,D
15:09:53,JSMR,RG,3970,3,D,YP,CC,D
15:09:53,JSMR,RG,3970,3,D,OD,CC,D
15:09:53,JSMR,RG,3970,33,D,YP,CC,D
15:09:48,JSMR,RG,3970,6,D,YP,PD,D
15:06:30,JSMR,RG,3970,1,D,YP,DR,D
15:05:12,JSMR,RG,3970,5,D,YP,CC,D
15:05:12,JSMR,RG,3970,5,D,YP,CC,D
15:00:00,JSMR,RG,3970,45,D,YP,CC,D
15:00:00,JSMR,RG,3970,1,D,NI,CC,D
15:00:00,JSMR,RG,3970,100,D,IT,CC,D
15:00:00,JSMR,RG,3970,300,D,MG,CC,D
15:00:00,JSMR,RG,3970,3,D,PD,CC,D
15:00:00,JSMR,RG,3970,51,D,DH,CC,D
15:00:00,JSMR,RG,3970,10,D,DH,YP,D
15:00:00,JSMR,RG,3970,1,D,DH,DR,D
15:00:00,JSMR,RG,3970,20,D,DH,PD,D
15:00:00,JSMR,RG,3970,18,D,DH,IH,D
15:00:00,JSMR,RG,3970,1,D,XC,IH,D
15:00:00,JSMR,RG,3970,10,D,YP,IH,D
15:00:00,JSMR,RG,3970,2,D,KK,IH,D
15:00:00,JSMR,RG,3970,10,D,DR,IH,D
15:00:00,JSMR,RG,3970,1,D,XC,IH,D
15:00:00,JSMR,RG,3970,1,D,PD,IH,D
15:00:00,JSMR,RG,3970,2,D,PD,IH,D
15:00:00,JSMR,RG,3970,2,D,DR,IH,D
15:00:00,JSMR,RG,3970,1,D,DR,IH,D
15:00:00,JSMR,RG,3970,5,D,XC,IH,D
15:00:00,JSMR,RG,3970,20,D,YP,IH,D
15:00:00,JSMR,RG,3970,2,D,SQ,IH,D
15:00:00,JSMR,RG,3970,1,D,YP,IH,D
15:00:00,JSMR,RG,3970,2,D,CC,IH,D
15:00:00,JSMR,RG,3970,3,D,XC,IH,D
15:00:00,JSMR,RG,3970,1,D,GR,IH,D
15:00:00,JSMR,RG,3970,1,D,PD,IH,D
15:00:00,JSMR,RG,3970,1,D,XC,IH,D
15:00:00,JSMR,RG,3970,3,D,XC,IH,D
15:00:00,JSMR,RG,3970,2,D,KK,IH,D
15:00:00,JSMR,RG,3970,100,D,OD,IH,D
15:00:00,JSMR,RG,3970,12,D,YP,IH,D
15:00:00,JSMR,RG,3970,1,D,YP,IH,D
15:00:00,JSMR,RG,3970,2,D,SQ,IH,D
15:00:00,JSMR,RG,3970,5,D,YP,IH,D
15:00:00,JSMR,RG,3970,130,D,KK,IH,D
15:00:00,JSMR,RG,3970,1,D,PD,IH,D
15:00:00,JSMR,RG,3970,1,D,CC,IH,D
15:00:00,JSMR,RG,3970,4,D,PD,IH,D
15:00:00,JSMR,RG,3970,1,D,CC,IH,D
15:00:00,JSMR,RG,3970,11,D,MG,IH,D
15:00:00,JSMR,RG,3970,123,F,CS,IH,D
15:00:00,JSMR,RG,3970,1,F,CS,YU,D
15:00:00,JSMR,RG,3970,29,F,CS,YU,D
15:00:00,JSMR,RG,3970,300,F,CS,CC,D
15:00:00,JSMR,RG,3970,53,F,CS,AG,D
15:00:00,JSMR,RG,3970,570,D,EP,AG,D
15:00:00,JSMR,RG,3970,8,D,YP,AG,D
15:00:00,JSMR,RG,3970,1,D,YP,AG,D
15:00:00,JSMR,RG,3970,20,D,DR,AG,D
15:00:00,JSMR,RG,3970,5,D,XC,AG,D
15:00:00,JSMR,RG,3970,25,D,XA,AG,D
15:00:00,JSMR,RG,3970,25,D,XA,AG,D
15:00:00,JSMR,RG,3970,1,D,YP,AG,D
15:00:00,JSMR,RG,3970,10,D,GR,AG,D
15:00:00,JSMR,RG,3970,133,F,AK,AG,D
15:00:00,JSMR,RG,3970,149,D,DX,AG,D
15:00:00,JSMR,RG,3970,3,D,DX,HP,D
15:00:00,JSMR,RG,3970,383,D,DX,YU,F
14:49:55,JSMR,RG,3970,1,D,MG,YP,D
14:49:49,JSMR,RG,3980,2,D,YP,DR,D
14:49:49,JSMR,RG,3980,23,D,YP,YU,F
14:49:23,JSMR,RG,3980,1,D,XC,YU,F
14:49:00,JSMR,RG,3980,2,D,AK,YU,F
14:49:00,JSMR,RG,3980,1,D,AK,YU,F
14:49:00,JSMR,RG,3980,1,D,AK,YU,F
14:49:00,JSMR,RG,3980,1,D,AK,YU,F
14:49:00,JSMR,RG,3980,1,D,AK,YU,F
14:48:56,JSMR,RG,3980,21,D,AK,YU,F
14:48:56,JSMR,RG,3980,10,D,AK,AG,D
14:48:56,JSMR,RG,3980,1,D,AK,AG,D
14:48:41,JSMR,RG,3980,10,D,AK,AG,D
14:48:41,JSMR,RG,3980,3,D,AK,AG,D
14:48:26,JSMR,RG,3980,6,D,AK,AG,D
14:48:15,JSMR,RG,3970,1,D,MG,KK,D
14:48:04,JSMR,RG,3970,12,D,MG,KZ,D
14:48:04,JSMR,RG,3970,1,D,MG,KZ,D
14:48:04,JSMR,RG,3970,1,D,MG,KZ,D
14:48:04,JSMR,RG,3970,43,D,MG,KZ,D
14:48:04,JSMR,RG,3970,1,D,MG,KZ,D
14:48:04,JSMR,RG,3970,6,D,MG,KZ,D
14:48:04,JSMR,RG,3970,4,D,MG,KZ,D
14:47:51,JSMR,RG,3970,419,D,MG,KK,D
14:47:51,JSMR,RG,3970,14,D,HP,KK,D
14:47:51,JSMR,RG,3970,1,D,HP,DR,D
14:47:44,JSMR,RG,3970,3,D,HP,KZ,D
14:47:44,JSMR,RG,3970,10,D,CC,KZ,D
14:47:44,JSMR,RG,3970,5,D,CC,KZ,D
14:47:44,JSMR,RG,3970,1,D,XC,KZ,D
14:47:44,JSMR,RG,3970,10,D,TP,KZ,D
14:47:44,JSMR,RG,3970,5,D,DR,KZ,D
14:47:44,JSMR,RG,3970,25,D,AK,KZ,D
14:47:44,JSMR,RG,3970,1,D,AK,KZ,D
14:47:44,JSMR,RG,3970,5,D,AK,KZ,D
14:47:42,JSMR,RG,3970,1,D,AK,DR,D
14:47:41,JSMR,RG,3970,1,D,AK,DR,D
14:47:38,JSMR,RG,3970,8,D,AK,ZP,D
14:47:38,JSMR,RG,3970,100,D,PD,ZP,D
14:47:38,JSMR,RG,3970,1,D,PD,ZP,D
14:47:38,JSMR,RG,3970,100,D,YP,ZP,D
14:47:38,JSMR,RG,3970,25,D,AK,ZP,D
14:47:38,JSMR,RG,3970,4,D,XC,ZP,D
14:47:30,JSMR,RG,3980,12,D,AK,AG,D
14:47:09,JSMR,RG,3980,4,D,AK,AG,D
14:47:07,JSMR,RG,3980,150,F,AK,AG,D
14:46:47,JSMR,RG,3970,4,D,XC,CC,D
14:46:47,JSMR,RG,3970,8,D,YB,CC,D
14:46:41,JSMR,RG,3980,4,D,AK,AG,D
14:46:41,JSMR,RG,3980,6,D,AK,DR,D
14:46:41,JSMR,RG,3980,26,D,AK,KZ,D
14:46:22,JSMR,RG,3980,27,D,CP,KZ,D
14:46:22,JSMR,RG,3980,31,D,CP,ZP,D
14:46:15,JSMR,RG,3980,12,D,AK,ZP,D
14:46:11,JSMR,RG,3980,21,D,AK,ZP,D
14:45:45,JSMR,RG,3980,9,D,AK,ZP,D
14:45:40,JSMR,RG,3980,1,D,CC,ZP,D
14:45:38,JSMR,RG,3980,3,D,PD,ZP,D
14:45:38,JSMR,RG,3970,1,D,YB,DR,D
14:45:37,JSMR,RG,3980,2,D,CC,ZP,D
14:45:32,JSMR,RG,3980,3,D,YP,ZP,D
14:45:30,JSMR,RG,3970,6,D,YB,EP,D
14:45:29,JSMR,RG,3980,20,D,CC,ZP,D
14:45:29,JSMR,RG,3980,7,D,YP,ZP,D
14:45:15,JSMR,RG,3980,5,D,PD,ZP,D
14:45:12,JSMR,RG,3980,1,D,CC,ZP,D
14:45:02,JSMR,RG,3980,5,D,PD,ZP,D
14:44:55,JSMR,RG,3970,1,D,YB,DX,D
14:44:49,JSMR,RG,3980,9,D,CC,ZP,D
14:44:45,JSMR,RG,3980,12,D,AK,ZP,D
14:44:27,JSMR,RG,3970,6,D,YB,LG,D
14:44:27,JSMR,RG,3970,5,D,YB,LG,D
14:44:27,JSMR,RG,3970,2,D,YB,LG,D
14:44:27,JSMR,RG,3970,2,D,YB,LG,D
14:44:26,JSMR,RG,3970,1,D,YB,DX,D
14:44:23,JSMR,RG,3970,20,D,YB,LG,D
14:44:09,JSMR,RG,3970,4,D,YB,DR,D
14:44:08,JSMR,RG,3970,4,D,YB,DR,D
14:43:59,JSMR,RG,3980,3,D,CC,ZP,D
14:43:56,JSMR,RG,3980,1,D,CC,ZP,D
14:43:45,JSMR,RG,3980,13,D,AK,ZP,D
14:43:39,JSMR,RG,3970,40,D,YB,KZ,D
14:43:39,JSMR,RG,3970,24,D,CC,KZ,D
14:43:25,JSMR,RG,3980,1,D,YP,ZP,D
14:43:20,JSMR,RG,3980,3,D,YP,ZP,D
14:43:18,JSMR,RG,3980,6,D,YP,ZP,D
14:43:17,JSMR,RG,3980,15,D,CC,ZP,D
14:42:49,JSMR,RG,3970,6,D,CC,CC,D
14:42:49,JSMR,RG,3970,100,D,YB,CC,D
14:42:49,JSMR,RG,3970,7,D,XC,CC,D
14:42:49,JSMR,RG,3970,1,D,PD,CC,D
14:42:49,JSMR,RG,3970,64,D,AK,CC,D
14:42:49,JSMR,RG,3970,1,D,PD,CC,D
14:42:49,JSMR,RG,3970,10,D,YP,CC,D
14:42:49,JSMR,RG,3970,2,D,PD,CC,D
14:42:49,JSMR,RG,3970,1,D,NI,CC,D
14:42:49,JSMR,RG,3970,10,D,CC,CC,D
14:42:49,JSMR,RG,3970,1,D,DH,CC,D
14:42:49,JSMR,RG,3970,7,D,YP,CC,D
14:42:49,JSMR,RG,3970,15,D,PD,CC,D
14:42:49,JSMR,RG,3970,3,D,YP,CC,D
14:42:49,JSMR,RG,3970,1,D,CC,CC,D
14:42:49,JSMR,RG,3970,2,D,CC,CC,D
14:42:49,JSMR,RG,3970,1,D,YP,CC,D
14:42:49,JSMR,RG,3970,8,D,YP,CC,D
14:42:49,JSMR,RG,3970,10,D,YP,CC,D
14:42:43,JSMR,RG,3970,15,D,YP,CC,D
14:42:43,JSMR,RG,3970,3,D,CC,CC,D
14:42:43,JSMR,RG,3970,5,D,NI,CC,D
14:42:43,JSMR,RG,3970,25,D,PD,CC,D
14:42:43,JSMR,RG,3970,1,D,NI,CC,D
14:42:43,JSMR,RG,3970,2,D,CC,CC,D
14:42:43,JSMR,RG,3970,1,D,NI,CC,D
14:42:43,JSMR,RG,3970,5,D,NI,CC,D
14:42:43,JSMR,RG,3970,10,D,YP,CC,D
14:42:43,JSMR,RG,3970,3,D,NI,CC,D
14:42:43,JSMR,RG,3970,2,D,DH,CC,D
14:42:43,JSMR,RG,3970,250,D,PD,CC,D
14:42:43,JSMR,RG,3970,5,D,XC,CC,D
14:42:43,JSMR,RG,3970,1,D,YP,CC,D
14:42:43,JSMR,RG,3970,3,D,PD,CC,D
14:42:43,JSMR,RG,3970,2,D,CC,CC,D
14:42:43,JSMR,RG,3970,1,D,PD,CC,D
14:42:43,JSMR,RG,3970,6,D,YP,CC,D
14:42:43,JSMR,RG,3970,1,D,PD,CC,D
14:42:43,JSMR,RG,3970,1,D,YP,CC,D
14:42:43,JSMR,RG,3970,5,D,YP,CC,D
14:42:43,JSMR,RG,3970,5,D,PD,CC,D
14:42:43,JSMR,RG,3970,5,D,YB,CC,D
14:42:43,JSMR,RG,3970,1,D,PD,CC,D
14:42:43,JSMR,RG,3970,4,D,PD,CC,D
14:42:43,JSMR,RG,3970,3,D,YP,CC,D
14:42:43,JSMR,RG,3970,5,D,NI,CC,D
14:42:43,JSMR,RG,3970,5,D,OD,CC,D
14:42:43,JSMR,RG,3970,10,D,YP,CC,D
14:42:43,JSMR,RG,3970,5,D,YP,CC,D
14:42:43,JSMR,RG,3970,25,D,YP,CC,D
14:42:43,JSMR,RG,3970,5,D,YP,CC,D
14:42:43,JSMR,RG,3970,2,D,XC,CC,D
14:42:43,JSMR,RG,3970,2,D,YP,CC,D
14:42:43,JSMR,RG,3970,76,D,YP,CC,D
14:42:40,JSMR,RG,3980,1,D,CC,ZP,D
14:42:39,JSMR,RG,3970,10,D,YP,KI,D
14:42:39,JSMR,RG,3970,250,D,YP,CC,D
14:42:36,JSMR,RG,3970,8,D,YP,PD,D
14:42:35,JSMR,RG,3970,2,D,YP,NI,D
14:42:15,JSMR,RG,3980,1,D,CC,ZP,D
14:42:07,JSMR,RG,3970,1,D,YP,DX,D
14:41:56,JSMR,RG,3970,5,D,YP,SQ,D
14:41:36,JSMR,RG,3970,24,D,YP,YU,F
14:41:36,JSMR,RG,3970,56,D,YP,YU,D
14:41:26,JSMR,RG,3980,1,D,CC,ZP,D
14:41:00,JSMR,RG,3970,35,D,YP,YU,D
14:40:57,JSMR,RG,3980,17,D,CC,ZP,D
14:40:15,JSMR,RG,3970,33,D,YP,YP,D
14:40:15,JSMR,RG,3970,10,D,YP,YP,D
14:40:15,JSMR,RG,3970,1,D,PD,YP,D
14:40:15,JSMR,RG,3970,10,D,NI,YP,D
14:40:15,JSMR,RG,3970,1,D,NI,YP,D
14:40:15,JSMR,RG,3970,13,D,PD,YP,D
14:40:15,JSMR,RG,3970,2,D,XC,YP,D
14:40:15,JSMR,RG,3970,1,D,PD,YP,D
14:40:15,JSMR,RG,3970,22,D,IF,YP,D
14:40:10,JSMR,RG,3980,1,D,CC,ZP,D
14:39:58,JSMR,RG,3980,1,D,NI,ZP,D
14:39:54,JSMR,RG,3980,1,D,CC,ZP,D
14:39:54,JSMR,RG,3980,9,D,CC,YU,F
14:39:51,JSMR,RG,3970,1,D,IF,DP,D
14:39:40,JSMR,RG,3970,1,D,IF,DP,D
14:39:30,JSMR,RG,3980,45,D,AK,ZP,D
14:39:26,JSMR,RG,3980,121,D,AK,ZP,D
14:39:06,JSMR,RG,3970,2,D,IF,PD,D
14:38:02,JSMR,RG,3970,1,D,IF,DP,D
14:37:55,JSMR,RG,3980,1,D,CC,ZP,D
14:37:55,JSMR,RG,3980,16,D,CC,ZP,D
14:37:55,JSMR,RG,3980,32,D,MG,ZP,D
14:37:37,JSMR,RG,3980,5,D,MG,KZ,D
14:37:37,JSMR,RG,3980,1,D,MG,DX,D
14:37:37,JSMR,RG,3980,2,D,MG,DP,D
14:37:37,JSMR,RG,3980,10,D,MG,YU,F
14:37:22,JSMR,RG,3980,1,D,CC,YU,F
14:37:21,JSMR,RG,3980,9,D,MG,YU,F
14:37:21,JSMR,RG,3980,32,D,MG,YU,D
14:37:21,JSMR,RG,3980,42,D,MG,YU,F
14:37:21,JSMR,RG,3980,1,D,MG,DP,D
14:37:21,JSMR,RG,3980,1,D,MG,XC,D
14:37:21,JSMR,RG,3980,4,D,MG,KZ,D
14:37:21,JSMR,RG,3980,46,D,MG,KZ,D
14:37:21,JSMR,RG,3980,15,D,MG,TP,D
14:37:19,JSMR,RG,3980,1,D,NI,TP,D
14:37:15,JSMR,RG,3970,1,D,IF,DX,D
14:37:04,JSMR,RG,3970,15,D,IF,NI,D
14:36:25,JSMR,RG,3980,1,D,XC,TP,D
14:36:24,JSMR,RG,3980,1,D,CC,TP,D
14:36:13,JSMR,RG,3980,7,D,CC,TP,D
14:36:13,JSMR,RG,3980,13,D,CC,YU,F
14:36:11,JSMR,RG,3980,2,D,SQ,YU,F
14:36:05,JSMR,RG,3980,66,F,AK,YU,F
14:36:05,JSMR,RG,3980,141,F,AK,CS,F
14:35:57,JSMR,RG,3980,54,D,MG,CS,F
14:35:57,JSMR,RG,3980,10,D,MG,CC,D
14:35:57,JSMR,RG,3980,33,D,MG,YU,D
14:35:57,JSMR,RG,3980,41,D,MG,KZ,D
14:35:57,JSMR,RG,3980,4,D,MG,KZ,D
14:35:57,JSMR,RG,3980,32,D,MG,YU,D
14:35:57,JSMR,RG,3980,200,D,MG,CC,D
14:35:57,JSMR,RG,3980,1,D,MG,XC,D
14:35:57,JSMR,RG,3980,125,D,MG,CC,D
14:35:50,JSMR,RG,3980,2,D,HP,CC,D
14:35:08,JSMR,RG,3980,1,D,CC,CC,D
14:35:02,JSMR,RG,3970,2,D,IF,YU,D
14:35:02,JSMR,RG,3970,30,D,DR,YU,D
14:34:45,JSMR,RG,3970,1,D,DR,DX,D
14:34:29,JSMR,RG,3970,14,D,DR,HD,D
14:34:29,JSMR,RG,3970,2,D,OD,HD,D
14:34:29,JSMR,RG,3970,4,D,NI,HD,D
14:34:15,JSMR,RG,3980,10,D,AK,CC,D
14:34:11,JSMR,RG,3980,27,D,AK,CC,D
14:33:45,JSMR,RG,3980,19,D,CC,CC,D
14:33:04,JSMR,RG,3980,25,D,HP,CC,D
14:33:00,JSMR,RG,3970,33,D,NI,YU,D
14:32:49,JSMR,RG,3970,10,D,NI,IF,D
14:32:48,JSMR,RG,3970,20,D,NI,SQ,D
14:32:44,JSMR,RG,3980,1,D,CC,CC,D
14:32:39,JSMR,RG,3980,13,D,XA,CC,D
14:32:38,JSMR,RG,3980,1,D,CC,CC,D
14:32:31,JSMR,RG,3970,1,D,NI,DR,D
14:32:31,JSMR,RG,3980,20,D,DR,CC,D
14:32:16,JSMR,RG,3980,2,D,YP,CC,D
14:32:15,JSMR,RG,3970,1,D,NI,DX,D
14:32:12,JSMR,RG,3980,4,D,YP,CC,D
14:32:12,JSMR,RG,3980,4,D,YP,PD,D
14:32:00,JSMR,RG,3970,30,D,NI,YU,D
14:31:41,JSMR,RG,3980,2,D,AK,PD,D
14:31:41,JSMR,RG,3980,20,D,AK,YU,F
14:31:41,JSMR,RG,3980,7,D,AK,AG,D
14:31:22,JSMR,RG,3980,1,D,CC,AG,D
14:31:13,JSMR,RG,3980,20,D,CC,AG,D
14:30:42,JSMR,RG,3970,1,D,NI,YP,D
14:30:42,JSMR,RG,3970,2,D,EP,YP,D
14:30:42,JSMR,RG,3970,10,D,YP,YP,D
14:30:42,JSMR,RG,3970,1,D,YP,YP,D
14:30:42,JSMR,RG,3970,36,F,KK,YP,D
14:30:34,JSMR,RG,3970,70,F,KK,CC,D
14:30:21,JSMR,RG,3970,6,F,KK,DP,D
14:30:06,JSMR,RG,3980,1,D,CC,AG,D
14:28:52,JSMR,RG,3980,1,D,CC,AG,D
14:28:43,JSMR,RG,3980,18,D,CC,AG,D
14:27:36,JSMR,RG,3980,1,D,CC,AG,D
14:27:11,JSMR,RG,3980,1,D,CC,AG,D
14:26:58,JSMR,RG,3970,1,F,KK,DR,D
14:26:54,JSMR,RG,3980,1,D,CC,AG,D
14:26:37,JSMR,RG,3980,30,D,YP,AG,D
14:26:20,JSMR,RG,3980,1,D,CC,AG,D
14:26:09,JSMR,RG,3980,18,D,CC,AG,D
14:26:09,JSMR,RG,3980,1,D,CC,GR,D
14:25:51,JSMR,RG,3980,49,D,MG,GR,D
14:25:51,JSMR,RG,3980,12,D,MG,NI,D
14:25:51,JSMR,RG,3980,3,D,MG,KZ,D
14:25:51,JSMR,RG,3980,35,D,MG,KZ,D
14:25:51,JSMR,RG,3980,1,D,MG,YU,F
14:25:45,JSMR,RG,3980,4,D,CC,YU,F
14:25:45,JSMR,RG,3980,12,D,CC,BK,F
14:25:45,JSMR,RG,3980,4,D,CC,IF,D
14:25:36,JSMR,RG,3980,1,D,PD,IF,D
14:25:21,JSMR,RG,3980,5,D,EP,IF,D
14:25:21,JSMR,RG,3980,4,D,EP,CC,F
14:25:21,JSMR,RG,3980,1,D,EP,YU,F
14:25:06,JSMR,RG,3980,2,D,AZ,YU,F
14:25:05,JSMR,RG,3980,7,D,AZ,YU,F
14:25:03,JSMR,RG,3970,6,F,KK,DP,D
14:25:01,JSMR,RG,3980,1,D,CC,YU,F
14:25:01,JSMR,RG,3980,39,D,MG,YU,F
14:25:00,JSMR,RG,3980,1,D,MG,DX,D
14:25:00,JSMR,RG,3980,28,D,MG,YU,D
14:25:00,JSMR,RG,3980,6,D,MG,AZ,D
14:25:00,JSMR,RG,3980,18,D,MG,DP,D
14:25:00,JSMR,RG,3980,2,D,MG,KZ,D
14:25:00,JSMR,RG,3980,24,D,MG,KZ,D
14:25:00,JSMR,RG,3980,15,D,MG,DR,D
14:25:00,JSMR,RG,3980,65,D,MG,SQ,D
14:25:00,JSMR,RG,3980,5,D,MG,YP,D
14:25:00,JSMR,RG,3980,5,D,MG,CC,F
14:25:00,JSMR,RG,3980,55,D,MG,YU,F
14:25:00,JSMR,RG,3980,100,D,MG,CC,D
14:25:00,JSMR,RG,3980,37,D,MG,KZ,D
14:24:30,JSMR,RG,3970,1,F,KK,DX,D
14:24:28,JSMR,RG,3980,3,D,YB,KZ,D
14:24:28,JSMR,RG,3980,97,D,YB,CC,D
14:23:50,JSMR,RG,3980,1,D,CC,CC,D
14:23:49,JSMR,RG,3980,1,D,PD,CC,D
14:23:40,JSMR,RG,3980,20,D,CC,CC,D
14:23:37,JSMR,RG,3980,25,D,GR,CC,D
14:23:06,JSMR,RG,3980,6,D,PD,CC,D
14:23:06,JSMR,RG,3980,4,D,PD,DP,D
14:22:34,JSMR,RG,3980,1,D,CC,DP,D
14:22:16,JSMR,RG,3980,2,D,YU,DP,D
14:22:08,JSMR,RG,3970,5,F,KK,LG,D
14:21:17,JSMR,RG,3980,17,D,CC,DR,D
14:20:08,JSMR,RG,3970,25,F,KK,YU,D
14:20:08,JSMR,RG,3970,3,F,KK,YU,D
14:20:08,JSMR,RG,3970,1,D,YP,YU,D
14:20:08,JSMR,RG,3970,4,D,PD,YU,D
14:19:31,JSMR,RG,3970,5,D,PD,XA,D
14:19:30,JSMR,RG,3970,1,D,PD,DX,D
14:19:04,JSMR,RG,3980,263,F,AK,YU,F
14:19:04,JSMR,RG,3980,1,D,CC,YU,F
14:19:04,JSMR,RG,3980,8,D,AK,AK,F
14:19:04,JSMR,RG,3980,45,D,YP,AK,F
14:19:02,JSMR,RG,3980,51,D,YP,CC,D
14:19:02,JSMR,RG,3980,10,D,HP,CC,D
14:19:02,JSMR,RG,3980,1,D,PD,CC,D
14:19:02,JSMR,RG,3980,5,D,CC,CC,D
14:19:02,JSMR,RG,3980,3,D,YP,CC,D
14:19:02,JSMR,RG,3980,1,D,YU,CC,D
14:19:02,JSMR,RG,3980,10,D,YP,CC,D
14:19:02,JSMR,RG,3980,20,D,HP,CC,D
14:19:02,JSMR,RG,3980,30,D,XC,CC,D
14:19:02,JSMR,RG,3980,1,D,PD,CC,D
14:19:02,JSMR,RG,3980,1,D,PD,CC,D
14:19:02,JSMR,RG,3980,1,D,PD,CC,D
14:19:02,JSMR,RG,3980,5,D,DH,CC,D
14:19:02,JSMR,RG,3980,4,D,DR,CC,D
14:19:02,JSMR,RG,3980,1,D,CC,CC,D
14:19:02,JSMR,RG,3980,1,D,YP,CC,D
14:19:02,JSMR,RG,3980,5,D,PD,CC,D
14:19:02,JSMR,RG,3980,10,D,NI,CC,D
14:19:02,JSMR,RG,3980,1,D,XC,CC,D
14:19:02,JSMR,RG,3980,2,D,XC,CC,D
14:19:02,JSMR,RG,3980,5,D,DR,CC,D
14:19:02,JSMR,RG,3980,1,D,NI,CC,D
14:19:02,JSMR,RG,3980,5,D,LG,CC,D
14:19:02,JSMR,RG,3980,1,D,PD,CC,D
14:19:02,JSMR,RG,3980,5,D,YP,CC,D
14:19:02,JSMR,RG,3980,5,D,CC,CC,D
14:19:02,JSMR,RG,3980,3,D,NI,CC,D
14:19:02,JSMR,RG,3980,59,F,AK,CC,D
14:19:02,JSMR,RG,3980,36,D,AK,CC,D
14:19:02,JSMR,RG,3980,13,D,AK,CC,D
14:19:02,JSMR,RG,3980,4,D,CC,CC,D
14:18:58,JSMR,RG,3980,21,D,CC,CC,D
14:18:58,JSMR,RG,3980,12,D,AK,CC,D
14:18:58,JSMR,RG,3980,37,D,AK,CC,D
14:18:58,JSMR,RG,3980,38,D,AK,CC,D
14:18:58,JSMR,RG,3980,2,D,CC,CC,D
14:18:58,JSMR,RG,3980,14,D,AK,CC,D
14:18:58,JSMR,RG,3980,2,D,CC,CC,D
14:18:58,JSMR,RG,3980,20,D,YP,CC,D
14:18:58,JSMR,RG,3980,4,D,AK,CC,D
14:18:54,JSMR,RG,3980,39,D,AK,YU,F
14:18:54,JSMR,RG,3980,16,D,AK,YU,F
14:18:54,JSMR,RG,3980,1,D,YP,YU,F
14:18:54,JSMR,RG,3980,6,D,XC,YU,F
14:18:54,JSMR,RG,3980,4,D,XC,KZ,D
14:18:54,JSMR,RG,3980,7,D,XC,KZ,D
14:18:54,JSMR,RG,3980,2,D,PD,KZ,D
14:18:54,JSMR,RG,3980,1,D,PD,KZ,D
14:18:54,JSMR,RG,3980,1,D,CC,KZ,D
14:18:54,JSMR,RG,3980,1,D,YP,KZ,D
14:18:54,JSMR,RG,3980,1,D,XC,KZ,D
14:18:54,JSMR,RG,3980,1,D,NI,KZ,D
14:18:54,JSMR,RG,3980,2,D,XC,KZ,D
14:18:54,JSMR,RG,3980,1,D,XC,KZ,D
14:18:54,JSMR,RG,3980,6,D,SQ,KZ,D
14:18:54,JSMR,RG,3980,3,D,SQ,KZ,D
14:18:52,JSMR,RG,3980,16,D,SQ,CC,D
14:18:52,JSMR,RG,3980,30,D,XC,CC,D
14:18:52,JSMR,RG,3980,154,D,PD,CC,D
14:18:48,JSMR,RG,3990,1,D,CC,SQ,D
14:18:46,JSMR,RG,3990,16,D,CC,SQ,D
14:18:00,JSMR,RG,3990,21,D,AK,SQ,D
14:18:00,JSMR,RG,3990,9,D,AK,SQ,D
14:17:57,JSMR,RG,3980,15,D,PD,KK,D
14:17:49,JSMR,RG,3980,2,D,PD,KZ,D
14:17:39,JSMR,RG,3980,24,D,PD,KZ,D
14:17:32,JSMR,RG,3990,1,D,CC,SQ,D
14:16:45,JSMR,RG,3990,22,D,AK,SQ,D
14:16:45,JSMR,RG,3990,8,D,AK,SQ,D
14:16:26,JSMR,RG,3990,19,D,CC,SQ,D
14:16:18,JSMR,RG,3990,1,D,CC,SQ,D
14:16:14,JSMR,RG,3990,1,D,CC,SQ,D
14:15:02,JSMR,RG,3990,1,D,CC,SQ,D
14:14:49,JSMR,RG,3980,12,D,PD,XC,D
14:14:30,JSMR,RG,3980,1,D,PD,DX,D
14:14:15,JSMR,RG,3990,30,D,AK,SQ,D
14:14:02,JSMR,RG,3990,18,D,CC,SQ,D
14:13:46,JSMR,RG,3990,1,D,CC,SQ,D
14:13:15,JSMR,RG,3990,16,D,AK,SQ,D
14:12:30,JSMR,RG,3990,1,D,CC,SQ,D
14:12:15,JSMR,RG,3980,1,D,PD,DH,D
14:12:15,JSMR,RG,3990,24,D,AK,SQ,D
14:11:53,JSMR,RG,3980,75,D,PD,LS,D
14:11:43,JSMR,RG,3990,1,D,YP,SQ,D
14:11:38,JSMR,RG,3990,19,D,CC,SQ,D
14:11:34,JSMR,RG,3980,3,D,PD,KZ,D
14:11:32,JSMR,RG,3980,5,D,PD,SQ,D
14:11:30,JSMR,RG,3990,25,D,YP,SQ,D
14:11:16,JSMR,RG,3990,1,D,CC,SQ,D
14:11:14,JSMR,RG,3980,32,D,PD,KZ,D
14:10:30,JSMR,RG,3990,10,D,AK,SQ,D
14:10:00,JSMR,RG,3990,1,D,CC,SQ,D
14:09:59,JSMR,RG,3980,315,D,PD,KK,D
14:09:59,JSMR,RG,3980,1,D,XC,KK,D
14:09:59,JSMR,RG,3980,2,D,KK,KK,D
14:09:59,JSMR,RG,3980,2,D,PD,KK,D
14:09:59,JSMR,RG,3980,2,D,XC,KK,D
14:09:59,JSMR,RG,3980,2,D,DH,KK,D
14:09:59,JSMR,RG,3980,1,D,CC,KK,D
14:09:59,JSMR,RG,3980,15,D,GR,KK,D
14:09:30,JSMR,RG,3980,1,D,GR,DX,D
14:09:08,JSMR,RG,3990,18,D,CC,SQ,D
14:08:15,JSMR,RG,3990,37,D,AK,SQ,D
14:07:35,JSMR,RG,3980,2,D,GR,XC,D
14:07:30,JSMR,RG,3990,1,D,CC,SQ,D
14:07:29,JSMR,RG,3980,2,D,GR,KZ,D
14:07:04,JSMR,RG,3980,20,D,PD,KZ,D
14:07:04,JSMR,RG,3980,1,D,YP,KZ,D
14:07:04,JSMR,RG,3980,1,D,GR,KZ,D
14:07:04,JSMR,RG,3980,5,D,ZP,KZ,D
14:06:36,JSMR,RG,3990,21,D,CC,SQ,D
14:06:32,JSMR,RG,3980,45,D,ZP,PD,D
14:06:32,JSMR,RG,3980,13,D,DR,PD,D
14:06:32,JSMR,RG,3980,200,D,XL,PD,D
14:06:32,JSMR,RG,3980,2,D,YP,PD,D
14:06:32,JSMR,RG,3980,2,D,DH,PD,D
14:06:32,JSMR,RG,3980,1,D,CC,PD,D
14:06:32,JSMR,RG,3980,2,D,CC,PD,D
14:06:32,JSMR,RG,3980,1,D,XC,PD,D
14:06:32,JSMR,RG,3980,11,D,XC,PD,D
14:06:32,JSMR,RG,3980,1,D,PD,PD,D
14:06:32,JSMR,RG,3980,5,D,NI,PD,D
14:06:32,JSMR,RG,3980,8,D,YP,PD,D
14:06:32,JSMR,RG,3980,2,D,PD,PD,D
14:06:32,JSMR,RG,3980,2,D,CC,PD,D
14:06:32,JSMR,RG,3980,1,D,PD,PD,D
14:06:32,JSMR,RG,3980,50,D,YP,PD,D
14:06:32,JSMR,RG,3980,2,D,SQ,PD,D
14:06:32,JSMR,RG,3980,1,D,PD,PD,D
14:06:32,JSMR,RG,3980,1,D,NI,PD,D
14:06:32,JSMR,RG,3980,3,D,DX,PD,D
14:06:32,JSMR,RG,3980,5,D,PD,PD,D
14:06:32,JSMR,RG,3980,57,F,AK,PD,D
14:06:32,JSMR,RG,3980,10,D,DH,PD,D
14:06:32,JSMR,RG,3980,19,D,EP,PD,D
14:06:30,JSMR,RG,3980,100,D,EP,PD,D
14:06:14,JSMR,RG,3990,1,D,CC,SQ,D
14:06:13,JSMR,RG,3980,2,D,EP,OD,D
14:05:44,JSMR,RG,3980,4,D,EP,KZ,D
14:05:33,JSMR,RG,3980,100,D,EP,CC,D
14:05:30,JSMR,RG,3990,10,D,AK,SQ,D
14:05:29,JSMR,RG,3980,150,D,EP,CC,D
14:05:24,JSMR,RG,3980,45,D,EP,KZ,D
14:04:58,JSMR,RG,3990,1,D,CC,SQ,D
14:04:39,JSMR,RG,3990,100,D,DR,SQ,D
14:04:30,JSMR,RG,3980,1,D,EP,DX,D
14:04:14,JSMR,RG,3980,5,D,EP,YP,D
14:04:13,JSMR,RG,3980,9,D,EP,DR,D
14:04:09,JSMR,RG,3990,50,D,PD,SQ,D
14:04:04,JSMR,RG,3990,16,D,CC,SQ,D
14:03:45,JSMR,RG,3990,28,D,AK,SQ,D
14:03:42,JSMR,RG,3990,1,D,CC,SQ,D
14:03:15,JSMR,RG,3990,12,D,AK,SQ,D
14:03:03,JSMR,RG,3980,8,D,EP,DP,D
14:02:55,JSMR,RG,3990,5,D,CC,SQ,D
14:02:28,JSMR,RG,3990,1,D,CC,SQ,D
14:01:45,JSMR,RG,3990,28,D,AK,SQ,D
14:01:44,JSMR,RG,3990,16,D,CC,SQ,D
14:01:15,JSMR,RG,3990,10,D,AK,SQ,D
14:01:12,JSMR,RG,3990,1,D,CC,SQ,D
14:00:57,JSMR,RG,3990,20,D,YP,SQ,D
13:59:56,JSMR,RG,3990,1,D,CC,SQ,D
13:59:46,JSMR,RG,3990,16,D,NI,SQ,D
13:59:44,JSMR,RG,3990,1,D,CC,SQ,D
13:59:40,JSMR,RG,3980,1,D,EP,DX,D
13:59:36,JSMR,RG,3990,25,D,PD,SQ,D
13:59:18,JSMR,RG,3990,2,D,CC,SQ,D
13:59:18,JSMR,RG,3990,21,D,CC,TP,D
13:59:15,JSMR,RG,3990,4,D,AK,TP,D
13:59:15,JSMR,RG,3990,5,D,AK,CC,F
13:59:15,JSMR,RG,3990,1,D,AK,PD,D
13:59:00,JSMR,RG,3990,23,D,AK,PD,D
13:59:00,JSMR,RG,3990,10,D,AK,YU,F
13:58:42,JSMR,RG,3990,1,D,CC,YU,F
13:57:44,JSMR,RG,3980,2,D,EP,KZ,D
13:57:24,JSMR,RG,3980,1,D,EP,NI,D
13:57:15,JSMR,RG,3990,24,D,AK,YU,F
13:57:14,JSMR,RG,3980,21,D,EP,KZ,D
13:56:48,JSMR,RG,3990,15,D,CC,YU,F
13:56:45,JSMR,RG,3990,14,D,AK,YU,F
13:56:20,JSMR,RG,3980,1,D,EP,DX,D
13:56:10,JSMR,RG,3990,8,D,CC,YU,F
13:56:10,JSMR,RG,3990,2,D,CC,KZ,D
13:56:09,JSMR,RG,3990,1,D,CC,KZ,D
13:55:16,JSMR,RG,3990,1,D,AK,KZ,D
13:55:16,JSMR,RG,3990,22,D,AK,ZP,D
13:55:16,JSMR,RG,3990,4,D,AK,KZ,D
13:55:02,JSMR,RG,3990,1,D,NI,KZ,D
13:54:53,JSMR,RG,3990,1,D,CC,KZ,D
13:54:45,JSMR,RG,3990,10,D,AK,KZ,D
13:54:22,JSMR,RG,3990,18,D,CC,KZ,D
13:54:10,JSMR,RG,3990,3,D,CC,KZ,D
13:54:10,JSMR,RG,3990,5,D,CC,IF,D
13:54:10,JSMR,RG,3990,22,D,CC,CC,D
13:53:45,JSMR,RG,3990,27,D,AK,CC,D
13:53:40,JSMR,RG,3990,1,D,CC,CC,D
13:53:34,JSMR,RG,3980,31,D,EP,NI,D
13:53:34,JSMR,RG,3980,3,D,PD,NI,D
13:53:34,JSMR,RG,3980,3,D,YP,NI,D
13:53:34,JSMR,RG,3980,63,D,YP,NI,D
13:53:22,JSMR,RG,3980,1,D,YP,XC,D
13:53:14,JSMR,RG,3980,29,D,YP,KZ,D
13:53:00,JSMR,RG,3980,1,D,YP,DX,D
13:52:35,JSMR,RG,3980,2,D,YP,XC,D
13:52:23,JSMR,RG,3990,1,D,CC,CC,D
13:51:54,JSMR,RG,3990,17,D,CC,CC,D
13:51:45,JSMR,RG,3990,29,D,AK,CC,D
13:51:08,JSMR,RG,3990,20,D,YP,CC,D
13:51:07,JSMR,RG,3990,1,D,CC,CC,D
13:51:00,JSMR,RG,3990,9,D,AK,CC,D
13:49:53,JSMR,RG,3990,1,D,CC,CC,D
13:49:40,JSMR,RG,3980,1,D,YP,DX,D
13:49:32,JSMR,RG,3990,50,D,AZ,CC,D
13:49:30,JSMR,RG,3990,20,D,CC,CC,D
13:49:19,JSMR,RG,3980,3,D,YP,KZ,D
13:49:15,JSMR,RG,3990,2,D,AK,CC,D
13:49:15,JSMR,RG,3990,4,D,AK,KZ,D
13:49:15,JSMR,RG,3990,5,D,AK,CC,D
13:49:14,JSMR,RG,3980,3,D,YP,DR,D
13:49:03,JSMR,RG,3980,97,D,YP,CC,D
13:49:03,JSMR,RG,3980,1,D,CC,CC,D
13:49:03,JSMR,RG,3980,2,D,YP,CC,D
13:48:37,JSMR,RG,3990,1,D,CC,CC,D
13:48:06,JSMR,RG,3980,1,D,YP,DP,D
13:47:50,JSMR,RG,3990,5,D,AT,CC,D
13:47:45,JSMR,RG,3990,27,D,AK,CC,D
13:47:45,JSMR,RG,3990,9,D,AK,CC,D
13:47:27,JSMR,RG,3990,149,D,YP,CC,D
13:47:21,JSMR,RG,3990,1,D,CC,CC,D
13:47:02,JSMR,RG,3990,3,D,CC,CC,D
13:47:02,JSMR,RG,3990,13,D,CC,CP,D
13:46:34,JSMR,RG,3980,3,D,YP,KZ,D
13:46:20,JSMR,RG,3980,1,D,YP,DX,D
13:46:07,JSMR,RG,3990,1,D,CC,CP,D
13:45:47,JSMR,RG,3980,5,D,YP,YP,D
13:45:14,JSMR,RG,3980,2,D,YP,DR,D
13:45:04,JSMR,RG,3980,6,D,YP,KZ,D
13:45:04,JSMR,RG,3980,20,D,YP,KZ,D
13:45:04,JSMR,RG,3980,2,D,CC,KZ,D
13:44:43,JSMR,RG,3980,1,D,CC,DP,D
13:44:38,JSMR,RG,3990,19,D,CC,CP,D
13:43:38,JSMR,RG,3990,53,D,YP,CP,D
13:43:35,JSMR,RG,3990,1,D,CC,CP,D
13:43:08,JSMR,RG,3980,5,D,OD,NI,D
13:43:08,JSMR,RG,3980,10,D,LG,NI,D
13:43:06,JSMR,RG,3980,2,D,YP,CC,D
13:43:06,JSMR,RG,3980,1,D,YP,CC,D
13:43:06,JSMR,RG,3980,7,D,DH,CC,D
13:43:00,JSMR,RG,3980,1,D,DH,DX,D
13:42:34,JSMR,RG,3980,2,D,DH,KZ,D
13:42:34,JSMR,RG,3980,1,D,PD,KZ,D
13:42:20,JSMR,RG,3980,2,D,YP,XC,D
13:42:19,JSMR,RG,3990,1,D,CC,CP,D
13:42:08,JSMR,RG,3990,12,D,CC,CP,D
13:42:08,JSMR,RG,3990,4,D,CC,KZ,D
13:41:05,JSMR,RG,3990,1,D,CC,KZ,D
13:40:54,JSMR,RG,3980,3,D,YP,KZ,D
13:40:54,JSMR,RG,3980,20,D,NI,KZ,D
13:40:54,JSMR,RG,3980,5,D,DH,KZ,D
13:40:54,JSMR,RG,3980,6,D,PD,KZ,D
13:40:28,JSMR,RG,3980,94,D,PD,CC,D
13:40:28,JSMR,RG,3980,1,D,DH,CC,D
13:40:28,JSMR,RG,3980,5,D,PD,CC,D
13:39:51,JSMR,RG,3990,33,D,CC,KZ,D
13:39:49,JSMR,RG,3990,1,D,CC,YP,D
13:39:49,JSMR,RG,3990,4,D,PD,YP,D
13:39:49,JSMR,RG,3990,36,D,PD,YU,F
13:39:46,JSMR,RG,3990,11,D,CC,YU,F
13:39:45,JSMR,RG,3980,1,D,PD,DX,D
13:38:33,JSMR,RG,3990,1,D,CC,YU,F
13:37:59,JSMR,RG,3980,10,D,PD,KI,D
13:37:34,JSMR,RG,3990,1,D,CC,YU,F
13:37:21,JSMR,RG,3990,1,D,PD,YU,F
13:37:20,JSMR,RG,3990,1,D,CC,ZP,D
13:37:20,JSMR,RG,3990,3,D,CC,ZP,D
13:37:19,JSMR,RG,3990,1,D,CC,ZP,D
13:37:16,JSMR,RG,3980,1,D,PD,DX,D
13:36:03,JSMR,RG,3990,1,D,CC,ZP,D
13:35:29,JSMR,RG,3990,1,D,CC,ZP,D
13:34:52,JSMR,RG,3990,5,D,CC,ZP,D
13:34:47,JSMR,RG,3990,1,D,CC,ZP,D
13:34:46,JSMR,RG,3980,1,D,PD,DX,D
13:34:07,JSMR,RG,3990,2,D,PD,ZP,D
13:33:31,JSMR,RG,3990,1,D,CC,ZP,D
13:32:49,JSMR,RG,3990,2,D,CC,ZP,D
13:32:17,JSMR,RG,3990,1,D,CC,ZP,D
13:31:45,JSMR,RG,3990,10,D,PD,ZP,D
13:30:58,JSMR,RG,3990,4,D,PD,ZP,D
13:30:52,JSMR,RG,3990,1,D,NI,ZP,D
13:30:34,JSMR,RG,3990,1,D,CC,ZP,D
13:30:29,JSMR,RG,3990,60,F,AK,ZP,D
13:30:29,JSMR,RG,3990,4,F,AK,ZP,D
13:30:29,JSMR,RG,3990,9,F,AK,DR,D
13:30:28,JSMR,RG,3990,11,F,AK,DP,D
13:30:18,JSMR,RG,3990,2,F,AK,CC,F
13:30:18,JSMR,RG,3990,98,F,AK,ZP,D
13:30:18,JSMR,RG,3990,10,F,AK,DP,D
13:30:18,JSMR,RG,3990,3,D,YP,CS,F
13:30:17,JSMR,RG,3990,100,D,YP,CS,F
13:30:16,JSMR,RG,3990,75,D,AK,CS,F
13:30:16,JSMR,RG,3990,4,D,AK,KZ,D
13:30:16,JSMR,RG,3990,1,D,AK,DX,D
13:30:16,JSMR,RG,3990,7,D,AK,DR,D
13:30:16,JSMR,RG,3990,1,D,AK,KZ,D
13:30:16,JSMR,RG,3990,19,D,AK,ZP,D
13:30:16,JSMR,RG,3990,3,D,AK,ZP,D
13:30:16,JSMR,RG,3990,1,D,AK,DX,D
13:30:16,JSMR,RG,3990,1,D,AK,DR,D
13:30:16,JSMR,RG,3990,2,D,AK,YU,F
13:30:16,JSMR,RG,3990,34,D,AK,CC,D
13:30:14,JSMR,RG,3990,1,D,YP,CC,D
13:30:12,JSMR,RG,3990,5,D,XC,CC,D
13:30:09,JSMR,RG,3990,1,D,CC,CC,D
13:30:07,JSMR,RG,3990,1,D,PD,CC,D
13:30:07,JSMR,RG,3990,1,D,PD,CC,D
13:30:06,JSMR,RG,3990,1,D,CC,CC,D
11:29:59,JSMR,RG,3990,1,D,AK,CC,D
11:29:45,JSMR,RG,3990,2,D,AK,CC,D
11:29:45,JSMR,RG,3990,1,D,AK,CC,D
11:29:45,JSMR,RG,3990,1,D,AK,CC,D
11:28:55,JSMR,RG,3990,1,D,CC,CC,D
11:28:29,JSMR,RG,3990,6,D,AK,CC,D
11:28:13,JSMR,RG,3990,1,D,AK,CC,D
11:28:12,JSMR,RG,3980,1,D,PD,DR,D
11:28:00,JSMR,RG,3990,17,D,AK,CC,D
11:27:59,JSMR,RG,3990,1,D,AK,CC,D
11:27:45,JSMR,RG,3990,4,D,AK,CC,D
11:27:44,JSMR,RG,3990,1,D,AK,CC,D
11:27:38,JSMR,RG,3990,1,D,CC,CC,D
11:27:30,JSMR,RG,3990,3,D,AK,CC,D
11:27:08,JSMR,RG,3980,1,D,PD,DP,D
11:26:24,JSMR,RG,3990,1,D,CC,CC,D
11:25:59,JSMR,RG,3990,7,D,AK,CC,D
11:25:45,JSMR,RG,3990,8,D,AK,CC,D
11:25:45,JSMR,RG,3990,10,D,AK,ZP,D
11:25:29,JSMR,RG,3990,2,D,AK,ZP,D
11:25:08,JSMR,RG,3990,1,D,CC,ZP,D
11:24:30,JSMR,RG,3990,16,D,AK,ZP,D
11:24:14,JSMR,RG,3990,6,D,AK,ZP,D
11:24:00,JSMR,RG,3990,8,D,AK,ZP,D
11:23:52,JSMR,RG,3990,1,D,CC,ZP,D
11:23:14,JSMR,RG,3990,6,D,AK,ZP,D
11:22:47,JSMR,RG,3990,18,F,AK,ZP,D
11:22:47,JSMR,RG,3990,2,D,AK,ZP,D
11:22:45,JSMR,RG,3990,1,D,AK,KZ,D
11:22:45,JSMR,RG,3990,14,D,AK,YB,D
11:22:19,JSMR,RG,3990,4,D,PD,YB,D
11:22:19,JSMR,RG,3990,1,D,PD,XC,D
11:22:14,JSMR,RG,3990,5,D,AK,XC,D
11:22:14,JSMR,RG,3990,1,D,AK,DP,D
11:22:00,JSMR,RG,3980,5,D,PD,SQ,D
11:21:48,JSMR,RG,3980,1,D,PD,SQ,D
11:21:48,JSMR,RG,3980,1,D,PD,SQ,D
11:21:48,JSMR,RG,3980,3,D,CC,SQ,D
11:21:44,JSMR,RG,3990,3,D,AK,YU,F
11:21:30,JSMR,RG,3990,17,D,AK,YU,F
11:21:30,JSMR,RG,3990,1,D,AK,DP,D
11:21:22,JSMR,RG,3990,1,D,CC,YU,F
11:20:45,JSMR,RG,3980,1,D,XC,DR,D
11:20:29,JSMR,RG,3990,7,D,AK,YU,F
11:20:28,JSMR,RG,3990,1,D,XC,YU,F
11:20:23,JSMR,RG,3990,1,D,CC,YU,F
11:20:22,JSMR,RG,3990,1,F,AK,DX,D
11:20:22,JSMR,RG,3990,2,F,AK,KZ,D
11:20:22,JSMR,RG,3990,3,F,AK,YP,D
11:20:22,JSMR,RG,3990,5,F,AK,PD,D
11:20:22,JSMR,RG,3990,1,F,AK,CC,F
11:20:22,JSMR,RG,3990,10,F,AK,NI,D
11:20:22,JSMR,RG,3990,2,F,AK,KZ,D
11:20:22,JSMR,RG,3990,43,F,AK,YU,F
11:20:15,JSMR,RG,3990,22,D,AK,YU,F
11:20:06,JSMR,RG,3990,1,D,CC,YU,F
11:19:30,JSMR,RG,3980,1,D,LG,DX,D
11:19:15,JSMR,RG,3990,13,D,AK,YU,F
11:19:14,JSMR,RG,3990,7,D,AK,YU,F
11:18:50,JSMR,RG,3990,1,D,CC,YU,F
11:18:06,JSMR,RG,3980,5,D,LG,YP,D
11:17:38,JSMR,RG,3980,1,D,LG,DP,D
11:17:37,JSMR,RG,3990,7,D,AK,YU,F
11:17:36,JSMR,RG,3990,1,D,CC,YU,F
11:17:30,JSMR,RG,3990,6,D,AK,YU,F
11:17:30,JSMR,RG,3990,12,D,AK,ZP,D
11:17:23,JSMR,RG,3980,30,D,LG,EP,D
11:16:20,JSMR,RG,3990,1,D,CC,ZP,D
11:15:04,JSMR,RG,3990,1,D,CC,ZP,D
11:14:44,JSMR,RG,3990,7,D,AK,ZP,D
11:14:41,JSMR,RG,3980,2,D,LG,KZ,D
11:14:31,JSMR,RG,3980,1,D,LG,DX,D
11:14:15,JSMR,RG,3990,20,D,AK,ZP,D
11:13:48,JSMR,RG,3990,1,D,CC,ZP,D
11:13:05,JSMR,RG,3990,5,D,PD,ZP,D
11:12:42,JSMR,RG,3990,5,D,PD,ZP,D
11:12:34,JSMR,RG,3990,1,D,CC,ZP,D
11:12:21,JSMR,RG,3990,3,D,CC,ZP,D
11:12:00,JSMR,RG,3990,63,F,AI,ZP,D
11:11:38,JSMR,RG,3990,1,D,NI,ZP,D
11:11:19,JSMR,RG,3990,1,D,YP,ZP,D
11:11:18,JSMR,RG,3990,1,D,CC,ZP,D
11:11:00,JSMR,RG,3990,5,D,AK,ZP,D
11:11:00,JSMR,RG,3990,2,D,AK,KZ,D
11:11:00,JSMR,RG,3990,3,D,AK,DP,D
11:11:00,JSMR,RG,3990,3,D,AK,DR,D
11:11:00,JSMR,RG,3990,1,D,AK,CC,F
11:11:00,JSMR,RG,3990,5,D,AK,PD,D
11:11:00,JSMR,RG,3990,3,D,AK,TP,D
11:10:44,JSMR,RG,3990,10,D,AK,TP,D
11:10:37,JSMR,RG,3990,12,D,DH,TP,D
11:10:37,JSMR,RG,3990,8,D,DH,YU,F
11:10:10,JSMR,RG,3990,2,D,XC,YU,F
11:09:38,JSMR,RG,3990,10,D,DR,YU,F
11:09:24,JSMR,RG,3980,260,D,LG,BQ,D
11:09:24,JSMR,RG,3980,3,D,CC,BQ,D
11:09:24,JSMR,RG,3980,1,D,PD,BQ,D
11:09:24,JSMR,RG,3980,300,D,PD,BQ,D
11:09:24,JSMR,RG,3980,50,D,PD,BQ,D
11:09:24,JSMR,RG,3980,25,D,DR,BQ,D
11:09:24,JSMR,RG,3980,50,D,YP,BQ,D
11:09:24,JSMR,RG,3980,1,D,YP,BQ,D
11:09:24,JSMR,RG,3980,10,D,CC,BQ,D
11:09:24,JSMR,RG,3980,29,D,LG,BQ,D
11:08:57,JSMR,RG,3990,3,D,YP,YU,F
11:08:57,JSMR,RG,3990,1,D,YP,ZP,D
11:08:48,JSMR,RG,3990,1,D,CC,ZP,D
11:08:25,JSMR,RG,3990,5,D,YP,ZP,D
11:08:09,JSMR,RG,3990,1,D,CC,ZP,D
11:07:32,JSMR,RG,3990,1,D,CC,ZP,D
11:06:34,JSMR,RG,3990,1,D,CC,ZP,D
11:06:16,JSMR,RG,3990,1,D,CC,ZP,D
11:06:01,JSMR,RG,3990,5,D,ZP,ZP,D
11:06:01,JSMR,RG,3990,2,D,ZP,KZ,D
11:06:01,JSMR,RG,3990,3,D,ZP,DR,D
11:06:01,JSMR,RG,3990,1,D,ZP,DX,D
11:06:01,JSMR,RG,3990,4,D,ZP,DP,D
11:06:01,JSMR,RG,3990,5,D,ZP,YP,D
11:05:14,JSMR,RG,3980,5,D,LG,PD,D
11:05:07,JSMR,RG,3990,5,F,AK,YP,D
11:05:07,JSMR,RG,3990,1,F,AK,KZ,D
11:05:07,JSMR,RG,3990,1,F,AK,CC,F
11:05:07,JSMR,RG,3990,76,F,AK,ZP,D
11:05:00,JSMR,RG,3990,1,D,CC,ZP,D
11:03:46,JSMR,RG,3990,1,D,CC,ZP,D
11:03:04,JSMR,RG,3980,3,D,LG,SQ,D
11:02:54,JSMR,RG,3990,1,D,NI,ZP,D
11:02:36,JSMR,RG,3990,32,D,YP,ZP,D
11:02:36,JSMR,RG,3990,18,D,YP,YU,F
11:02:30,JSMR,RG,3990,1,D,CC,YU,F
11:01:18,JSMR,RG,3990,37,D,PD,YU,F
11:01:14,JSMR,RG,3990,1,D,CC,YU,F
11:01:08,JSMR,RG,3980,5,D,LG,OD,D
11:00:00,JSMR,RG,3990,1,D,CC,YU,F
10:59:40,JSMR,RG,3980,1,D,LG,DX,D
10:59:32,JSMR,RG,3990,5,D,YP,YU,F
10:59:16,JSMR,RG,3990,5,D,XC,YU,F
10:58:44,JSMR,RG,3990,1,D,CC,YU,F
10:58:10,JSMR,RG,3980,1,D,LG,DR,D
10:58:02,JSMR,RG,3990,1,D,YP,YU,F
10:57:57,JSMR,RG,3990,2,D,CC,YU,F
10:57:43,JSMR,RG,3990,8,D,CC,YU,F
10:57:43,JSMR,RG,3990,7,D,CC,DR,D
10:57:43,JSMR,RG,3990,4,D,CC,DP,D
10:57:43,JSMR,RG,3990,21,D,CC,ZP,D
10:57:39,JSMR,RG,3990,1,D,YP,ZP,D
10:56:20,JSMR,RG,3980,1,D,LG,DX,D
10:56:14,JSMR,RG,3990,1,D,CC,ZP,D
10:55:30,JSMR,RG,3980,2,D,LG,DP,D
10:55:27,JSMR,RG,3990,2,D,CC,ZP,D
10:55:26,JSMR,RG,3990,5,D,NI,ZP,D
10:54:56,JSMR,RG,3990,1,D,CC,ZP,D
10:54:56,JSMR,RG,3990,3,D,YB,ZP,D
10:54:56,JSMR,RG,3990,1,D,CC,ZP,D
10:54:56,JSMR,RG,3990,19,D,AK,ZP,D
10:54:56,JSMR,RG,3990,7,D,AK,ZP,D
10:54:56,JSMR,RG,3990,1,D,YP,ZP,D
10:54:56,JSMR,RG,3990,11,D,AK,ZP,D
10:54:26,JSMR,RG,3990,1,D,AK,KZ,D
10:54:14,JSMR,RG,3990,4,D,AK,DR,D
10:54:14,JSMR,RG,3990,5,D,AK,YU,F
10:54:14,JSMR,RG,3990,6,D,AK,YU,F
10:54:14,JSMR,RG,3990,10,D,NI,YU,F
10:54:14,JSMR,RG,3990,85,D,ZP,YU,F
10:54:12,JSMR,RG,3990,215,D,ZP,GR,D
10:54:12,JSMR,RG,3990,35,F,AK,GR,D
10:53:42,JSMR,RG,4000,1,D,CC,MG,D
10:53:00,JSMR,RG,3990,1,F,AK,DX,D
10:52:31,JSMR,RG,3990,1,F,AK,KZ,D
10:52:29,JSMR,RG,3990,123,F,AK,CC,D
10:52:29,JSMR,RG,3990,18,D,AK,CC,D
10:52:29,JSMR,RG,3990,6,D,AK,CC,D
10:52:29,JSMR,RG,3990,5,D,XA,CC,D
10:52:29,JSMR,RG,3990,8,D,AK,CC,D
10:52:29,JSMR,RG,3990,30,D,AK,CC,D
10:52:29,JSMR,RG,3990,5,D,SQ,CC,D
10:52:29,JSMR,RG,3990,2,D,CC,CC,D
10:52:29,JSMR,RG,3990,5,D,XC,CC,D
10:52:29,JSMR,RG,3990,10,D,DR,CC,D
10:52:29,JSMR,RG,3990,1,D,YP,CC,D
10:52:29,JSMR,RG,3990,10,D,YP,CC,D
10:52:29,JSMR,RG,3990,5,D,YP,CC,D
10:52:29,JSMR,RG,3990,2,D,PD,CC,D
10:52:29,JSMR,RG,3990,3,D,CC,CC,D
10:52:29,JSMR,RG,3990,15,D,YP,CC,D
10:52:29,JSMR,RG,3990,6,D,AK,CC,D
10:52:29,JSMR,RG,3990,30,D,NI,CC,D
10:52:29,JSMR,RG,3990,19,D,AK,CC,D
10:52:29,JSMR,RG,3990,197,D,PD,CC,D
10:52:26,JSMR,RG,4000,1,D,CC,MG,D
10:52:11,JSMR,RG,3990,3,D,PD,KZ,D
10:52:02,JSMR,RG,3990,3,D,PD,DP,D
10:51:12,JSMR,RG,4000,1,D,CC,MG,D
10:50:39,JSMR,RG,3990,200,D,PD,CC,D
10:50:37,JSMR,RG,3990,97,D,PD,CC,D
10:50:37,JSMR,RG,3990,30,D,XC,CC,D
10:50:37,JSMR,RG,3990,4,D,PD,CC,D
10:50:37,JSMR,RG,3990,22,D,AK,CC,D
10:50:37,JSMR,RG,3990,9,D,AK,CC,D
10:50:37,JSMR,RG,3990,69,F,AK,CC,D
10:50:37,JSMR,RG,3990,69,D,EP,CC,D
10:49:56,JSMR,RG,4000,1,D,CC,MG,D
10:49:42,JSMR,RG,4000,1,D,CC,MG,D
10:48:42,JSMR,RG,4000,13,D,AK,MG,D
10:48:40,JSMR,RG,4000,1,D,CC,MG,D
10:47:45,JSMR,RG,4000,22,D,AK,MG,D
10:47:26,JSMR,RG,4000,1,D,CC,MG,D
10:46:37,JSMR,RG,3990,6,D,EP,PD,D
10:46:10,JSMR,RG,4000,1,D,CC,MG,D
10:45:45,JSMR,RG,3990,150,D,EP,CC,D
10:45:43,JSMR,RG,3990,150,D,EP,CC,D
10:45:35,JSMR,RG,3990,1,D,EP,PD,D
10:45:27,JSMR,RG,3990,28,D,EP,YU,F
10:45:27,JSMR,RG,3990,1,D,EP,DX,D
10:45:27,JSMR,RG,3990,10,D,EP,NI,D
10:45:27,JSMR,RG,3990,13,D,EP,ZP,D
10:45:27,JSMR,RG,3990,1,D,EP,DP,D
10:45:27,JSMR,RG,3990,15,D,EP,OD,D
10:45:27,JSMR,RG,3990,63,D,EP,YU,F
10:45:27,JSMR,RG,3990,100,D,EP,CC,D
10:45:27,JSMR,RG,3990,200,D,EP,CC,D
10:45:27,JSMR,RG,3990,3,D,EP,KZ,D
10:45:27,JSMR,RG,3990,5,D,EP,CC,F
10:45:27,JSMR,RG,3990,1,D,EP,KZ,D
10:45:27,JSMR,RG,3990,99,D,EP,ZP,D
10:45:27,JSMR,RG,3990,62,D,EP,YU,F
10:45:27,JSMR,RG,3990,3,D,EP,DP,D
10:45:27,JSMR,RG,3990,7,D,EP,DR,D
10:45:27,JSMR,RG,3990,13,D,EP,CC,D
10:45:19,JSMR,RG,3990,100,D,XL,CC,D
10:44:45,JSMR,RG,3990,1,D,CC,CC,D
10:44:30,JSMR,RG,3980,1,D,LG,DX,D
10:43:51,JSMR,RG,3990,29,D,YP,CC,D
10:43:41,JSMR,RG,3990,1,D,KK,CC,D
10:43:38,JSMR,RG,3990,1,D,CC,CC,D
10:43:16,JSMR,RG,3990,1,D,YP,CC,D
10:43:16,JSMR,RG,3980,2,D,LG,AZ,D
10:43:16,JSMR,RG,3980,48,D,YP,AZ,D
10:42:31,JSMR,RG,3980,2,D,YP,KZ,D
10:42:24,JSMR,RG,3990,1,D,CC,CC,D
10:42:04,JSMR,RG,3990,1,D,CC,CC,D
10:41:08,JSMR,RG,3990,1,D,CC,CC,D
10:40:32,JSMR,RG,3990,20,D,PD,CC,D
10:39:52,JSMR,RG,3990,1,D,CC,CC,D
10:39:14,JSMR,RG,3980,1,D,SQ,XC,D
10:39:00,JSMR,RG,3980,1,D,SQ,DX,D
10:38:52,JSMR,RG,3990,1,D,XC,CC,D
10:38:38,JSMR,RG,3990,1,D,CC,CC,D
10:38:26,JSMR,RG,3980,1,D,SQ,KZ,D
10:37:26,JSMR,RG,3990,8,D,CC,CC,D
10:37:26,JSMR,RG,3990,1,D,YP,CC,D
10:37:22,JSMR,RG,3990,1,D,CC,CC,D
10:36:06,JSMR,RG,3990,1,D,CC,CC,D
10:35:44,JSMR,RG,3990,1,D,PD,CC,D
10:34:50,JSMR,RG,3990,1,D,CC,CC,D
10:34:36,JSMR,RG,3980,2,D,SQ,ZP,D
10:34:36,JSMR,RG,3980,95,D,YP,ZP,D
10:34:26,JSMR,RG,3980,1,D,YP,KZ,D
10:33:36,JSMR,RG,3990,1,D,CC,CC,D
10:31:58,JSMR,RG,3990,2,D,PD,CC,D
10:31:54,JSMR,RG,3980,3,D,YP,DP,D
10:31:13,JSMR,RG,3980,2,D,YP,SQ,D
10:31:08,JSMR,RG,3980,3,D,YP,SQ,D
10:31:04,JSMR,RG,3990,1,D,CC,CC,D
10:30:30,JSMR,RG,3990,5,D,PD,CC,D
10:29:50,JSMR,RG,3990,1,D,CC,CC,D
10:29:41,JSMR,RG,3980,20,D,YP,KI,D
10:29:00,JSMR,RG,3980,1,D,YP,DX,D
10:28:34,JSMR,RG,3990,1,D,CC,CC,D
10:28:22,JSMR,RG,3980,5,D,YP,YP,D
10:28:21,JSMR,RG,3980,42,D,YP,ZP,D
10:28:19,JSMR,RG,3980,97,D,YP,ZP,D
10:27:42,JSMR,RG,3980,4,D,YP,DR,D
10:27:19,JSMR,RG,3980,25,D,YP,OD,D
10:26:59,JSMR,RG,3980,2,D,YP,OD,D
10:26:59,JSMR,RG,3980,3,D,PD,OD,D
10:26:59,JSMR,RG,3980,20,D,CC,OD,D
10:26:36,JSMR,RG,3990,1,D,CC,CC,D
10:26:36,JSMR,RG,3990,3,D,AK,CC,D
10:26:36,JSMR,RG,3990,2,D,AK,KZ,D
10:26:36,JSMR,RG,3990,1,D,AK,KZ,D
10:26:30,JSMR,RG,3990,22,F,AK,YU,F
10:26:30,JSMR,RG,3990,17,D,AK,YU,F
10:26:30,JSMR,RG,3990,5,D,PD,YU,F
10:26:30,JSMR,RG,3990,6,D,AK,YU,F
10:26:30,JSMR,RG,3990,56,F,AK,YU,F
10:26:30,JSMR,RG,3990,4,D,YB,YU,F
10:26:30,JSMR,RG,3990,31,D,PD,YU,F
10:26:30,JSMR,RG,3990,5,D,PD,YU,F
10:26:30,JSMR,RG,3990,5,D,PD,YU,F
10:26:30,JSMR,RG,3990,3,D,YP,YU,F
10:26:30,JSMR,RG,3990,1,D,XC,YU,F
10:26:30,JSMR,RG,3990,5,D,PD,YU,F
10:26:30,JSMR,RG,3990,9,D,XC,YU,F
10:26:28,JSMR,RG,3990,1,D,XC,CC,D
10:26:28,JSMR,RG,3990,10,D,PD,CC,D
10:26:28,JSMR,RG,3990,10,D,CC,CC,D
10:26:28,JSMR,RG,3990,6,D,YP,CC,D
10:26:28,JSMR,RG,3990,5,D,OD,CC,D
10:26:28,JSMR,RG,3990,1,D,YP,CC,D
10:26:28,JSMR,RG,3990,13,F,YP,CC,D
10:26:28,JSMR,RG,3990,2,D,YP,CC,D
10:26:28,JSMR,RG,3990,1,D,DR,CC,D
10:26:28,JSMR,RG,3990,10,D,YP,CC,D
10:26:28,JSMR,RG,3990,10,D,YP,CC,D
10:26:28,JSMR,RG,3990,50,D,OD,CC,D
10:26:28,JSMR,RG,3990,5,D,YP,CC,D
10:26:28,JSMR,RG,3990,1,D,YP,CC,D
10:26:28,JSMR,RG,3990,13,D,PD,CC,D
10:26:28,JSMR,RG,3990,5,D,YP,CC,D
10:26:28,JSMR,RG,3990,1,D,CC,CC,D
10:26:28,JSMR,RG,3990,1,D,CC,CC,D
10:26:28,JSMR,RG,3990,250,D,YP,CC,D
10:26:28,JSMR,RG,3990,100,D,AG,CC,D
10:26:28,JSMR,RG,3990,5,D,YP,CC,D
10:26:21,JSMR,RG,3990,2,D,YP,DP,D
10:26:02,JSMR,RG,4000,1,D,CC,ZP,D
10:24:48,JSMR,RG,4000,1,D,CC,ZP,D
10:23:32,JSMR,RG,4000,1,D,CC,ZP,D
10:23:13,JSMR,RG,4000,19,D,CC,ZP,D
10:23:13,JSMR,RG,4000,6,D,CC,DP,D
10:22:39,JSMR,RG,4000,1,D,NI,DP,D
10:22:28,JSMR,RG,4000,19,D,AK,YU,F
10:22:28,JSMR,RG,4000,9,D,AK,YU,F
10:22:28,JSMR,RG,4000,1,D,CC,AK,F
10:22:28,JSMR,RG,4000,1,D,XC,AK,F
10:22:28,JSMR,RG,4000,12,D,XC,AK,F
10:22:28,JSMR,RG,4000,29,D,YP,AK,F
10:22:27,JSMR,RG,4000,21,D,YP,MG,D
10:22:27,JSMR,RG,4000,3,D,YP,MG,D
10:22:27,JSMR,RG,4000,1,D,SQ,MG,D
10:22:27,JSMR,RG,4000,2,D,XC,MG,D
10:22:27,JSMR,RG,4000,50,D,ZP,MG,D
10:22:27,JSMR,RG,4000,25,D,XC,MG,D
10:22:27,JSMR,RG,4000,1,D,YP,MG,D
10:22:27,JSMR,RG,4000,10,D,PD,MG,D
10:22:27,JSMR,RG,4000,2,D,NI,MG,D
10:22:27,JSMR,RG,4000,1,D,PD,MG,D
10:22:27,JSMR,RG,4000,80,D,DR,MG,D
10:22:27,JSMR,RG,4000,7,D,XC,MG,D
10:22:27,JSMR,RG,4000,24,D,AK,MG,D
10:22:27,JSMR,RG,4000,15,D,YP,MG,D
10:22:27,JSMR,RG,4000,7,D,AK,MG,D
10:22:27,JSMR,RG,4000,23,D,AK,MG,D
10:22:27,JSMR,RG,4000,23,D,AK,MG,D
10:22:27,JSMR,RG,4000,32,D,AK,MG,D
10:22:27,JSMR,RG,4000,7,D,AK,MG,D
10:22:27,JSMR,RG,4000,10,D,AK,MG,D
10:22:27,JSMR,RG,4000,8,D,AK,MG,D
10:22:27,JSMR,RG,4000,171,F,AK,MG,D
10:22:27,JSMR,RG,4000,377,D,EP,MG,D
10:22:16,JSMR,RG,4010,1,D,CC,CC,D
10:22:01,JSMR,RG,4000,1,D,EP,KZ,D
10:21:02,JSMR,RG,4010,1,D,CC,CC,D
10:20:59,JSMR,RG,4010,7,D,AK,CC,D
10:20:45,JSMR,RG,4010,21,D,AK,CC,D
10:20:43,JSMR,RG,4000,150,D,EP,CC,D
10:20:29,JSMR,RG,4000,1,D,EP,YP,D
10:19:01,JSMR,RG,4000,2,D,EP,KZ,D
10:19:00,JSMR,RG,4000,1,D,EP,DX,D
10:18:44,JSMR,RG,4010,6,D,AK,CC,D
10:18:05,JSMR,RG,4000,10,D,EP,PD,D
10:17:22,JSMR,RG,4000,100,D,EP,CC,D
10:16:58,JSMR,RG,4000,50,D,EP,ZP,D
10:16:30,JSMR,RG,4010,26,D,AK,CC,D
10:16:14,JSMR,RG,4010,9,D,AK,CC,D
10:15:40,JSMR,RG,4010,1,D,YP,CC,D
10:15:16,JSMR,RG,4010,5,D,YP,CC,D
10:15:12,JSMR,RG,4000,1,D,EP,NI,D
10:15:00,JSMR,RG,4010,15,D,AK,CC,D
10:14:44,JSMR,RG,4010,6,D,AK,CC,D
10:14:19,JSMR,RG,4000,2,D,EP,XC,D
10:13:31,JSMR,RG,4000,30,D,EP,ZP,D
10:13:15,JSMR,RG,4010,16,D,AK,CC,D
10:13:14,JSMR,RG,4010,5,D,AK,CC,D
10:12:55,JSMR,RG,4000,5,D,EP,LG,D
10:12:35,JSMR,RG,4000,7,D,EP,CD,D
10:12:17,JSMR,RG,4010,15,D,CC,CC,D
10:12:16,JSMR,RG,4000,1,D,EP,KZ,D
10:12:05,JSMR,RG,4000,1,D,EP,DP,D
10:11:15,JSMR,RG,4010,16,D,AK,CC,D
10:10:59,JSMR,RG,4010,7,D,AK,CC,D
10:10:17,JSMR,RG,4000,1,D,EP,CC,D
10:10:15,JSMR,RG,4000,55,D,EP,ZP,D
10:09:30,JSMR,RG,4000,1,D,EP,DX,D
10:09:11,JSMR,RG,4000,1,D,EP,XC,D
10:08:44,JSMR,RG,4000,2,D,EP,DP,D
10:08:30,JSMR,RG,4010,17,D,AK,CC,D
10:08:30,JSMR,RG,4010,3,D,AK,DR,D
10:08:30,JSMR,RG,4010,1,D,AK,XC,D
10:08:30,JSMR,RG,4010,1,D,AK,XA,D
10:08:30,JSMR,RG,4010,3,D,AK,KZ,D
10:08:29,JSMR,RG,4010,5,D,AK,YP,D
10:08:16,JSMR,RG,4000,2,D,EP,KZ,D
10:06:45,JSMR,RG,4010,16,D,AK,YU,F
10:06:29,JSMR,RG,4010,7,D,AK,YU,F
10:05:29,JSMR,RG,4010,7,D,OD,YU,F
10:04:45,JSMR,RG,4010,14,D,AK,YU,F
10:04:45,JSMR,RG,4010,5,D,AK,ZP,D
10:04:30,JSMR,RG,4000,1,D,EP,DX,D
10:04:14,JSMR,RG,4010,8,D,AK,ZP,D
10:03:50,JSMR,RG,4010,2,D,OD,ZP,D
10:01:53,JSMR,RG,4010,84,D,YP,ZP,D
10:01:53,JSMR,RG,4010,4,D,YP,DR,D
10:01:53,JSMR,RG,4010,3,D,YP,DP,D
10:01:53,JSMR,RG,4010,9,D,YP,PD,D
10:01:46,JSMR,RG,4010,11,D,EP,PD,D
10:01:46,JSMR,RG,4010,4,D,EP,YP,D
10:00:15,JSMR,RG,4010,23,D,AK,YP,D
9:59:30,JSMR,RG,4000,1,D,EP,DX,D
9:58:26,JSMR,RG,4010,10,D,YP,YP,D
9:57:29,JSMR,RG,4010,13,D,AK,YP,D
9:57:29,JSMR,RG,4010,2,D,AK,CC,F
9:57:29,JSMR,RG,4010,3,D,AK,KZ,D
9:57:22,JSMR,RG,4010,2,D,YP,KZ,D
9:57:22,JSMR,RG,4010,4,D,YP,LG,D
9:57:22,JSMR,RG,4010,4,D,YP,YU,F
9:57:15,JSMR,RG,4010,5,D,CC,YU,F
9:57:08,JSMR,RG,4000,5,D,EP,CC,D
9:56:42,JSMR,RG,4000,3,D,EP,SQ,D
9:56:21,JSMR,RG,4000,2,D,EP,KZ,D
9:56:00,JSMR,RG,4010,26,D,AK,YU,F
9:55:20,JSMR,RG,4000,1,D,EP,SQ,D
9:55:16,JSMR,RG,4000,1,D,EP,SQ,D
9:54:30,JSMR,RG,4000,1,D,EP,DX,D
9:53:36,JSMR,RG,4000,2,D,EP,EP,D
9:53:02,JSMR,RG,4010,44,F,AK,YU,F
9:53:02,JSMR,RG,4010,10,F,AK,NI,D
9:53:02,JSMR,RG,4010,9,F,AK,DR,D
9:52:27,JSMR,RG,4010,38,F,BK,DR,D
9:52:20,JSMR,RG,4010,13,F,BK,DR,D
9:52:13,JSMR,RG,4010,33,F,BK,DR,D
9:52:06,JSMR,RG,4010,11,F,BK,DR,D
9:52:06,JSMR,RG,4010,1,F,BK,CC,F
9:52:06,JSMR,RG,4010,101,F,BK,OD,D
9:51:59,JSMR,RG,4010,20,D,HD,OD,D
9:51:57,JSMR,RG,4010,31,F,BK,OD,D
9:50:48,JSMR,RG,4010,128,F,AK,OD,D
9:50:47,JSMR,RG,4010,128,F,AK,OD,D
9:50:47,JSMR,RG,4010,128,F,AK,OD,D
9:50:46,JSMR,RG,4010,128,F,AK,OD,D
9:50:45,JSMR,RG,4010,128,F,AK,OD,D
9:48:52,JSMR,RG,4010,5,D,EP,OD,D
9:48:35,JSMR,RG,4010,1,D,XC,OD,D
9:48:09,JSMR,RG,4010,1,D,PD,OD,D
9:46:15,JSMR,RG,4010,4,D,KK,OD,D
9:45:05,JSMR,RG,4000,6,D,EP,DR,D
9:45:05,JSMR,RG,4010,47,F,AK,OD,D
9:45:05,JSMR,RG,4010,5,F,AK,IF,D
9:45:05,JSMR,RG,4010,30,F,AK,YP,D
9:45:05,JSMR,RG,4010,2,F,AK,LG,D
9:45:05,JSMR,RG,4010,6,F,AK,PD,D
9:45:05,JSMR,RG,4010,100,F,AK,IT,D
9:45:05,JSMR,RG,4010,1,F,AK,PD,D
9:45:05,JSMR,RG,4000,9,D,EP,DP,D
9:45:03,JSMR,RG,4000,20,D,EP,YU,F
9:45:03,JSMR,RG,4000,1,D,EP,DX,D
9:45:03,JSMR,RG,4000,1,D,EP,KZ,D
9:45:03,JSMR,RG,4000,9,D,EP,YU,F
9:45:03,JSMR,RG,4000,10,D,EP,ZP,D
9:45:03,JSMR,RG,4000,1,D,EP,DP,D
9:45:03,JSMR,RG,4000,100,D,EP,DH,D
9:45:03,JSMR,RG,4000,22,D,EP,BK,F
9:45:03,JSMR,RG,4000,3,D,EP,DR,D
9:44:48,JSMR,RG,3990,2,D,YP,SQ,D
9:44:30,JSMR,RG,3990,1,D,YP,DX,D
9:43:58,JSMR,RG,3990,1,D,YP,LG,D
9:43:12,JSMR,RG,4000,20,F,AK,YU,F
9:43:12,JSMR,RG,4000,60,F,AK,XC,D
9:43:12,JSMR,RG,4000,4,F,AK,BK,F
9:43:12,JSMR,RG,4000,1,F,AK,DP,D
9:43:12,JSMR,RG,4000,4,F,AK,ZP,D
9:43:11,JSMR,RG,4000,35,F,AK,ZP,D
9:43:10,JSMR,RG,4000,11,F,AK,ZP,D
9:43:10,JSMR,RG,4000,21,F,AK,YU,F
9:43:10,JSMR,RG,4000,3,F,AK,DR,D
9:43:10,JSMR,RG,4000,93,F,AK,ZP,D
9:42:35,JSMR,RG,4000,15,D,CC,ZP,D
9:42:33,JSMR,RG,4000,10,D,CC,IT,D
9:42:33,JSMR,RG,4000,2,D,SQ,IT,D
9:42:33,JSMR,RG,4000,1,D,XC,IT,D
9:42:33,JSMR,RG,4000,1,D,XC,IT,D
9:42:33,JSMR,RG,4000,3,D,EP,IT,D
9:42:33,JSMR,RG,4000,8,D,AK,IT,D
9:42:33,JSMR,RG,4000,5,D,YP,IT,D
9:42:33,JSMR,RG,4000,2,D,DH,IT,D
9:42:33,JSMR,RG,4000,18,D,AK,IT,D
9:42:16,JSMR,RG,4000,3,D,AK,PD,D
9:40:55,JSMR,RG,4000,4,D,AK,OD,D
9:40:55,JSMR,RG,4000,1,D,AK,OD,D
9:40:16,JSMR,RG,4000,1,D,AK,KZ,D
9:39:48,JSMR,RG,4000,6,D,AK,PD,D
9:39:48,JSMR,RG,4000,2,D,XC,PD,D
9:39:48,JSMR,RG,4000,14,D,AK,PD,D
9:39:30,JSMR,RG,4000,1,D,AK,DX,D
9:39:28,JSMR,RG,4000,6,D,AK,YP,D
9:39:28,JSMR,RG,4000,6,D,PD,YP,D
9:39:05,JSMR,RG,4000,2,D,PD,SQ,D
9:38:42,JSMR,RG,4000,1,D,PD,DP,D
9:37:37,JSMR,RG,4000,5,D,PD,PD,D
9:37:18,JSMR,RG,4000,2,D,PD,DR,D
9:36:54,JSMR,RG,4000,4,D,PD,PD,D
9:36:39,JSMR,RG,4000,1,D,PD,DP,D
9:36:12,JSMR,RG,4000,10,D,PD,EP,D
9:36:11,JSMR,RG,4000,2,D,PD,KZ,D
9:36:00,JSMR,RG,4000,3,D,PD,XA,D
9:35:47,JSMR,RG,4000,1,D,PD,PD,D
9:35:07,JSMR,RG,4000,1,D,PD,DH,D
9:34:43,JSMR,RG,4000,2,D,PD,SQ,D
9:34:42,JSMR,RG,4000,59,D,PD,YU,F
9:34:41,JSMR,RG,4000,2,D,PD,KZ,D
9:34:38,JSMR,RG,4000,20,D,PD,SQ,D
9:34:30,JSMR,RG,4000,1,D,PD,DX,D
9:33:14,JSMR,RG,4000,3,D,PD,IF,D
9:33:14,JSMR,RG,4000,2,D,AK,IF,D
9:33:02,JSMR,RG,4010,1,D,YP,DP,D
9:32:44,JSMR,RG,4000,4,D,AK,SQ,D
9:30:57,JSMR,RG,4000,2,D,AK,SQ,D
9:30:53,JSMR,RG,4000,1,D,YP,DP,D
9:30:39,JSMR,RG,4000,2,D,YP,SQ,D
9:30:01,JSMR,RG,4010,1,D,PD,DP,D
9:29:30,JSMR,RG,4000,1,D,YP,DX,D
9:28:26,JSMR,RG,4000,2,D,YP,KZ,D
9:28:21,JSMR,RG,4000,16,D,YP,PD,D
9:27:56,JSMR,RG,4000,1,D,YP,KZ,D
9:27:55,JSMR,RG,4000,70,D,YP,ZP,D
9:27:55,JSMR,RG,4000,2,D,SQ,ZP,D
9:27:54,JSMR,RG,4000,13,D,SQ,OD,D
9:27:53,JSMR,RG,4000,2,D,SQ,DR,D
9:27:49,JSMR,RG,4000,23,D,SQ,IT,D
9:27:49,JSMR,RG,4000,1,D,YP,IT,D
9:27:49,JSMR,RG,4000,5,D,XL,IT,D
9:27:49,JSMR,RG,4000,2,D,XC,IT,D
9:27:49,JSMR,RG,4000,21,D,AK,IT,D
9:27:49,JSMR,RG,4000,7,D,AK,IT,D
9:27:49,JSMR,RG,4000,41,F,AK,IT,D
9:27:39,JSMR,RG,4000,2,F,AK,SQ,D
9:27:23,JSMR,RG,4000,2,F,AK,DP,D
9:27:07,JSMR,RG,4000,2,F,AK,PD,D
9:26:35,JSMR,RG,4000,1,F,AK,KK,D
9:25:45,JSMR,RG,4000,16,F,AK,CC,D
9:25:45,JSMR,RG,4000,1,D,PD,CC,D
9:25:45,JSMR,RG,4000,1,D,YP,CC,D
9:25:45,JSMR,RG,4000,1,D,CC,CC,D
9:25:45,JSMR,RG,4000,8,D,PD,CC,D
9:25:45,JSMR,RG,4000,24,D,AG,CC,D
9:25:04,JSMR,RG,4000,76,D,AG,PD,D
9:25:04,JSMR,RG,4000,10,D,PD,PD,D
9:25:04,JSMR,RG,4000,30,D,XC,PD,D
9:25:04,JSMR,RG,4000,9,D,YP,PD,D
9:24:30,JSMR,RG,4000,1,D,YP,DX,D
9:23:57,JSMR,RG,4010,50,D,CC,PD,D
9:23:57,JSMR,RG,4010,50,D,OD,PD,D
9:23:42,JSMR,RG,4010,10,D,CC,YU,F
9:23:42,JSMR,RG,4010,20,D,PD,YU,F
9:23:42,JSMR,RG,4010,49,D,AG,YU,F
9:23:40,JSMR,RG,4010,50,D,AG,GR,D
9:23:16,JSMR,RG,4010,1,D,AG,XC,D
9:23:13,JSMR,RG,4010,5,D,NI,PD,D
9:23:02,JSMR,RG,4010,5,D,YP,YP,D
9:22:37,JSMR,RG,4020,10,D,NI,KK,D
9:22:37,JSMR,RG,4020,4,D,AK,KK,D
9:22:36,JSMR,RG,4020,1,D,AK,KZ,D
9:22:35,JSMR,RG,4020,2,D,AK,SQ,D
9:22:33,JSMR,RG,4020,62,F,AK,AK,F
9:22:33,JSMR,RG,4020,28,D,AK,AK,F
9:22:33,JSMR,RG,4020,20,D,AK,AK,F
9:22:33,JSMR,RG,4020,10,D,CC,AK,F
9:22:33,JSMR,RG,4020,1,D,CC,AK,F
9:22:33,JSMR,RG,4020,6,D,AK,AK,F
9:22:33,JSMR,RG,4020,100,D,PD,AK,F
9:22:33,JSMR,RG,4020,1,D,DR,AK,F
9:22:33,JSMR,RG,4020,22,D,CC,AK,F
9:22:32,JSMR,RG,4020,18,D,CC,CC,D
9:22:32,JSMR,RG,4020,8,D,AK,CC,D
9:22:32,JSMR,RG,4020,4,D,AK,CC,D
9:22:31,JSMR,RG,4020,4,D,AK,XC,D
9:22:31,JSMR,RG,4020,4,D,DR,XC,D
9:22:25,JSMR,RG,4020,34,D,DR,AK,F
9:22:25,JSMR,RG,4020,40,D,DH,AK,F
9:22:25,JSMR,RG,4020,61,F,AK,AK,F
9:22:25,JSMR,RG,4020,25,D,AK,AK,F
9:22:25,JSMR,RG,4020,22,D,AK,AK,F
9:22:25,JSMR,RG,4020,53,D,AK,AK,F
9:22:25,JSMR,RG,4020,15,D,AK,AK,F
9:22:24,JSMR,RG,4020,1,D,AK,XC,D
9:22:11,JSMR,RG,4020,2,D,AK,LG,D
9:22:02,JSMR,RG,4030,2,D,CC,CC,D
9:22:00,JSMR,RG,4030,1,D,AK,CC,D
9:22:00,JSMR,RG,4030,17,D,AK,IH,D
9:21:36,JSMR,RG,4030,15,D,KK,IH,D
9:21:29,JSMR,RG,4030,15,D,NI,IH,D
9:20:33,JSMR,RG,4030,1,D,XC,IH,D
9:20:23,JSMR,RG,4020,1,D,AK,YP,D
9:20:22,JSMR,RG,4030,2,D,YP,IH,D
9:20:22,JSMR,RG,4030,1,D,YP,YP,D
9:20:22,JSMR,RG,4030,1,D,YP,YP,D
9:20:22,JSMR,RG,4030,4,D,YP,EP,D
9:20:22,JSMR,RG,4030,2,D,YP,CC,D
9:20:04,JSMR,RG,4030,5,D,YP,CC,D
9:20:04,JSMR,RG,4030,11,D,XC,CC,D
9:19:49,JSMR,RG,4030,2,D,XC,CC,D
9:19:47,JSMR,RG,4030,1,D,SQ,CC,D
9:19:30,JSMR,RG,4030,3,D,YP,CC,D
9:19:30,JSMR,RG,4030,23,D,AK,CC,D
9:19:10,JSMR,RG,4030,2,D,XC,CC,D
9:18:43,JSMR,RG,4030,1,D,XA,CC,D
9:18:43,JSMR,RG,4030,1,D,XA,PD,D
9:18:43,JSMR,RG,4030,1,D,XA,XL,D
9:18:37,JSMR,RG,4020,1,D,AK,KK,D
9:18:11,JSMR,RG,4020,1,D,AK,XC,D
9:18:07,JSMR,RG,4020,1,D,AK,SQ,D
9:17:47,JSMR,RG,4020,1,D,AK,YP,D
9:17:40,JSMR,RG,4020,20,F,AK,YU,F
9:17:40,JSMR,RG,4020,1,F,AK,XC,D
9:17:40,JSMR,RG,4020,2,F,AK,XC,D
9:17:40,JSMR,RG,4020,3,F,AK,XC,D
9:17:40,JSMR,RG,4020,10,F,AK,YP,D
9:17:40,JSMR,RG,4020,8,F,AK,YP,D
9:17:40,JSMR,RG,4020,22,D,AG,YP,D
9:17:40,JSMR,RG,4020,16,D,AG,YU,F
9:17:40,JSMR,RG,4020,125,D,AG,NI,D
9:17:40,JSMR,RG,4020,1,D,AG,CC,D
9:17:40,JSMR,RG,4020,2,D,AG,KK,D
9:17:40,JSMR,RG,4020,2,D,AG,CC,D
9:17:40,JSMR,RG,4020,1,D,AG,XC,D
9:17:40,JSMR,RG,4020,1,D,AG,PD,D
9:17:40,JSMR,RG,4020,5,D,AG,XC,D
9:17:40,JSMR,RG,4020,5,D,AG,YP,D
9:17:40,JSMR,RG,4020,100,D,AG,IH,D
9:17:40,JSMR,RG,4020,1,D,AG,YP,D
9:17:40,JSMR,RG,4020,119,D,AG,YP,D
9:17:27,JSMR,RG,4020,1,D,CC,YP,D
9:17:27,JSMR,RG,4020,1,D,CC,YP,D
9:17:27,JSMR,RG,4020,8,D,CC,CC,D
9:17:12,JSMR,RG,4020,10,D,CC,CC,D
9:17:04,JSMR,RG,4020,25,D,XC,CC,D
9:16:29,JSMR,RG,4020,2,D,DR,CC,D
9:16:17,JSMR,RG,4020,2,D,SQ,CC,D
9:16:15,JSMR,RG,4020,3,D,PD,CC,D
9:16:05,JSMR,RG,4010,1,D,XC,KZ,D
9:16:05,JSMR,RG,4010,2,D,XC,YU,F
9:15:59,JSMR,RG,4010,18,D,ZP,YU,F
9:15:58,JSMR,RG,4010,1,D,ZP,XC,D
9:15:58,JSMR,RG,4010,1,D,ZP,YU,F
9:15:58,JSMR,RG,4010,5,D,ZP,YP,D
9:15:58,JSMR,RG,4010,1,D,ZP,DX,D
9:15:58,JSMR,RG,4010,2,D,ZP,KK,D
9:15:58,JSMR,RG,4010,10,D,ZP,KK,D
9:15:58,JSMR,RG,4010,10,D,ZP,YP,D
9:15:58,JSMR,RG,4010,2,D,ZP,PD,D
9:15:45,JSMR,RG,4010,2,D,XC,PD,D
9:15:45,JSMR,RG,4010,1,D,XC,NI,D
9:15:45,JSMR,RG,4010,47,D,XC,IH,D
9:15:29,JSMR,RG,4010,50,D,CC,IH,D
9:15:10,JSMR,RG,4010,2,D,XC,IH,D
9:14:43,JSMR,RG,4010,1,D,NI,IH,D
9:14:43,JSMR,RG,4010,1,D,NI,YP,D
9:14:43,JSMR,RG,4010,1,D,NI,YP,D
9:14:43,JSMR,RG,4010,1,D,NI,PD,D
9:14:43,JSMR,RG,4010,1,D,NI,KK,D
9:14:30,JSMR,RG,4000,20,F,AK,YU,F
9:14:30,JSMR,RG,4000,14,F,AK,ZP,D
9:14:28,JSMR,RG,4000,1,D,PD,ZP,D
9:14:26,JSMR,RG,4000,83,D,AG,ZP,D
9:14:26,JSMR,RG,4000,17,D,AG,YU,F
9:14:15,JSMR,RG,4000,3,D,AG,YU,F
9:14:15,JSMR,RG,4000,97,D,AG,ZP,D
9:14:15,JSMR,RG,4000,1,D,PD,ZP,D
9:14:01,JSMR,RG,4000,20,F,AK,YB,D
9:14:01,JSMR,RG,4000,17,F,AK,YU,F
9:14:01,JSMR,RG,4000,20,F,AK,XC,D
9:14:01,JSMR,RG,4000,9,F,AK,PD,D
9:13:59,JSMR,RG,4000,1,D,AK,PD,D
9:13:59,JSMR,RG,4000,10,D,AK,GR,D
9:13:59,JSMR,RG,4000,6,D,AK,YP,D
9:13:59,JSMR,RG,4000,1,D,AK,KZ,D
9:13:59,JSMR,RG,4000,1,D,AK,YP,D
9:13:59,JSMR,RG,4000,10,D,AK,CC,D
9:13:59,JSMR,RG,4000,1,D,AK,YP,D
9:13:46,JSMR,RG,3990,32,F,AK,YU,F
9:13:46,JSMR,RG,3990,32,F,AK,ZP,D
9:13:45,JSMR,RG,3990,1,F,AK,XC,D
9:13:45,JSMR,RG,3990,1,F,AK,YP,D
9:13:45,JSMR,RG,3990,1,F,AK,DX,D
9:13:45,JSMR,RG,3990,2,F,AK,KZ,D
9:13:45,JSMR,RG,3990,1,F,AK,DR,D
9:13:45,JSMR,RG,3990,1,F,AK,NI,D
9:13:45,JSMR,RG,3990,5,F,AK,YP,D
9:13:45,JSMR,RG,3990,4,F,AK,XC,D
9:13:45,JSMR,RG,3990,27,F,AK,YU,F
9:13:44,JSMR,RG,3990,26,D,AG,YU,F
9:13:44,JSMR,RG,3990,5,D,AG,IF,D
9:13:44,JSMR,RG,3990,2,D,AG,KZ,D
9:13:44,JSMR,RG,3990,5,D,AG,ZP,D
9:13:44,JSMR,RG,3990,1,D,AG,KK,D
9:13:44,JSMR,RG,3990,5,D,AG,DP,D
9:13:44,JSMR,RG,3990,2,D,AG,CC,D
9:13:44,JSMR,RG,3990,454,D,AG,CC,D
9:13:23,JSMR,RG,3990,10,D,YP,CC,D
9:13:23,JSMR,RG,3980,1,D,AK,XC,D
9:13:20,JSMR,RG,3990,3,D,KK,CC,D
9:12:49,JSMR,RG,3990,1,D,XC,CC,D
9:12:40,JSMR,RG,3980,1,D,AK,NI,D
9:12:26,JSMR,RG,3980,2,D,AK,KZ,D
9:12:16,JSMR,RG,3980,18,D,AK,ZP,D
9:12:14,JSMR,RG,3980,15,D,AK,ZP,D
9:12:11,JSMR,RG,3990,1,D,XC,CC,D
9:11:56,JSMR,RG,3980,1,D,AK,SQ,D
9:11:06,JSMR,RG,3980,1,D,AK,KK,D
9:11:06,JSMR,RG,3980,10,D,DR,KK,D
9:11:06,JSMR,RG,3980,2,D,XC,KK,D
9:11:06,JSMR,RG,3980,25,D,PD,KK,D
9:11:06,JSMR,RG,3980,50,D,CC,KK,D
9:11:06,JSMR,RG,3980,1,D,PD,KK,D
9:11:06,JSMR,RG,3980,11,D,YP,KK,D
9:11:02,JSMR,RG,3980,19,D,YP,TP,D
9:11:02,JSMR,RG,3980,5,D,YP,TP,D
9:11:02,JSMR,RG,3980,1,F,AK,TP,D
9:10:44,JSMR,RG,3980,29,F,AK,ZP,D
9:10:37,JSMR,RG,3990,2,D,SQ,CC,D
9:09:58,JSMR,RG,3990,3,D,CC,CC,D
9:09:30,JSMR,RG,3980,1,F,AK,DX,D
9:09:26,JSMR,RG,3980,5,F,AK,DP,D
9:08:53,JSMR,RG,3980,8,F,AK,YB,D
9:08:47,JSMR,RG,3990,10,D,PD,CC,D
9:07:55,JSMR,RG,3990,16,D,PD,CC,D
9:07:55,JSMR,RG,3990,1,D,PD,CC,F
9:07:55,JSMR,RG,3990,5,D,PD,DR,D
9:07:55,JSMR,RG,3990,18,D,PD,ZP,D
9:07:52,JSMR,RG,3980,4,F,AK,DR,D
9:06:43,JSMR,RG,3980,5,F,AK,CC,D
9:05:53,JSMR,RG,3990,20,D,CC,ZP,D
9:05:08,JSMR,RG,3990,7,D,KK,ZP,D
9:05:07,JSMR,RG,3980,1,F,AK,SQ,D
9:04:56,JSMR,RG,3990,1,D,YP,YU,F
9:04:17,JSMR,RG,3980,1,F,AK,KK,D
9:04:15,JSMR,RG,3980,1,F,AK,YP,D
9:04:15,JSMR,RG,3980,11,D,DR,YP,D
9:04:09,JSMR,RG,3980,3,D,DR,DR,D
9:04:09,JSMR,RG,3980,1,D,YP,DR,D
9:03:51,JSMR,RG,3980,1,D,LG,HP,D
9:03:35,JSMR,RG,3980,5,D,LG,YP,D
9:03:30,JSMR,RG,3980,3,D,LG,XC,D
9:03:26,JSMR,RG,3980,37,D,LG,ZP,D
9:02:54,JSMR,RG,3990,3,D,AK,YU,F
9:02:54,JSMR,RG,3990,1,D,AK,KI,D
9:02:53,JSMR,RG,3980,4,D,LG,XC,D
9:02:53,JSMR,RG,3980,2,D,PD,XC,D
9:02:49,JSMR,RG,3990,9,D,PD,KI,D
9:02:49,JSMR,RG,3990,1,D,PD,DP,D
9:02:10,JSMR,RG,3990,3,D,XC,DP,D
9:01:50,JSMR,RG,3980,5,D,PD,PD,D
9:01:19,JSMR,RG,3990,1,D,YP,DP,D
9:01:17,JSMR,RG,3990,1,D,NI,DP,D
9:01:17,JSMR,RG,3990,2,D,NI,KZ,D
9:01:17,JSMR,RG,3990,1,D,NI,YP,D
9:01:17,JSMR,RG,3990,1,D,NI,KK,D
9:00:00,JSMR,RG,3980,1,D,PD,DX,D
8:55:00,JSMR,RG,3980,1,D,PD,YP,D
8:55:00,JSMR,RG,3980,9,D,PD,IF,D
8:55:00,JSMR,RG,3980,1,D,EP,IF,D
8:55:00,JSMR,RG,3980,2,D,EP,LG,D
8:55:00,JSMR,RG,3980,1,D,EP,CC,D
8:55:00,JSMR,RG,3980,1,D,YP,CC,D
8:55:00,JSMR,RG,3980,1,D,SQ,YP,D
8:55:00,JSMR,RG,3980,1,D,YP,PD,D
8:55:00,JSMR,RG,3980,1,D,YP,KZ,D
8:55:00,JSMR,RG,3980,1,D,YP,DP,D
8:55:00,JSMR,RG,3980,2,D,YP,YU,F
8:55:00,JSMR,RG,3980,6,D,YP,YU,F
8:55:00,JSMR,RG,3980,20,D,AK,YU,F