Time,Stock,Brd,Price,Qty,BT,BC,SC,ST
15:11:40,JSMR,RG,3980,2,D,XA,BB,F
15:10:52,JSMR,RG,3980,1,D,EP,BB,F
15:09:05,JSMR,RG,3980,13,D,HP,BB,F
15:09:04,JSMR,RG,3980,3,D,YP,BB,F
15:08:43,JSMR,RG,3980,30,D,YP,BB,F
15:07:34,JSMR,RG,3980,9,D,XL,BB,F
15:07:10,JSMR,RG,3980,2,D,OD,BB,F
15:05:50,JSMR,RG,3980,10,D,YP,BB,F
15:05:33,JSMR,RG,3980,100,D,PD,BB,F
15:05:03,JSMR,RG,3980,40,D,YP,BB,F
15:05:03,JSMR,RG,3980,1,D,CC,BB,F
15:05:02,JSMR,RG,3980,2,D,DH,BB,F
15:05:00,JSMR,RG,3980,100,D,NI,BB,F
15:05:00,JSMR,RG,3980,1,D,DH,BB,F
15:05:00,JSMR,RG,3980,3,D,YP,BB,F
15:05:00,JSMR,RG,3980,15,D,SQ,BB,F
15:05:00,JSMR,RG,3980,50,D,YP,BB,F
15:05:00,JSMR,RG,3980,4,D,OD,BB,F
15:05:00,JSMR,RG,3980,1,D,XC,BB,F
15:05:00,JSMR,RG,3980,1,D,EP,BB,F
15:05:00,JSMR,RG,3980,3,D,YP,BB,F
15:05:00,JSMR,RG,3980,362,F,DX,BB,F
15:00:00,JSMR,RG,3980,302,F,DX,CS,F
15:00:00,JSMR,RG,3980,20,F,DX,PD,D
15:00:00,JSMR,RG,3980,5,F,DX,XL,D
15:00:00,JSMR,RG,3980,11,F,DX,ZP,D
15:00:00,JSMR,RG,3980,2500,F,DX,BB,F
15:00:00,JSMR,RG,3980,1,F,DX,YP,D
15:00:00,JSMR,RG,3980,500,F,DX,AG,D
15:00:00,JSMR,RG,3980,299,F,DX,KZ,D
15:00:00,JSMR,RG,3980,2,D,OD,KZ,D
15:00:00,JSMR,RG,3980,1,D,XC,KZ,D
15:00:00,JSMR,RG,3980,30,D,OD,KZ,D
15:00:00,JSMR,RG,3980,70,D,CC,KZ,D
15:00:00,JSMR,RG,3980,3,D,XA,KZ,D
15:00:00,JSMR,RG,3980,10,D,YP,KZ,D
15:00:00,JSMR,RG,3980,285,F,DX,KZ,D
15:00:00,JSMR,RG,3980,13,F,DX,SQ,D
15:00:00,JSMR,RG,3980,97,F,DX,YP,D
15:00:00,JSMR,RG,3980,23,F,DX,YP,D
15:00:00,JSMR,RG,3980,1,D,YP,YP,D
15:00:00,JSMR,RG,3980,1,D,YP,YP,D
15:00:00,JSMR,RG,3980,50,D,YP,YP,D
15:00:00,JSMR,RG,3980,1,D,NI,HP,D
15:00:00,JSMR,RG,3980,1,D,NI,HP,D
15:00:00,JSMR,RG,3980,2,D,NI,BB,F
15:00:00,JSMR,RG,3980,2,D,YP,BB,F
15:00:00,JSMR,RG,3980,2,D,YP,BB,F
15:00:00,JSMR,RG,3980,20,D,DR,BB,F
15:00:00,JSMR,RG,3980,5,D,KK,BB,F
15:00:00,JSMR,RG,3980,86,D,YP,BB,F
15:00:00,JSMR,RG,3980,14,D,YP,KK,D
15:00:00,JSMR,RG,3980,1,D,CC,KK,D
15:00:00,JSMR,RG,3980,3,D,CC,RX,F
15:00:00,JSMR,RG,3980,532,D,OD,RX,F
15:00:00,JSMR,RG,3980,53,D,DR,RX,F
15:00:00,JSMR,RG,3980,2,D,DR,AK,F
15:00:00,JSMR,RG,3980,2,D,DR,AK,F
14:49:30,JSMR,RG,3980,5,F,DX,RX,F
14:49:27,JSMR,RG,3980,20,F,DX,CC,D
14:48:56,JSMR,RG,3980,12,F,DX,RX,F
14:48:52,JSMR,RG,3990,1,D,XA,BB,F
14:48:30,JSMR,RG,3980,1,F,DX,AK,F
14:47:32,JSMR,RG,3980,24,F,DX,RX,F
14:46:54,JSMR,RG,3980,112,F,DX,LG,D
14:46:00,JSMR,RG,3980,1,F,DX,AK,F
14:46:00,JSMR,RG,3980,2,F,DX,KK,D
14:46:00,JSMR,RG,3980,3,F,DX,BB,F
14:46:00,JSMR,RG,3980,15,F,DX,RX,F
14:46:00,JSMR,RG,3980,65,F,DX,RX,F
14:45:51,JSMR,RG,3980,32,F,DX,RX,F
14:45:51,JSMR,RG,3970,6,D,NI,RX,F
14:45:48,JSMR,RG,3970,12,D,NI,RX,F
14:45:48,JSMR,RG,3970,5,D,DR,RX,F
14:45:31,JSMR,RG,3970,13,D,YP,RX,F
14:45:31,JSMR,RG,3970,5,D,PD,RX,F
14:45:31,JSMR,RG,3970,15,D,KK,RX,F
14:45:31,JSMR,RG,3970,2,D,YP,RX,F
14:45:31,JSMR,RG,3970,5,D,YP,RX,F
14:45:31,JSMR,RG,3970,1,D,PD,RX,F
14:45:31,JSMR,RG,3970,3,D,NI,RX,F
14:45:31,JSMR,RG,3970,4,D,SQ,RX,F
14:45:31,JSMR,RG,3970,2,D,KK,RX,F
14:45:31,JSMR,RG,3970,1,D,NI,RX,F
14:45:31,JSMR,RG,3970,1,D,YP,RX,F
14:45:31,JSMR,RG,3970,3,D,YP,RX,F
14:45:31,JSMR,RG,3970,4,D,YP,RX,F
14:45:31,JSMR,RG,3970,2,D,YP,RX,F
14:45:31,JSMR,RG,3970,3,D,CC,RX,F
14:45:31,JSMR,RG,3970,1,D,XC,RX,F
14:45:31,JSMR,RG,3970,4,D,XC,RX,F
14:45:31,JSMR,RG,3970,5,D,PD,RX,F
14:45:31,JSMR,RG,3970,1,D,PD,RX,F
14:45:31,JSMR,RG,3970,14,D,CD,RX,F
14:45:31,JSMR,RG,3970,2,D,SQ,RX,F
14:45:31,JSMR,RG,3970,2,D,SQ,RX,F
14:45:30,JSMR,RG,3980,1,F,DX,AK,F
14:45:28,JSMR,RG,3980,113,F,DX,RX,F
14:45:28,JSMR,RG,3980,18,F,DX,BB,F
14:45:22,JSMR,RG,3980,158,F,DX,KZ,D
14:45:22,JSMR,RG,3980,1,D,PD,KZ,D
14:45:22,JSMR,RG,3980,20,D,PD,KZ,D
14:45:22,JSMR,RG,3980,1,D,YP,KZ,D
14:45:22,JSMR,RG,3980,2,D,EP,KZ,D
14:45:22,JSMR,RG,3980,10,D,EP,KZ,D
14:45:22,JSMR,RG,3980,30,D,PD,KZ,D
14:45:22,JSMR,RG,3980,1,D,PD,KZ,D
14:45:22,JSMR,RG,3980,1,D,PD,KZ,D
14:45:22,JSMR,RG,3980,50,D,KI,KZ,D
14:45:22,JSMR,RG,3980,100,D,KK,KZ,D
14:45:22,JSMR,RG,3980,2,D,OD,KZ,D
14:45:22,JSMR,RG,3980,874,F,DX,KZ,D
14:45:06,JSMR,RG,3980,11,F,DX,YU,D
14:45:01,JSMR,RG,3980,5,F,DX,RG,D
14:44:52,JSMR,RG,3980,10,F,DX,YU,D
14:44:45,JSMR,RG,3980,1,F,DX,AK,F
14:44:41,JSMR,RG,3980,17,F,DX,RX,F
14:44:39,JSMR,RG,3980,2,F,DX,RX,F
14:44:38,JSMR,RG,3980,10,F,DX,YU,D
14:44:23,JSMR,RG,3980,50,F,DX,SQ,D
14:44:22,JSMR,RG,3980,2,F,DX,YU,D
14:44:22,JSMR,RG,3980,8,F,DX,YU,D
14:44:07,JSMR,RG,3980,10,F,DX,RX,F
14:44:07,JSMR,RG,3980,4,D,PD,RX,F
14:44:06,JSMR,RG,3980,6,D,PD,YU,D
14:43:51,JSMR,RG,3980,8,D,PD,YU,D
14:43:28,JSMR,RG,3980,2,D,PD,YU,D
14:43:28,JSMR,RG,3980,1,D,PD,YU,D
14:43:28,JSMR,RG,3980,1,D,CC,YU,D
14:43:28,JSMR,RG,3980,1,D,CC,YU,D
14:43:28,JSMR,RG,3980,2,D,CC,YU,D
14:43:15,JSMR,RG,3990,1,D,EP,RX,F
14:43:11,JSMR,RG,3980,10,D,YP,YU,D
14:43:00,JSMR,RG,3980,1,D,YP,AK,F
14:42:44,JSMR,RG,3980,4,D,YP,RX,F
14:42:42,JSMR,RG,3980,10,D,YP,RX,F
14:42:39,JSMR,RG,3980,9,D,YP,YU,D
14:42:37,JSMR,RG,3980,10,D,YP,HP,D
14:42:11,JSMR,RG,3980,9,D,YP,YU,D
14:42:01,JSMR,RG,3990,2,D,GR,RX,F
14:41:47,JSMR,RG,3980,2,D,YP,YU,D
14:41:47,JSMR,RG,3980,1,D,CC,YU,D
14:41:47,JSMR,RG,3980,1,D,YP,YU,D
14:41:47,JSMR,RG,3980,2,D,PD,YU,D
14:41:47,JSMR,RG,3980,3,D,DH,YU,D
14:41:47,JSMR,RG,3980,3,D,AZ,YU,D
14:41:20,JSMR,RG,3980,6,D,AZ,RX,F
14:41:18,JSMR,RG,3980,7,D,AZ,RX,F
14:41:10,JSMR,RG,3980,13,D,AZ,YU,D
14:40:30,JSMR,RG,3980,12,D,AZ,YU,D
14:40:30,JSMR,RG,3980,4,D,AZ,KK,D
14:40:07,JSMR,RG,3980,14,D,AZ,RX,F
14:40:00,JSMR,RG,3980,1,D,AZ,AK,F
14:39:51,JSMR,RG,3980,11,D,AZ,YU,D
14:39:21,JSMR,RG,3990,1,D,PD,RX,F
14:39:16,JSMR,RG,3980,10,D,AZ,YU,D
14:38:46,JSMR,RG,3980,11,D,AZ,YU,D
14:38:11,JSMR,RG,3980,7,D,AZ,RX,F
14:38:10,JSMR,RG,3980,9,D,AZ,YU,D
14:38:09,JSMR,RG,3980,5,D,AZ,RX,F
14:37:47,JSMR,RG,3980,11,D,AZ,YU,D
14:37:36,JSMR,RG,3990,2,D,EP,RX,F
14:37:10,JSMR,RG,3980,1,D,AZ,YU,D
14:37:10,JSMR,RG,3980,2,D,YP,YU,D
14:37:10,JSMR,RG,3980,1,F,CC,YU,D
14:37:10,JSMR,RG,3980,6,D,PD,YU,D
14:36:38,JSMR,RG,3980,10,D,PD,YU,D
14:36:38,JSMR,RG,3990,2,D,DH,RX,F
14:36:15,JSMR,RG,3980,10,D,PD,XA,D
14:36:10,JSMR,RG,3980,11,D,PD,YU,D
14:35:35,JSMR,RG,3980,7,D,PD,YU,D
14:35:35,JSMR,RG,3980,3,D,PD,YU,D
14:35:27,JSMR,RG,3990,1,D,PD,RX,F
14:35:27,JSMR,RG,3990,4,D,PD,YU,D
14:35:13,JSMR,RG,3990,1,D,XC,YU,D
14:34:49,JSMR,RG,3980,3,D,EP,YU,D
14:34:49,JSMR,RG,3980,1,D,YP,YU,D
14:34:49,JSMR,RG,3980,7,D,YP,YU,D
14:34:48,JSMR,RG,3980,5,D,YP,RX,F
14:34:48,JSMR,RG,3980,10,D,DH,RX,F
14:34:48,JSMR,RG,3980,5,D,TF,RX,F
14:34:48,JSMR,RG,3980,2,D,YP,RX,F
14:34:38,JSMR,RG,3980,1,D,YP,EP,D
14:34:38,JSMR,RG,3980,45,D,PD,EP,D
14:34:38,JSMR,RG,3980,6,D,CC,EP,D
14:34:33,JSMR,RG,3980,1,D,CC,CC,D
14:34:15,JSMR,RG,3980,9,D,CC,YU,D
14:34:14,JSMR,RG,3980,5,D,CC,YP,D
14:33:45,JSMR,RG,3980,9,D,CC,YU,D
14:33:21,JSMR,RG,3980,11,F,DX,YU,D
14:32:45,JSMR,RG,3980,9,F,DX,YU,D
14:32:44,JSMR,RG,3980,18,F,DX,RX,F
14:32:21,JSMR,RG,3980,11,F,DX,YU,D
14:31:44,JSMR,RG,3980,11,F,DX,YU,D
14:31:09,JSMR,RG,3980,9,F,DX,YU,D
14:30:42,JSMR,RG,3980,10,F,DX,YU,D
14:30:09,JSMR,RG,3980,8,F,DX,YU,D
14:29:51,JSMR,RG,3990,3,D,KK,YU,D
14:29:46,JSMR,RG,3990,2,D,PD,YU,D
14:28:22,JSMR,RG,4000,1,D,LG,SQ,D
14:28:12,JSMR,RG,4000,2,D,YP,SQ,D
14:27:14,JSMR,RG,3990,1,D,OD,YP,D
14:27:14,JSMR,RG,3990,1,D,NI,YP,D
14:27:14,JSMR,RG,3990,28,D,XA,YP,D
14:26:58,JSMR,RG,3990,127,D,XA,BB,F
14:26:58,JSMR,RG,3990,4,D,XA,YU,D
14:26:58,JSMR,RG,3990,1,D,XA,AK,F
14:26:58,JSMR,RG,3990,143,D,XA,RX,F
14:26:58,JSMR,RG,3990,4,D,XA,YU,D
14:26:58,JSMR,RG,3990,20,D,XA,YU,D
14:26:58,JSMR,RG,3990,50,D,XA,BB,F
14:26:58,JSMR,RG,3990,250,D,XA,KZ,D
14:26:58,JSMR,RG,3990,2,D,XA,XC,D
14:26:58,JSMR,RG,3990,26,D,XA,BB,F
14:26:58,JSMR,RG,3990,70,D,XA,LG,D
14:26:58,JSMR,RG,3990,1,D,XA,OD,D
14:26:58,JSMR,RG,3990,50,D,XA,CP,D
14:26:58,JSMR,RG,3990,44,D,XA,RX,F
14:26:58,JSMR,RG,3990,29,D,XA,BB,F
14:26:58,JSMR,RG,3990,1,D,XA,AK,F
14:26:58,JSMR,RG,3990,51,D,XA,LG,D
14:26:58,JSMR,RG,3990,1,D,XA,XC,D
14:26:58,JSMR,RG,3990,1,D,XA,PD,D
14:26:58,JSMR,RG,3990,25,D,XA,BB,F
14:26:58,JSMR,RG,3990,5,D,XA,XC,D
14:26:58,JSMR,RG,3990,67,D,XA,YP,D
14:26:29,JSMR,RG,3980,5,F,DX,YU,D
14:25:59,JSMR,RG,3980,6,F,DX,YU,D
14:25:28,JSMR,RG,3980,6,F,DX,YU,D
14:25:23,JSMR,RG,3980,10,F,DX,DR,D
14:25:22,JSMR,RG,3990,3,D,XC,YP,D
14:25:00,JSMR,RG,3980,7,F,DX,YU,D
14:24:45,JSMR,RG,3980,1,F,DX,AK,F
14:24:39,JSMR,RG,3980,3,F,DX,RX,F
14:24:37,JSMR,RG,3980,48,F,DX,RX,F
14:24:25,JSMR,RG,3980,50,F,DX,CC,D
14:24:24,JSMR,RG,3980,7,F,DX,YU,D
14:24:23,JSMR,RG,3980,64,F,DX,YP,D
14:23:53,JSMR,RG,3980,1,F,DX,OD,D
14:23:47,JSMR,RG,3980,6,F,DX,YU,D
14:23:46,JSMR,RG,3980,100,F,DX,CC,D
14:23:21,JSMR,RG,3980,118,F,DX,RX,F
14:23:14,JSMR,RG,3980,7,F,DX,YU,D
14:23:13,JSMR,RG,3980,487,F,DX,KZ,D
14:22:20,JSMR,RG,3980,1,F,DX,PD,D
14:19:37,JSMR,RG,3980,20,F,DX,YU,D
14:19:09,JSMR,RG,3990,1,D,XC,YP,D
14:18:15,JSMR,RG,3980,1,F,DX,AK,F
14:17:41,JSMR,RG,3980,2,F,DX,PD,D
14:16:02,JSMR,RG,3980,1,F,DX,XC,D
14:15:59,JSMR,RG,3990,5,D,DR,YP,D
14:15:21,JSMR,RG,3980,5,F,DX,RX,F
14:15:19,JSMR,RG,3980,28,F,DX,RX,F
14:15:05,JSMR,RG,3990,24,D,PD,YP,D
14:15:05,JSMR,RG,3990,2,D,PD,XC,D
14:15:05,JSMR,RG,3990,24,D,PD,CP,D
14:14:40,JSMR,RG,3980,82,F,DX,YP,D
14:14:34,JSMR,RG,3990,12,D,CC,CP,D
14:13:54,JSMR,RG,3990,5,D,DH,CP,D
14:11:21,JSMR,RG,3990,9,D,NI,CP,D
14:11:21,JSMR,RG,3990,14,D,NI,BB,F
14:11:21,JSMR,RG,3990,1,D,NI,AK,F
14:11:21,JSMR,RG,3990,6,D,NI,BB,F
14:11:17,JSMR,RG,3980,1,F,DX,XC,D
14:08:38,JSMR,RG,3980,30,F,DX,HP,D
14:08:30,JSMR,RG,3980,1,F,DX,AK,F
14:07:06,JSMR,RG,3980,10,F,DX,NI,D
14:05:09,JSMR,RG,3980,2,F,DX,PD,D
14:04:30,JSMR,RG,3980,1,F,DX,AK,F
14:03:54,JSMR,RG,3980,25,F,DX,LG,D
14:03:05,JSMR,RG,3990,1,D,XC,BB,F
14:01:49,JSMR,RG,3990,3,D,XC,BB,F
14:01:45,JSMR,RG,3990,10,D,KK,BB,F
14:01:42,JSMR,RG,3990,10,D,CC,BB,F
14:00:57,JSMR,RG,3990,50,D,YP,BB,F
14:00:23,JSMR,RG,3990,1,D,PD,BB,F
13:58:19,JSMR,RG,3980,200,F,DX,CC,D
13:57:50,JSMR,RG,3990,10,D,CC,BB,F
13:57:02,JSMR,RG,3990,2,D,KK,BB,F
13:56:08,JSMR,RG,3990,1,D,YP,BB,F
13:55:48,JSMR,RG,3990,5,D,XL,BB,F
13:51:59,JSMR,RG,3990,1,D,KK,BB,F
13:51:11,JSMR,RG,4000,1,D,DR,KZ,D
13:51:11,JSMR,RG,4000,1,D,DR,EP,D
13:50:26,JSMR,RG,3990,1,D,XC,KZ,D
13:50:26,JSMR,RG,3990,25,D,YP,KZ,D
13:50:26,JSMR,RG,3990,1,D,YP,KZ,D
13:50:26,JSMR,RG,3990,50,D,YP,KZ,D
13:50:26,JSMR,RG,3990,6,D,XC,KZ,D
13:50:26,JSMR,RG,3990,5,D,PD,KZ,D
13:50:26,JSMR,RG,3990,2,D,PD,KZ,D
13:50:26,JSMR,RG,3990,10,D,EP,KZ,D
13:50:26,JSMR,RG,3990,3,D,YP,KZ,D
13:50:26,JSMR,RG,3990,30,D,YP,KZ,D
13:50:26,JSMR,RG,3990,1,D,PD,KZ,D
13:50:26,JSMR,RG,3990,20,D,PD,KZ,D
13:50:26,JSMR,RG,3990,10,D,KK,KZ,D
13:50:26,JSMR,RG,3990,1,D,YP,KZ,D
13:50:26,JSMR,RG,3990,1,D,YP,KZ,D
13:50:26,JSMR,RG,3990,1,D,PD,KZ,D
13:50:26,JSMR,RG,3990,55,D,PD,KZ,D
13:50:26,JSMR,RG,3990,176,D,CC,KZ,D
13:49:45,JSMR,RG,3990,1,D,CC,XC,D
13:47:07,JSMR,RG,3990,30,D,CC,CC,D
13:46:59,JSMR,RG,4000,20,D,CC,GR,D
13:46:59,JSMR,RG,4000,8,D,CC,KZ,D
13:46:59,JSMR,RG,4000,2,D,CC,BB,F
13:46:59,JSMR,RG,4000,15,D,CC,IP,D
13:46:00,JSMR,RG,4000,1,D,YP,AK,F
13:46:00,JSMR,RG,4000,1,D,YP,XC,D
13:46:00,JSMR,RG,4000,6,D,YP,KZ,D
13:46:00,JSMR,RG,4000,1,D,YP,YP,D
13:46:00,JSMR,RG,4000,1,D,YP,XC,D
13:46:00,JSMR,RG,4000,1,D,YP,XL,D
13:46:00,JSMR,RG,4000,9,D,YP,BB,F
13:43:38,JSMR,RG,4000,44,D,PD,KZ,D
13:43:09,JSMR,RG,4000,1,D,XC,KZ,D
13:42:30,JSMR,RG,4000,2,D,XC,KZ,D
13:42:12,JSMR,RG,4000,10,D,OD,KZ,D
13:41:57,JSMR,RG,4000,18,D,NI,KZ,D
13:41:51,JSMR,RG,4000,10,D,YP,YP,D
13:41:45,JSMR,RG,4000,3,D,YP,KZ,D
13:41:45,JSMR,RG,4000,1,D,YP,KZ,D
13:41:45,JSMR,RG,4000,1,D,KK,KZ,D
13:41:45,JSMR,RG,4000,4,D,YP,KZ,D
13:41:45,JSMR,RG,4000,2,F,CC,KZ,D
13:41:45,JSMR,RG,4000,334,F,BK,KZ,D
13:41:17,JSMR,RG,4000,2,F,BK,YP,D
13:40:10,JSMR,RG,4000,5,D,CC,PD,D
13:38:30,JSMR,RG,4000,1,D,CC,NI,D
13:38:28,JSMR,RG,4000,11,D,CC,BB,F
13:38:28,JSMR,RG,4000,18,D,CC,OD,D
13:38:28,JSMR,RG,4000,9,D,CC,BB,F
13:38:28,JSMR,RG,4000,1,D,CC,AK,F
13:38:28,JSMR,RG,4000,55,D,CC,KZ,D
13:37:55,JSMR,RG,4000,6,D,EP,KZ,D
13:37:55,JSMR,RG,4000,2,D,EP,CC,D
13:37:55,JSMR,RG,4000,2,D,EP,YP,D
13:37:40,JSMR,RG,4000,10,D,EP,PD,D
13:37:40,JSMR,RG,4000,5,D,EP,XC,D
13:37:40,JSMR,RG,4000,15,D,EP,BB,F
13:37:35,JSMR,RG,4000,3,D,NI,BB,F
13:37:35,JSMR,RG,4000,5,D,NI,KK,D
13:37:35,JSMR,RG,4000,32,D,NI,KZ,D
13:37:28,JSMR,RG,4000,87,D,DR,KZ,D
13:37:28,JSMR,RG,4000,13,D,DR,XA,D
13:37:07,JSMR,RG,4000,63,D,XA,XA,D
13:36:53,JSMR,RG,3990,1,D,CC,XC,D
13:36:46,JSMR,RG,4000,13,F,CC,XA,D
13:36:37,JSMR,RG,4000,13,F,CC,XA,D
13:36:30,JSMR,RG,4000,13,F,CC,XA,D
13:35:58,JSMR,RG,4000,2,D,PD,XA,D
13:35:58,JSMR,RG,4000,1,D,PD,XA,D
13:35:18,JSMR,RG,4000,182,D,DR,XA,D
13:35:18,JSMR,RG,4000,5,D,DR,XC,D
13:35:18,JSMR,RG,4000,13,D,DR,BB,F
13:35:04,JSMR,RG,4000,20,D,CC,BB,F
13:34:58,JSMR,RG,4000,1,D,XC,BB,F
13:34:45,JSMR,RG,4000,8,D,KK,BB,F
13:34:45,JSMR,RG,4000,1,D,KK,AK,F
13:34:45,JSMR,RG,4000,1,D,KK,SQ,D
13:34:43,JSMR,RG,4000,1,D,XL,SQ,D
13:34:43,JSMR,RG,4000,1,D,XL,XL,D
13:34:04,JSMR,RG,3990,1,D,CC,SQ,D
13:32:58,JSMR,RG,3990,431,D,CC,KZ,D
13:32:58,JSMR,RG,3990,65,F,BK,KZ,D
13:32:58,JSMR,RG,3990,3,F,CC,KZ,D
13:32:58,JSMR,RG,3990,1,D,CC,KZ,D
13:32:25,JSMR,RG,4000,54,D,YP,XL,D
13:32:25,JSMR,RG,4000,10,D,YP,DR,D
13:32:20,JSMR,RG,3980,1,F,DX,NI,D
13:32:14,JSMR,RG,3980,2,F,DX,SQ,D
13:32:06,JSMR,RG,3980,470,F,DX,KZ,D
13:32:06,JSMR,RG,3990,30,D,CC,KZ,D
13:31:42,JSMR,RG,3990,410,F,AK,KZ,D
13:31:42,JSMR,RG,3990,4,F,CC,KZ,D
13:31:42,JSMR,RG,3990,82,F,CC,KZ,D
13:31:42,JSMR,RG,3990,10,D,KK,KZ,D
13:30:54,JSMR,RG,4000,3,F,AK,EP,D
13:30:54,JSMR,RG,4000,10,F,AK,XC,D
13:30:54,JSMR,RG,4000,2,F,AK,XC,D
13:30:54,JSMR,RG,4000,50,F,AK,CC,D
13:30:54,JSMR,RG,4000,2,F,AK,CC,D
13:30:53,JSMR,RG,4000,3,D,AG,CC,D
13:30:53,JSMR,RG,4000,2,D,AG,SQ,D
13:30:53,JSMR,RG,4000,7,D,AG,PD,D
13:30:53,JSMR,RG,4000,2,D,AG,YU,D
13:30:53,JSMR,RG,4000,4,D,AG,OD,D
13:30:53,JSMR,RG,4000,1,D,AG,YP,D
13:30:53,JSMR,RG,4000,1,D,AG,SQ,D
13:30:53,JSMR,RG,4000,5,D,AG,ZP,D
13:30:53,JSMR,RG,4000,175,D,AG,DR,D
13:30:42,JSMR,RG,4000,4,D,YP,DR,D
13:30:41,JSMR,RG,4000,96,D,CC,DR,D
13:30:41,JSMR,RG,4000,100,D,CC,IT,D
13:30:41,JSMR,RG,4000,4,D,CC,EP,D
13:30:35,JSMR,RG,3990,94,F,AK,KZ,D
13:30:34,JSMR,RG,3990,28,F,BK,KZ,D
13:30:34,JSMR,RG,3990,24,D,YP,KZ,D
13:30:17,JSMR,RG,3990,1,D,YP,AK,F
13:30:14,JSMR,RG,3980,1,F,DX,AK,F
13:30:14,JSMR,RG,3990,10,F,AK,DX,D
13:30:14,JSMR,RG,3990,5,F,AK,YP,D
13:30:14,JSMR,RG,3990,8,F,AK,SQ,D
13:30:14,JSMR,RG,3990,3,F,AK,CC,D
13:30:14,JSMR,RG,3990,200,F,AK,LG,D
13:30:14,JSMR,RG,3990,2,F,AK,YU,D
13:30:14,JSMR,RG,3990,1,F,AK,YP,D
13:30:14,JSMR,RG,3990,2,F,AK,YB,D
13:30:09,JSMR,RG,3980,8,F,DX,CC,D
13:30:07,JSMR,RG,3980,6,F,DX,CC,D
13:30:06,JSMR,RG,3980,1,F,DX,KK,D
13:30:06,JSMR,RG,3980,20,F,DX,CC,D
13:30:05,JSMR,RG,3980,10,F,DX,KK,D
13:30:05,JSMR,RG,3980,19,F,DX,XC,D
13:30:05,JSMR,RG,3980,5,F,DX,YP,D
13:30:04,JSMR,RG,3980,1,F,DX,PD,D
13:30:04,JSMR,RG,3980,95,F,DX,BB,F
13:30:04,JSMR,RG,3980,5,F,DX,YP,D
13:30:02,JSMR,RG,3980,12,F,DX,PD,D
13:30:02,JSMR,RG,3980,1,F,DX,XC,D
13:30:02,JSMR,RG,3980,5,F,DX,BB,F
13:30:02,JSMR,RG,3980,72,F,DX,BB,F
13:30:02,JSMR,RG,3980,10,F,DX,LG,D
13:30:02,JSMR,RG,3980,2,F,DX,YU,D
13:30:02,JSMR,RG,3980,82,F,DX,YP,D
13:30:02,JSMR,RG,3980,40,F,DX,YP,D
13:30:02,JSMR,RG,3980,10,F,DX,YP,D
13:30:02,JSMR,RG,3970,25,F,DX,LG,D
13:30:02,JSMR,RG,3970,3,F,DX,YP,D
13:30:02,JSMR,RG,3970,25,F,DX,LG,D
13:30:02,JSMR,RG,3970,1,F,DX,CC,D
13:30:02,JSMR,RG,3970,14,F,DX,XC,D
13:30:02,JSMR,RG,3970,5,F,DX,EP,D
13:30:02,JSMR,RG,3970,5,F,DX,XC,D
13:30:02,JSMR,RG,3970,3,F,DX,XC,D
13:30:02,JSMR,RG,3970,5,F,DX,CC,D
13:30:02,JSMR,RG,3970,1,F,DX,LG,D
13:30:02,JSMR,RG,3970,10,F,DX,YP,D
13:30:02,JSMR,RG,3970,107,F,DX,BB,F
13:30:02,JSMR,RG,3970,179,F,DX,PD,D
13:30:02,JSMR,RG,3970,4,F,DX,PD,D
13:30:02,JSMR,RG,3970,1,F,DX,YU,D
13:30:02,JSMR,RG,3970,32,F,DX,BB,F
13:30:02,JSMR,RG,3970,30,F,DX,SQ,D
13:30:02,JSMR,RG,3970,3,F,DX,CC,D
13:30:02,JSMR,RG,3970,1,F,DX,XC,D
13:30:02,JSMR,RG,3970,25,F,DX,YP,D
13:30:02,JSMR,RG,3970,1,F,DX,XC,D
13:30:02,JSMR,RG,3970,35,F,DX,BB,F
13:30:02,JSMR,RG,3970,134,F,DX,BB,F
13:30:02,JSMR,RG,3970,203,F,DX,YJ,D
13:30:02,JSMR,RG,3960,847,F,DX,KZ,D
13:30:02,JSMR,RG,3960,10,D,PD,KZ,D
13:30:02,JSMR,RG,3960,6,D,YB,KZ,D
13:30:02,JSMR,RG,3960,1,D,DH,KZ,D
13:30:02,JSMR,RG,3960,4,D,YP,KZ,D
13:30:02,JSMR,RG,3960,20,D,YP,KZ,D
13:30:02,JSMR,RG,3960,9,D,YP,KZ,D
13:30:02,JSMR,RG,3960,50,D,AZ,KZ,D
13:30:02,JSMR,RG,3960,1,D,SQ,KZ,D
13:30:02,JSMR,RG,3960,1,D,PD,KZ,D
13:30:02,JSMR,RG,3960,1,D,GR,KZ,D
13:30:02,JSMR,RG,3960,5,D,CC,KZ,D
13:30:02,JSMR,RG,3960,1,D,YP,KZ,D
13:30:02,JSMR,RG,3960,20,D,PD,KZ,D
13:30:02,JSMR,RG,3960,1,D,CC,KZ,D
13:30:02,JSMR,RG,3960,12,D,PD,KZ,D
13:30:02,JSMR,RG,3960,5,D,XA,KZ,D
13:30:02,JSMR,RG,3960,2,D,YP,KZ,D
13:30:02,JSMR,RG,3960,1,D,PD,KZ,D
13:30:02,JSMR,RG,3960,5,D,PD,KZ,D
13:30:02,JSMR,RG,3960,5,D,KK,KZ,D
13:30:02,JSMR,RG,3960,2,D,YP,KZ,D
13:30:02,JSMR,RG,3960,3,D,CC,KZ,D
13:30:02,JSMR,RG,3960,1,D,YP,KZ,D
13:30:02,JSMR,RG,3960,1,D,GR,KZ,D
13:30:02,JSMR,RG,3960,1,D,SQ,KZ,D
13:30:02,JSMR,RG,3960,10,D,YP,KZ,D
13:30:02,JSMR,RG,3960,2,D,DR,KZ,D
13:30:02,JSMR,RG,3960,1,D,DR,KZ,D
13:30:02,JSMR,RG,3960,100,D,SQ,KZ,D
13:30:02,JSMR,RG,3960,2,D,DH,KZ,D
13:30:02,JSMR,RG,3960,370,D,SQ,KZ,D
11:27:52,JSMR,RG,3970,1,D,CC,YJ,D
11:27:00,JSMR,RG,3960,1,D,SQ,AZ,D
11:26:26,JSMR,RG,3960,2,D,SQ,KZ,D
11:26:25,JSMR,RG,3970,5,D,YP,YJ,D
11:26:21,JSMR,RG,3960,3,D,SQ,KZ,D
11:26:19,JSMR,RG,3970,5,D,PD,YJ,D
11:25:07,JSMR,RG,3970,1,D,CC,YJ,D
11:23:46,JSMR,RG,3960,1,D,SQ,KZ,D
11:23:45,JSMR,RG,3960,1,D,SQ,AK,F
11:23:06,JSMR,RG,3960,3,D,SQ,KZ,D
11:23:01,JSMR,RG,3960,6,D,SQ,KZ,D
11:22:56,JSMR,RG,3960,47,D,SQ,KZ,D
11:21:23,JSMR,RG,3960,4,D,SQ,XC,D
11:19:09,JSMR,RG,3970,1,D,YP,YJ,D
11:18:30,JSMR,RG,3960,1,D,SQ,AK,F
11:13:53,JSMR,RG,3960,7,D,SQ,XL,D
11:12:53,JSMR,RG,3970,1,D,KK,YJ,D
11:12:32,JSMR,RG,3970,100,D,PD,YJ,D
11:12:31,JSMR,RG,3960,1,D,SQ,KZ,D
11:12:17,JSMR,RG,3970,1,D,KK,YJ,D
11:12:06,JSMR,RG,3970,1,D,KK,YJ,D
11:11:11,JSMR,RG,3960,41,D,SQ,KZ,D
11:10:15,JSMR,RG,3960,1,D,SQ,AK,F
11:08:36,JSMR,RG,3960,51,D,SQ,LG,D
11:08:31,JSMR,RG,3960,35,D,SQ,KZ,D
11:08:15,JSMR,RG,3960,25,D,SQ,LG,D
11:08:15,JSMR,RG,3960,5,D,XC,LG,D
11:08:15,JSMR,RG,3960,1,D,PD,LG,D
11:08:15,JSMR,RG,3960,1,D,PD,LG,D
11:08:15,JSMR,RG,3960,6,D,PD,LG,D
11:08:15,JSMR,RG,3960,10,D,NI,LG,D
11:08:15,JSMR,RG,3960,5,D,GR,LG,D
11:08:15,JSMR,RG,3960,2,D,PD,LG,D
11:08:15,JSMR,RG,3960,2,D,CC,LG,D
11:08:15,JSMR,RG,3960,2,D,PD,LG,D
11:08:15,JSMR,RG,3960,1,D,CC,LG,D
11:08:15,JSMR,RG,3960,1,D,YP,LG,D
11:08:15,JSMR,RG,3960,2,D,YP,LG,D
11:08:15,JSMR,RG,3960,5,D,GR,LG,D
11:08:15,JSMR,RG,3960,1,D,KK,LG,D
11:08:15,JSMR,RG,3960,33,D,PD,LG,D
11:07:11,JSMR,RG,3960,5,D,PD,KZ,D
11:06:59,JSMR,RG,3960,10,D,PD,CC,D
11:04:36,JSMR,RG,3960,2,D,PD,KZ,D
11:03:51,JSMR,RG,3960,1,D,PD,XC,D
11:01:11,JSMR,RG,3960,2,D,YP,OD,D
11:01:11,JSMR,RG,3960,1,D,YP,OD,D
11:00:36,JSMR,RG,3960,2,D,YP,KZ,D
10:59:53,JSMR,RG,3960,5,D,YP,YP,D
10:59:30,JSMR,RG,3960,1,D,YP,AK,F
10:52:09,JSMR,RG,3960,2,D,YP,PD,D
10:50:42,JSMR,RG,3960,1,D,YP,YP,D
10:50:41,JSMR,RG,3970,3,D,OD,YJ,D
10:48:15,JSMR,RG,3960,1,D,YP,AK,F
10:47:47,JSMR,RG,3960,20,D,YP,YP,D
10:47:47,JSMR,RG,3960,2,D,XC,YP,D
10:47:07,JSMR,RG,3960,1,D,XC,XC,D
10:46:14,JSMR,RG,3970,1,D,YP,YJ,D
10:46:02,JSMR,RG,3970,1,D,XC,YJ,D
10:45:05,JSMR,RG,3970,1,D,PD,YJ,D
10:44:53,JSMR,RG,3970,6,D,CC,YJ,D
10:42:29,JSMR,RG,3970,3,D,XC,YJ,D
10:41:33,JSMR,RG,3970,5,D,YP,YJ,D
10:40:39,JSMR,RG,3970,10,D,CC,YJ,D
10:40:33,JSMR,RG,3970,3,D,YP,YJ,D
10:40:28,JSMR,RG,3970,1,D,YP,YJ,D
10:39:50,JSMR,RG,3970,5,D,YP,YJ,D
10:39:42,JSMR,RG,3970,22,D,YP,YJ,D
10:37:48,JSMR,RG,3970,1,D,YP,YJ,D
10:37:42,JSMR,RG,3970,1,D,YP,YJ,D
10:37:23,JSMR,RG,3960,2,D,XC,CC,D
10:37:23,JSMR,RG,3960,10,D,NI,CC,D
10:37:23,JSMR,RG,3960,12,D,YP,CC,D
10:37:23,JSMR,RG,3960,2,D,YP,CC,D
10:37:23,JSMR,RG,3960,10,D,YP,CC,D
10:37:23,JSMR,RG,3960,5,D,XC,CC,D
10:37:23,JSMR,RG,3960,1,D,YP,CC,D
10:37:23,JSMR,RG,3960,6,D,YP,CC,D
10:37:23,JSMR,RG,3960,34,D,YU,CC,D
10:32:55,JSMR,RG,3970,1,D,XC,YJ,D
10:30:31,JSMR,RG,3970,1,D,PD,YJ,D
10:30:25,JSMR,RG,3970,1,D,PD,YJ,D
10:30:19,JSMR,RG,3970,1,D,PD,YJ,D
10:28:21,JSMR,RG,3960,10,D,YU,LG,D
10:28:00,JSMR,RG,3960,1,D,YU,AK,F
10:27:56,JSMR,RG,3960,55,D,YU,CC,D
10:27:56,JSMR,RG,3960,6,D,EP,CC,D
10:27:56,JSMR,RG,3960,1,D,XC,CC,D
10:27:56,JSMR,RG,3960,1,D,NI,CC,D
10:25:49,JSMR,RG,3960,2,D,NI,CC,D
10:21:52,JSMR,RG,3970,1,D,XC,YJ,D
10:18:41,JSMR,RG,3970,2,D,CC,YJ,D
10:16:02,JSMR,RG,3960,2,D,NI,YP,D
10:16:02,JSMR,RG,3960,1,D,XC,YP,D
10:15:49,JSMR,RG,3960,1,D,XC,YP,D
10:15:49,JSMR,RG,3960,1,D,YP,YP,D
10:15:49,JSMR,RG,3960,3,D,PD,YP,D
10:15:49,JSMR,RG,3960,1,D,PD,YP,D
10:15:31,JSMR,RG,3960,1,D,PD,YP,D
10:15:29,JSMR,RG,3960,3,D,PD,YU,D
10:15:29,JSMR,RG,3960,1,D,SQ,YU,D
10:15:21,JSMR,RG,3970,2,F,PD,YJ,D
10:14:50,JSMR,RG,3960,1,D,SQ,YP,D
10:14:37,JSMR,RG,3960,1,D,SQ,YP,D
10:13:33,JSMR,RG,3960,1,D,SQ,CC,D
10:10:05,JSMR,RG,3960,2,D,SQ,YP,D
10:03:59,JSMR,RG,3960,1,D,SQ,CC,D
10:03:38,JSMR,RG,3960,1,D,SQ,DH,D
10:03:18,JSMR,RG,3960,5,D,SQ,YP,D
10:01:05,JSMR,RG,3970,5,D,PD,YJ,D
10:00:58,JSMR,RG,3960,1,D,SQ,YP,D
10:00:34,JSMR,RG,3960,1,D,SQ,YP,D
10:00:09,JSMR,RG,3960,1,D,SQ,YP,D
10:00:08,JSMR,RG,3960,4,D,SQ,LG,D
10:00:08,JSMR,RG,3960,1,D,YP,LG,D
10:00:08,JSMR,RG,3960,1,F,AK,LG,D
10:00:08,JSMR,RG,3960,3,D,CC,LG,D
10:00:08,JSMR,RG,3960,1,D,OD,LG,D
10:00:08,JSMR,RG,3960,2,D,YP,LG,D
10:00:08,JSMR,RG,3960,13,D,YP,LG,D
9:59:46,JSMR,RG,3960,1,D,YP,YP,D
9:59:23,JSMR,RG,3960,2,D,YP,YP,D
9:58:19,JSMR,RG,3960,9,D,YP,YP,D
9:58:19,JSMR,RG,3960,12,D,KZ,YP,D
9:57:57,JSMR,RG,3970,4,D,YP,YJ,D
9:57:57,JSMR,RG,3970,5,D,YP,DR,D
9:57:57,JSMR,RG,3970,3,D,YP,BB,F
9:57:57,JSMR,RG,3970,8,D,YP,YP,D
9:54:40,JSMR,RG,3970,1,D,YP,YP,D
9:53:26,JSMR,RG,3960,25,D,KZ,LG,D
9:51:44,JSMR,RG,3960,8,D,KZ,DX,D
9:50:19,JSMR,RG,3970,1,D,LG,YP,D
9:50:19,JSMR,RG,3970,2,D,LG,BB,F
9:50:19,JSMR,RG,3970,1,D,LG,YP,D
9:50:19,JSMR,RG,3970,2,D,LG,BB,F
9:50:14,JSMR,RG,3960,90,D,KZ,DX,D
9:49:18,JSMR,RG,3960,5,D,KZ,PD,D
9:48:33,JSMR,RG,3960,4,D,KZ,PD,D
9:48:12,JSMR,RG,3970,4,D,CC,BB,F
9:48:12,JSMR,RG,3970,1,D,CC,CC,D
9:48:12,JSMR,RG,3970,5,D,CC,YP,D
9:45:19,JSMR,RG,3970,1,D,NI,YP,D
9:45:07,JSMR,RG,3970,1,D,YP,YP,D
9:44:48,JSMR,RG,3970,5,D,PD,YP,D
9:43:10,JSMR,RG,3970,4,D,XC,YP,D
9:42:59,JSMR,RG,3960,1,D,KZ,PD,D
9:41:36,JSMR,RG,3960,5,D,KZ,PD,D
9:39:07,JSMR,RG,3960,1,D,KZ,XC,D
9:38:24,JSMR,RG,3960,1,D,KZ,PD,D
9:37:38,JSMR,RG,3960,8,D,KZ,CP,D
9:37:31,JSMR,RG,3970,15,D,KK,YP,D
9:37:12,JSMR,RG,3960,5,D,KZ,PD,D
9:37:12,JSMR,RG,3970,9,D,XC,YP,D
9:37:12,JSMR,RG,3970,1,D,XC,YP,D
9:37:12,JSMR,RG,3970,1,D,XC,YU,D
9:37:12,JSMR,RG,3970,3,D,XC,BB,F
9:37:10,JSMR,RG,3970,1,D,XC,BB,F
9:36:59,JSMR,RG,3960,201,D,KZ,DR,D
9:36:46,JSMR,RG,3970,6,D,XC,BB,F
9:36:33,JSMR,RG,3960,46,D,KZ,YP,D
9:36:20,JSMR,RG,3960,2,D,KZ,PD,D
9:36:18,JSMR,RG,3970,190,D,KZ,BB,F
9:36:18,JSMR,RG,3970,150,D,KZ,CC,D
9:36:18,JSMR,RG,3970,8,D,KZ,YP,D
9:36:18,JSMR,RG,3970,1,D,KZ,CC,D
9:36:18,JSMR,RG,3970,150,D,KZ,YP,D
9:36:18,JSMR,RG,3970,1,D,KZ,YB,D
9:34:40,JSMR,RG,3960,1,D,KZ,XC,D
9:34:32,JSMR,RG,3960,1,D,KZ,XC,D
9:34:06,JSMR,RG,3960,10,D,KZ,PD,D
9:33:27,JSMR,RG,3970,1,D,KK,YB,D
9:32:57,JSMR,RG,3960,1,D,KZ,BB,F
9:32:42,JSMR,RG,3960,25,D,NI,BB,F
9:32:42,JSMR,RG,3960,74,F,CC,BB,F
9:32:27,JSMR,RG,3960,1,F,CC,EP,D
9:30:49,JSMR,RG,3960,1,D,KK,KK,D
9:30:25,JSMR,RG,3960,1,D,PD,CC,D
9:30:25,JSMR,RG,3960,1,D,PD,KK,D
9:30:25,JSMR,RG,3960,1,D,PD,XC,D
9:30:25,JSMR,RG,3950,2,D,EP,PD,D
9:29:42,JSMR,RG,3960,50,D,SQ,EP,D
9:29:25,JSMR,RG,3960,2,D,YP,EP,D
9:28:17,JSMR,RG,3960,1,D,YP,EP,D
9:28:17,JSMR,RG,3960,5,D,DR,EP,D
9:26:54,JSMR,RG,3960,2,D,YP,EP,D
9:26:54,JSMR,RG,3960,1,D,YP,PD,D
9:26:54,JSMR,RG,3960,1,D,YP,YU,D
9:26:54,JSMR,RG,3960,27,D,YP,BB,F
9:26:49,JSMR,RG,3960,1,D,PD,BB,F
9:26:43,JSMR,RG,3960,65,D,KK,BB,F
9:26:40,JSMR,RG,3960,3,D,KK,BB,F
9:25:02,JSMR,RG,3960,1,D,YP,BB,F
9:22:57,JSMR,RG,3950,10,D,EP,KK,D
9:22:36,JSMR,RG,3950,15,D,XA,BB,F
9:21:56,JSMR,RG,3950,3,D,CC,BB,F
9:21:56,JSMR,RG,3940,8,D,SQ,YP,D
9:21:53,JSMR,RG,3950,10,D,SQ,BB,F
9:21:48,JSMR,RG,3950,30,D,PD,BB,F
9:20:55,JSMR,RG,3950,2,D,PD,BB,F
9:20:43,JSMR,RG,3950,5,D,YP,BB,F
9:20:36,JSMR,RG,3950,30,D,YU,BB,F
9:19:48,JSMR,RG,3950,4,D,XC,BB,F
9:19:44,JSMR,RG,3950,1,D,PD,BB,F
9:19:32,JSMR,RG,3940,67,D,SQ,EP,D
9:19:32,JSMR,RG,3940,3,D,XC,EP,D
9:19:32,JSMR,RG,3940,3,D,YP,EP,D
9:19:32,JSMR,RG,3940,14,D,XC,EP,D
9:19:32,JSMR,RG,3940,3,D,CC,EP,D
9:19:32,JSMR,RG,3940,2,D,YP,EP,D
9:19:32,JSMR,RG,3940,2,D,CC,EP,D
9:19:32,JSMR,RG,3940,10,D,YP,EP,D
9:19:32,JSMR,RG,3940,1,D,LG,EP,D
9:19:32,JSMR,RG,3940,1,D,YP,EP,D
9:19:32,JSMR,RG,3940,1,D,YP,EP,D
9:19:32,JSMR,RG,3940,10,D,XC,EP,D
9:19:32,JSMR,RG,3940,5,D,PD,EP,D
9:19:32,JSMR,RG,3940,20,D,SQ,EP,D
9:19:32,JSMR,RG,3940,1,D,CC,EP,D
9:19:32,JSMR,RG,3940,5,D,PD,EP,D
9:19:32,JSMR,RG,3940,2,D,DH,EP,D
9:19:32,JSMR,RG,3940,3,D,YU,EP,D
9:19:32,JSMR,RG,3940,10,D,YP,EP,D
9:19:32,JSMR,RG,3940,2,D,CC,EP,D
9:19:32,JSMR,RG,3940,5,D,XC,EP,D
9:19:32,JSMR,RG,3940,1,D,XC,EP,D
9:19:32,JSMR,RG,3940,1,D,YP,EP,D
9:19:32,JSMR,RG,3940,1,D,YP,EP,D
9:19:32,JSMR,RG,3940,1,D,XC,EP,D
9:19:32,JSMR,RG,3940,10,D,PD,EP,D
9:19:32,JSMR,RG,3940,1,D,PD,EP,D
9:19:32,JSMR,RG,3940,20,D,NI,EP,D
9:19:32,JSMR,RG,3940,2,D,YP,EP,D
9:19:32,JSMR,RG,3940,5,D,YP,EP,D
9:19:32,JSMR,RG,3940,20,D,NI,EP,D
9:19:32,JSMR,RG,3940,3,D,SQ,EP,D
9:19:01,JSMR,RG,3950,2,D,YP,EP,D
9:19:01,JSMR,RG,3950,5,D,CC,EP,D
9:19:01,JSMR,RG,3950,1,D,PD,EP,D
9:19:01,JSMR,RG,3950,50,D,CC,EP,D
9:19:01,JSMR,RG,3950,57,D,LG,EP,D
9:16:49,JSMR,RG,3950,4,D,LG,KK,D
9:16:49,JSMR,RG,3950,139,D,LG,EP,D
9:16:27,JSMR,RG,3950,4,D,NI,EP,D
9:16:15,JSMR,RG,3950,10,D,NI,EP,D
9:16:15,JSMR,RG,3950,1,D,YP,EP,D
9:16:15,JSMR,RG,3950,5,D,PD,EP,D
9:16:15,JSMR,RG,3950,5,D,PD,EP,D
9:16:15,JSMR,RG,3950,30,D,CC,EP,D
9:16:15,JSMR,RG,3950,1,D,PD,EP,D
9:16:15,JSMR,RG,3950,10,D,CP,EP,D
9:16:15,JSMR,RG,3950,1,F,AK,EP,D
9:16:15,JSMR,RG,3950,144,F,BK,EP,D
9:16:14,JSMR,RG,3960,1,D,YP,BB,F
9:15:19,JSMR,RG,3960,2,D,YP,BB,F
9:15:19,JSMR,RG,3960,1,D,YP,PD,D
9:15:09,JSMR,RG,3950,4,F,BK,BB,F
9:15:09,JSMR,RG,3950,46,F,AK,BB,F
9:13:04,JSMR,RG,3950,1,F,AK,XC,D
9:13:03,JSMR,RG,3950,6,F,AK,PD,D
9:13:03,JSMR,RG,3950,8,F,AK,CC,D
9:13:03,JSMR,RG,3950,42,F,AK,BB,F
9:13:03,JSMR,RG,3950,50,D,OD,BB,F
9:13:01,JSMR,RG,3950,8,F,BK,BB,F
9:13:01,JSMR,RG,3950,2,F,BK,PD,D
9:11:49,JSMR,RG,3950,3,D,YP,PD,D
9:11:43,JSMR,RG,3940,2,D,SQ,PD,D
9:11:39,JSMR,RG,3950,2,D,PD,PD,D
9:10:51,JSMR,RG,3940,4,D,SQ,XC,D
9:10:42,JSMR,RG,3940,1,D,SQ,XC,D
9:10:42,JSMR,RG,3940,4,D,LG,XC,D
9:10:42,JSMR,RG,3940,7,D,CC,XC,D
9:09:13,JSMR,RG,3940,1,D,CC,XC,D
9:07:40,JSMR,RG,3940,2,D,CC,XC,D
9:07:40,JSMR,RG,3940,10,D,XA,XC,D
9:07:40,JSMR,RG,3940,1,F,CC,XC,D
9:07:40,JSMR,RG,3940,9,F,BK,XC,D
9:07:18,JSMR,RG,3940,3,F,BK,EP,D
9:07:01,JSMR,RG,3940,81,F,BK,NI,D
9:05:06,JSMR,RG,3940,1,D,XC,CC,D
9:05:06,JSMR,RG,3940,9,D,PD,CC,D
9:04:26,JSMR,RG,3940,1,D,PD,PD,D
9:04:26,JSMR,RG,3940,5,D,DX,PD,D
9:04:26,JSMR,RG,3940,3,D,CC,PD,D
9:04:01,JSMR,RG,3950,1,F,AK,PD,D
9:03:47,JSMR,RG,3950,50,D,YP,PD,D
9:02:52,JSMR,RG,3950,1,D,XC,PD,D
9:02:43,JSMR,RG,3950,3,D,XC,PD,D
9:02:20,JSMR,RG,3950,2,D,KK,PD,D
9:02:17,JSMR,RG,3950,2,D,YP,PD,D
9:02:17,JSMR,RG,3950,4,D,XC,PD,D
9:01:46,JSMR,RG,3940,2,D,CC,PD,D
9:01:46,JSMR,RG,3940,1,D,KK,PD,D
9:01:46,JSMR,RG,3940,1,D,SQ,PD,D
9:01:21,JSMR,RG,3950,10,D,PD,PD,D
9:01:06,JSMR,RG,3950,2,D,PD,PD,D
9:00:59,JSMR,RG,3940,14,D,SQ,YP,D
9:00:59,JSMR,RG,3940,25,D,CC,YP,D
9:00:59,JSMR,RG,3940,100,D,YB,YP,D
9:00:59,JSMR,RG,3940,4,D,EP,YP,D
9:00:59,JSMR,RG,3940,18,D,XC,YP,D
9:00:59,JSMR,RG,3940,89,D,XA,YP,D
9:00:59,JSMR,RG,3950,18,D,XA,PD,D
9:00:59,JSMR,RG,3950,57,D,XA,DH,D
9:00:58,JSMR,RG,3950,4,D,LG,DH,D
9:00:43,JSMR,RG,3950,10,D,PD,DH,D
9:00:34,JSMR,RG,3940,36,D,XA,NI,D
9:00:34,JSMR,RG,3940,2,D,HP,NI,D
9:00:29,JSMR,RG,3950,40,D,CC,DH,D
9:00:26,JSMR,RG,3950,20,D,CC,DH,D
9:00:14,JSMR,RG,3950,10,D,XC,DH,D
9:00:06,JSMR,RG,3950,20,D,XA,DH,D
8:55:00,JSMR,RG,3950,2,D,YP,DH,D
8:55:00,JSMR,RG,3950,10,D,CC,DH,D
8:55:00,JSMR,RG,3950,3,D,CC,DH,D
8:55:00,JSMR,RG,3950,1,D,SQ,DH,D
8:55:00,JSMR,RG,3950,5,D,CC,DH,D
8:55:00,JSMR,RG,3950,20,D,SQ,DH,D
8:55:00,JSMR,RG,3950,12,D,XL,DH,D
8:55:00,JSMR,RG,3950,1,D,KK,DH,D
8:55:00,JSMR,RG,3950,2,D,PD,DH,D
8:55:00,JSMR,RG,3950,1,D,XL,DH,D
8:55:00,JSMR,RG,3950,8,D,XC,DH,D
8:55:00,JSMR,RG,3950,5,D,PD,DH,D
8:55:00,JSMR,RG,3950,6,D,YP,DH,D
8:55:00,JSMR,RG,3950,3,D,EP,DH,D
8:55:00,JSMR,RG,3950,1,D,EP,YB,D
8:55:00,JSMR,RG,3950,3,D,YP,BB,F
8:55:00,JSMR,RG,3950,1,D,SQ,BB,F