Time,Stock,Brd,Price,Qty,BT,BC,SC,ST
15:14:25,JSMR,RG,4300,50,D,DR,MG,D
15:13:18,JSMR,RG,4300,5,D,HP,MG,D
15:12:43,JSMR,RG,4300,3,D,HP,MG,D
15:12:09,JSMR,RG,4300,1,D,NI,MG,D
15:11:30,JSMR,RG,4300,368,D,NI,MG,D
15:11:30,JSMR,RG,4300,5,D,NI,YP,D
15:11:30,JSMR,RG,4300,1,D,NI,YU,D
15:11:30,JSMR,RG,4300,1,D,NI,YP,D
15:11:30,JSMR,RG,4300,1,D,NI,XC,D
15:11:30,JSMR,RG,4300,1,D,NI,XC,D
15:11:30,JSMR,RG,4300,1,D,NI,XC,D
15:11:30,JSMR,RG,4300,122,D,NI,MG,D
15:10:25,JSMR,RG,4300,10,D,YP,MG,D
15:09:53,JSMR,RG,4300,25,D,PD,MG,D
15:08:55,JSMR,RG,4300,10,D,YP,MG,D
15:08:54,JSMR,RG,4300,2,D,XC,MG,D
15:07:52,JSMR,RG,4300,4,D,XC,MG,D
15:07:44,JSMR,RG,4300,6,D,XC,MG,D
15:07:19,JSMR,RG,4300,21,D,DH,MG,D
15:07:19,JSMR,RG,4300,5,D,DH,YP,D
15:07:19,JSMR,RG,4300,20,D,DH,PD,D
15:07:19,JSMR,RG,4300,9,D,DH,YP,D
15:07:19,JSMR,RG,4300,10,D,DH,LG,D
15:07:19,JSMR,RG,4300,3,D,DH,YP,D
15:07:19,JSMR,RG,4300,2,D,DH,YP,D
15:07:19,JSMR,RG,4300,7,D,DH,YP,D
15:07:19,JSMR,RG,4300,250,D,DH,ZP,D
15:07:19,JSMR,RG,4300,36,D,DH,YP,D
15:07:19,JSMR,RG,4300,100,D,DH,AT,D
15:07:19,JSMR,RG,4300,1,D,DH,YP,D
15:07:19,JSMR,RG,4300,5,D,DH,CC,D
15:07:19,JSMR,RG,4300,3,D,DH,XC,D
15:07:19,JSMR,RG,4300,60,D,DH,TP,D
15:07:19,JSMR,RG,4300,2,D,DH,YU,D
15:07:19,JSMR,RG,4300,2,D,DH,YP,D
15:07:19,JSMR,RG,4300,120,D,DH,CC,D
15:07:19,JSMR,RG,4300,50,D,DH,YP,D
15:07:19,JSMR,RG,4300,3,D,DH,PC,D
15:07:19,JSMR,RG,4300,3,D,DH,YP,D
15:07:19,JSMR,RG,4300,3,D,DH,CC,D
15:07:19,JSMR,RG,4300,5,D,DH,PD,D
15:07:19,JSMR,RG,4300,10,D,DH,CC,D
15:07:19,JSMR,RG,4300,15,D,DH,YP,D
15:07:19,JSMR,RG,4300,2,D,DH,XC,D
15:07:19,JSMR,RG,4300,50,D,DH,DR,D
15:07:19,JSMR,RG,4300,4,D,DH,XC,D
15:07:19,JSMR,RG,4300,199,D,DH,MG,D
15:07:08,JSMR,RG,4300,25,D,PD,MG,D
15:06:57,JSMR,RG,4300,5,D,PD,MG,D
15:05:48,JSMR,RG,4300,5,D,KK,MG,D
15:05:18,JSMR,RG,4300,16,D,XC,MG,D
15:05:15,JSMR,RG,4300,5,D,CC,MG,D
15:05:03,JSMR,RG,4300,5,D,YP,MG,D
15:05:03,JSMR,RG,4300,3,D,YP,MG,D
15:05:03,JSMR,RG,4300,3,D,YP,MG,D
15:05:03,JSMR,RG,4300,668,D,BK,MG,D
15:05:02,JSMR,RG,4300,1,D,PD,MG,D
15:05:02,JSMR,RG,4300,30,D,PD,MG,D
15:05:01,JSMR,RG,4300,1,D,BQ,MG,D
15:05:00,JSMR,RG,4300,10,D,PD,MG,D
15:05:00,JSMR,RG,4300,5,D,DR,MG,D
15:05:00,JSMR,RG,4300,4,D,XL,MG,D
15:05:00,JSMR,RG,4300,5,D,HP,MG,D
15:00:00,JSMR,RG,4300,20,D,YP,MG,D
15:00:00,JSMR,RG,4300,3,D,PD,MG,D
15:00:00,JSMR,RG,4300,10,D,EP,MG,D
15:00:00,JSMR,RG,4300,6,D,PD,MG,D
15:00:00,JSMR,RG,4300,971,D,KK,MG,D
15:00:00,JSMR,RG,4300,1,D,KK,CC,D
15:00:00,JSMR,RG,4300,2,D,KK,XC,D
15:00:00,JSMR,RG,4300,8,D,KK,TP,D
15:00:00,JSMR,RG,4300,15,D,KK,YP,D
15:00:00,JSMR,RG,4300,5,D,KK,YP,D
15:00:00,JSMR,RG,4300,20,D,KK,CC,D
15:00:00,JSMR,RG,4300,1,D,KK,OD,D
15:00:00,JSMR,RG,4300,50,D,KK,AI,D
15:00:00,JSMR,RG,4300,1,D,KK,OD,D
15:00:00,JSMR,RG,4300,10,D,KK,OD,D
15:00:00,JSMR,RG,4300,50,D,KK,PD,D
15:00:00,JSMR,RG,4300,3,D,KK,YP,D
15:00:00,JSMR,RG,4300,50,D,KK,SQ,D
15:00:00,JSMR,RG,4300,50,D,KK,EP,D
15:00:00,JSMR,RG,4300,4,D,KK,PD,D
15:00:00,JSMR,RG,4300,50,D,KK,YP,D
15:00:00,JSMR,RG,4300,7,D,KK,YP,D
15:00:00,JSMR,RG,4300,1,D,YP,YP,D
15:00:00,JSMR,RG,4300,1,D,XC,YP,D
15:00:00,JSMR,RG,4300,2,D,YP,YP,D
15:00:00,JSMR,RG,4300,5,D,YP,SQ,D
15:00:00,JSMR,RG,4300,14,D,YP,DH,D
15:00:00,JSMR,RG,4300,10,D,YP,PD,D
15:00:00,JSMR,RG,4300,5,D,YP,YP,D
15:00:00,JSMR,RG,4300,2,D,YP,CC,D
15:00:00,JSMR,RG,4300,2,D,YP,DR,D
15:00:00,JSMR,RG,4300,5,D,YP,YP,D
15:00:00,JSMR,RG,4300,7,D,YP,MG,D
15:00:00,JSMR,RG,4300,2,D,XC,MG,D
15:00:00,JSMR,RG,4300,10,D,YP,MG,D
15:00:00,JSMR,RG,4300,2,D,YP,MG,D
15:00:00,JSMR,RG,4300,5,D,PD,MG,D
15:00:00,JSMR,RG,4300,2,D,GR,MG,D
15:00:00,JSMR,RG,4300,6,D,YP,MG,D
15:00:00,JSMR,RG,4300,1,D,XC,MG,D
15:00:00,JSMR,RG,4300,2,D,DR,MG,D
15:00:00,JSMR,RG,4300,3,D,XC,MG,D
15:00:00,JSMR,RG,4300,5,D,NI,MG,D
15:00:00,JSMR,RG,4300,10,D,NI,MG,D
15:00:00,JSMR,RG,4300,6,D,XC,MG,D
15:00:00,JSMR,RG,4300,5,D,YP,MG,D
15:00:00,JSMR,RG,4300,2,D,YP,MG,D
15:00:00,JSMR,RG,4300,5,D,LG,MG,D
15:00:00,JSMR,RG,4300,5,D,XC,MG,D
15:00:00,JSMR,RG,4300,1,D,YP,MG,D
15:00:00,JSMR,RG,4300,3,D,PD,MG,D
15:00:00,JSMR,RG,4300,2,D,PD,MG,D
15:00:00,JSMR,RG,4300,1,D,PD,MG,D
15:00:00,JSMR,RG,4300,9,D,KK,MG,D
15:00:00,JSMR,RG,4300,587,D,AG,MG,D
15:00:00,JSMR,RG,4300,1,D,AG,YP,D
15:00:00,JSMR,RG,4300,1,D,AG,NI,D
15:00:00,JSMR,RG,4300,2,D,AG,CC,D
15:00:00,JSMR,RG,4300,47,D,AG,YB,D
15:00:00,JSMR,RG,4300,1,D,AG,KK,D
15:00:00,JSMR,RG,4300,1,D,AG,YP,D
15:00:00,JSMR,RG,4300,3,D,AG,YP,D
15:00:00,JSMR,RG,4300,20,D,AG,LG,D
15:00:00,JSMR,RG,4300,2,D,AG,EP,D
15:00:00,JSMR,RG,4300,100,D,AG,DR,D
15:00:00,JSMR,RG,4300,135,D,AG,YU,D
15:00:00,JSMR,RG,4300,282,D,XA,YU,D
15:00:00,JSMR,RG,4300,100,D,XA,OD,D
15:00:00,JSMR,RG,4300,25,D,XA,EP,D
15:00:00,JSMR,RG,4300,93,D,XA,GR,D
15:00:00,JSMR,RG,4300,1,D,XC,GR,D
15:00:00,JSMR,RG,4300,990,D,CP,GR,D
15:00:00,JSMR,RG,4300,510,D,CP,DH,D
15:00:00,JSMR,RG,4300,1,D,XC,DH,D
15:00:00,JSMR,RG,4300,2,D,XL,DH,D
15:00:00,JSMR,RG,4300,50,D,SQ,DH,D
15:00:00,JSMR,RG,4300,7,D,XC,DH,D
15:00:00,JSMR,RG,4300,1,D,YJ,DH,D
15:00:00,JSMR,RG,4300,9,D,NI,DH,D
15:00:00,JSMR,RG,4300,10,D,CC,DH,D
15:00:00,JSMR,RG,4300,1,D,BQ,DH,D
15:00:00,JSMR,RG,4300,15,D,CC,DH,D
15:00:00,JSMR,RG,4300,10,D,GR,DH,D
15:00:00,JSMR,RG,4300,58,D,YP,DH,D
15:00:00,JSMR,RG,4300,2,D,YP,DH,D
15:00:00,JSMR,RG,4300,10,D,PD,DH,D
15:00:00,JSMR,RG,4300,2,D,KK,DH,D
15:00:00,JSMR,RG,4300,10,D,PD,DH,D
15:00:00,JSMR,RG,4300,69,D,YP,DH,D
15:00:00,JSMR,RG,4300,12,D,YB,DH,D
15:00:00,JSMR,RG,4300,2,D,YP,DH,D
15:00:00,JSMR,RG,4300,10,D,PD,DH,D
15:00:00,JSMR,RG,4300,30,D,LG,DH,D
15:00:00,JSMR,RG,4300,50,D,SQ,DH,D
15:00:00,JSMR,RG,4300,1,D,YP,DH,D
15:00:00,JSMR,RG,4300,5,D,PD,DH,D
15:00:00,JSMR,RG,4300,50,D,BQ,DH,D
15:00:00,JSMR,RG,4300,50,D,YP,DH,D
15:00:00,JSMR,RG,4300,50,D,YP,DH,D
15:00:00,JSMR,RG,4300,5,D,YP,DH,D
15:00:00,JSMR,RG,4300,1,D,CD,DH,D
15:00:00,JSMR,RG,4300,3,D,NI,DH,D
15:00:00,JSMR,RG,4300,1,D,PD,DH,D
15:00:00,JSMR,RG,4300,10,D,NI,DH,D
15:00:00,JSMR,RG,4300,2,D,YP,DH,D
15:00:00,JSMR,RG,4300,6,D,XC,DH,D
15:00:00,JSMR,RG,4300,6,D,YP,DH,D
15:00:00,JSMR,RG,4300,9,D,EP,DH,D
15:00:00,JSMR,RG,4300,4,D,YP,DH,D
15:00:00,JSMR,RG,4300,3,D,NI,DH,D
15:00:00,JSMR,RG,4300,1,D,CC,DH,D
15:00:00,JSMR,RG,4300,5,D,YP,DH,D
15:00:00,JSMR,RG,4300,5,D,YP,BK,F
15:00:00,JSMR,RG,4300,5,D,YP,BK,F
15:00:00,JSMR,RG,4300,50,D,CP,BK,F
15:00:00,JSMR,RG,4300,46,D,CP,AK,F
15:00:00,JSMR,RG,4300,4,D,CP,OD,D
15:00:00,JSMR,RG,4300,23,D,IF,OD,D
15:00:00,JSMR,RG,4300,32,F,RX,OD,D
15:00:00,JSMR,RG,4300,1,F,RX,OD,D
15:00:00,JSMR,RG,4300,73,D,LG,OD,D
15:00:00,JSMR,RG,4300,4,D,LG,FS,D
14:49:51,JSMR,RG,4300,1,F,RX,MG,D
14:49:43,JSMR,RG,4300,25,D,PD,MG,D
14:49:40,JSMR,RG,4290,1,D,NI,YB,D
14:49:36,JSMR,RG,4300,13,D,XC,MG,D
14:49:35,JSMR,RG,4300,3,F,RX,MG,D
14:49:16,JSMR,RG,4300,8,D,BB,MG,D
14:49:14,JSMR,RG,4300,2,D,BB,MG,D
14:49:12,JSMR,RG,4300,1,D,BB,MG,D
14:49:01,JSMR,RG,4300,1,D,BB,MG,D
14:48:52,JSMR,RG,4290,2,D,NI,XC,D
14:48:50,JSMR,RG,4290,47,D,NI,CC,F
14:48:50,JSMR,RG,4290,1,D,NI,BK,F
14:48:50,JSMR,RG,4290,1,D,NI,BK,F
14:48:50,JSMR,RG,4290,2,D,NI,KK,D
14:48:50,JSMR,RG,4280,1,D,BB,BK,F
14:48:48,JSMR,RG,4290,1,D,BB,KK,D
14:48:48,JSMR,RG,4290,7,D,AZ,KK,D
14:48:48,JSMR,RG,4290,1,D,AZ,PD,D
14:48:48,JSMR,RG,4290,12,D,AZ,AZ,D
14:48:48,JSMR,RG,4290,1,D,AZ,YP,D
14:48:48,JSMR,RG,4290,5,D,AZ,OD,D
14:48:48,JSMR,RG,4290,178,D,AZ,YJ,D
14:48:39,JSMR,RG,4290,2,F,RX,YJ,D
14:48:37,JSMR,RG,4290,1,F,RX,YJ,D
14:48:27,JSMR,RG,4290,2,D,BB,YJ,D
14:48:11,JSMR,RG,4290,1,D,BB,YJ,D
14:48:11,JSMR,RG,4280,2,D,AZ,YU,D
14:48:06,JSMR,RG,4290,3,F,RX,YJ,D
14:47:55,JSMR,RG,4290,5,D,BB,YJ,D
14:47:45,JSMR,RG,4280,26,D,AZ,DR,D
14:47:32,JSMR,RG,4280,5,D,AZ,DR,D
14:47:30,JSMR,RG,4280,20,D,AZ,DR,D
14:47:10,JSMR,RG,4280,20,D,AZ,OD,D
14:47:09,JSMR,RG,4290,5,D,BB,YJ,D
14:47:06,JSMR,RG,4280,200,D,AZ,PD,D
14:46:58,JSMR,RG,4280,5,D,AZ,XC,D
14:46:51,JSMR,RG,4280,21,D,AZ,CC,D
14:46:20,JSMR,RG,4290,3,D,BB,YJ,D
14:46:12,JSMR,RG,4280,18,D,AZ,XC,D
14:46:12,JSMR,RG,4280,12,D,AZ,YP,D
14:46:12,JSMR,RG,4280,1,D,AZ,XA,D
14:46:12,JSMR,RG,4280,260,D,AZ,DR,D
14:46:12,JSMR,RG,4280,6,D,AZ,PD,D
14:46:09,JSMR,RG,4280,35,D,HP,PD,D
14:45:46,JSMR,RG,4280,8,D,PD,PD,D
14:45:40,JSMR,RG,4280,15,D,HP,PD,D
14:45:27,JSMR,RG,4280,50,D,YP,PD,D
14:45:27,JSMR,RG,4280,10,D,PD,PD,D
14:45:27,JSMR,RG,4280,20,D,LG,PD,D
14:45:27,JSMR,RG,4280,10,D,LG,PD,D
14:45:27,JSMR,RG,4280,20,D,LG,PD,D
14:45:27,JSMR,RG,4280,2,D,YP,PD,D
14:45:27,JSMR,RG,4280,50,D,PD,PD,D
14:45:27,JSMR,RG,4280,20,D,YP,PD,D
14:45:27,JSMR,RG,4280,10,F,RX,PD,D
14:45:27,JSMR,RG,4280,2,D,XL,PD,D
14:45:27,JSMR,RG,4280,6,D,BB,PD,D
14:45:27,JSMR,RG,4280,36,D,YP,PD,D
14:44:54,JSMR,RG,4280,7,D,YP,DX,D
14:44:45,JSMR,RG,4280,15,D,YP,YP,D
14:44:42,JSMR,RG,4290,5,D,BB,DR,D
14:44:29,JSMR,RG,4280,10,D,YP,PD,D
14:44:25,JSMR,RG,4280,9,D,YP,DX,D
14:44:23,JSMR,RG,4290,10,D,AZ,DR,D
14:44:06,JSMR,RG,4280,23,D,YP,PD,D
14:44:06,JSMR,RG,4280,1,D,XC,PD,D
14:44:00,JSMR,RG,4280,9,D,XC,CC,D
14:44:00,JSMR,RG,4280,4,D,CC,CC,D
14:43:51,JSMR,RG,4290,10,D,BB,DR,D
14:43:38,JSMR,RG,4280,46,D,CC,DR,D
14:43:38,JSMR,RG,4280,15,D,YP,DR,D
14:43:38,JSMR,RG,4280,6,D,HP,DR,D
14:43:38,JSMR,RG,4280,74,D,BK,DR,D
14:43:31,JSMR,RG,4290,1,D,XC,DR,D
14:43:28,JSMR,RG,4290,10,D,AZ,DR,D
14:43:18,JSMR,RG,4290,2,D,XC,OD,D
14:43:05,JSMR,RG,4290,318,D,BK,AK,F
14:43:04,JSMR,RG,4290,200,D,BK,PD,D
14:43:00,JSMR,RG,4290,259,D,BK,BK,F
14:42:59,JSMR,RG,4290,180,D,BK,AK,F
14:42:58,JSMR,RG,4290,70,D,BK,CC,F
14:42:58,JSMR,RG,4290,117,D,BK,CC,D
14:42:58,JSMR,RG,4290,4,D,BK,CC,D
14:42:58,JSMR,RG,4290,72,D,BK,DR,D
14:42:58,JSMR,RG,4290,180,D,BK,AK,F
14:42:58,JSMR,RG,4290,100,D,BK,MG,D
14:42:55,JSMR,RG,4290,40,D,PD,AK,F
14:42:54,JSMR,RG,4280,926,D,BK,YP,D
14:42:54,JSMR,RG,4280,50,D,YP,YP,D
14:42:54,JSMR,RG,4280,1,D,YJ,YP,D
14:42:54,JSMR,RG,4280,883,D,LG,YP,D
14:42:54,JSMR,RG,4290,2,D,BB,YP,D
14:42:54,JSMR,RG,4290,1,D,XC,YP,D
14:42:54,JSMR,RG,4290,2,D,AZ,YP,D
14:42:54,JSMR,RG,4290,1,D,EP,YP,D
14:42:54,JSMR,RG,4290,1,D,CC,YP,D
14:42:54,JSMR,RG,4290,2,D,XC,YP,D
14:42:54,JSMR,RG,4290,210,D,LG,YP,D
14:42:54,JSMR,RG,4290,12,D,HP,YP,D
14:42:54,JSMR,RG,4290,8,F,RX,YP,D
14:42:54,JSMR,RG,4290,1,D,AZ,YP,D
14:42:50,JSMR,RG,4290,18,D,AZ,BK,F
14:42:47,JSMR,RG,4290,41,D,AZ,BK,F
14:42:44,JSMR,RG,4290,1,D,AZ,OD,D
14:42:42,JSMR,RG,4290,47,D,AZ,AK,F
14:42:42,JSMR,RG,4290,5,D,HP,AK,F
14:42:42,JSMR,RG,4290,13,D,YP,AK,F
14:42:42,JSMR,RG,4290,12,D,PD,AK,F
14:42:42,JSMR,RG,4290,1,D,BB,AK,F
14:42:42,JSMR,RG,4290,22,D,LG,AK,F
14:42:41,JSMR,RG,4290,132,D,LG,PD,D
14:42:41,JSMR,RG,4290,2,D,NI,PD,D
14:42:41,JSMR,RG,4290,3,D,KK,PD,D
14:42:41,JSMR,RG,4290,13,D,LG,PD,D
14:42:37,JSMR,RG,4290,18,D,LG,BK,F
14:42:33,JSMR,RG,4300,7,D,BB,MG,D
14:42:31,JSMR,RG,4290,9,D,LG,BK,F
14:42:31,JSMR,RG,4290,21,D,LG,BK,F
14:42:29,JSMR,RG,4290,9,D,LG,YJ,D
14:42:29,JSMR,RG,4290,191,D,XA,YJ,D
14:41:53,JSMR,RG,4290,7,D,XA,DX,D
14:41:49,JSMR,RG,4300,12,D,HP,MG,D
14:41:48,JSMR,RG,4290,8,D,XA,CC,D
14:40:54,JSMR,RG,4290,17,D,XA,BK,F
14:40:52,JSMR,RG,4290,50,D,XA,CC,D
14:40:52,JSMR,RG,4290,13,D,XA,BK,F
14:40:46,JSMR,RG,4290,11,D,XA,BK,F
14:40:43,JSMR,RG,4290,60,D,XA,YP,D
14:40:19,JSMR,RG,4290,5,D,XA,YP,D
14:40:02,JSMR,RG,4290,10,D,XA,YP,D
14:39:37,JSMR,RG,4290,1,D,XA,PD,D
14:39:32,JSMR,RG,4290,19,D,XA,BK,F
14:39:29,JSMR,RG,4290,58,D,XA,BK,F
14:39:28,JSMR,RG,4290,50,D,XA,PD,D
14:39:28,JSMR,RG,4290,20,D,EP,PD,D
14:39:28,JSMR,RG,4290,11,D,EP,PD,D
14:39:28,JSMR,RG,4290,12,F,RX,PD,D
14:39:28,JSMR,RG,4290,19,D,BB,PD,D
14:39:28,JSMR,RG,4290,188,D,XA,PD,D
14:39:26,JSMR,RG,4290,5,D,XA,PD,D
14:39:25,JSMR,RG,4290,10,D,XA,DR,D
14:39:12,JSMR,RG,4290,9,D,XA,DX,D
14:39:06,JSMR,RG,4290,24,D,XA,BK,F
14:39:02,JSMR,RG,4290,72,D,XA,YP,D
14:39:02,JSMR,RG,4300,8,D,BB,MG,D
14:38:54,JSMR,RG,4290,1,D,XA,LG,D
14:38:53,JSMR,RG,4290,12,D,XA,BK,F
14:38:49,JSMR,RG,4290,50,D,XA,BK,F
14:38:48,JSMR,RG,4290,1,D,XA,PD,D
14:38:46,JSMR,RG,4290,128,D,XA,PD,D
14:38:46,JSMR,RG,4290,100,D,NI,PD,D
14:38:46,JSMR,RG,4290,6,D,HP,PD,D
14:38:46,JSMR,RG,4290,10,D,CC,PD,D
14:38:46,JSMR,RG,4290,30,D,LG,PD,D
14:38:46,JSMR,RG,4290,26,D,CP,PD,D
14:38:39,JSMR,RG,4290,14,D,CP,BK,F
14:38:39,JSMR,RG,4290,5,D,HP,BK,F
14:38:38,JSMR,RG,4300,80,D,YP,MG,D
14:38:16,JSMR,RG,4300,5,D,PD,MG,D
14:38:13,JSMR,RG,4290,2,D,HP,DR,D
14:37:54,JSMR,RG,4290,17,D,HP,BK,F
14:37:51,JSMR,RG,4290,1,D,HP,BK,F
14:37:51,JSMR,RG,4290,20,D,PD,BK,F
14:37:51,JSMR,RG,4290,2,D,CC,BK,F
14:37:49,JSMR,RG,4300,150,D,HP,MG,D
14:36:48,JSMR,RG,4290,20,D,BK,YP,D
14:36:45,JSMR,RG,4290,15,D,BK,BK,F
14:36:43,JSMR,RG,4300,70,D,DR,MG,D
14:36:42,JSMR,RG,4290,8,D,BK,DX,D
14:36:34,JSMR,RG,4290,2,D,BK,XC,D
14:36:29,JSMR,RG,4290,21,D,BK,BK,F
14:36:24,JSMR,RG,4290,20,D,BK,BK,F
14:36:22,JSMR,RG,4290,150,D,BK,DR,D
14:36:01,JSMR,RG,4290,10,D,BK,YP,D
14:35:50,JSMR,RG,4300,25,D,HP,MG,D
14:35:33,JSMR,RG,4290,20,D,BK,BK,F
14:35:29,JSMR,RG,4290,12,D,BK,BK,F
14:35:27,JSMR,RG,4290,56,D,BK,BK,F
14:35:24,JSMR,RG,4290,500,D,BK,AK,F
14:35:19,JSMR,RG,4290,166,D,BK,PD,D
14:35:19,JSMR,RG,4290,20,D,KK,PD,D
14:35:19,JSMR,RG,4290,50,D,YP,PD,D
14:35:19,JSMR,RG,4290,1,D,XC,PD,D
14:35:19,JSMR,RG,4290,7,D,BB,PD,D
14:35:19,JSMR,RG,4290,10,D,YP,PD,D
14:35:19,JSMR,RG,4290,46,D,MG,PD,D
14:35:17,JSMR,RG,4300,9,D,BB,MG,D
14:35:13,JSMR,RG,4290,6,D,MG,CC,D
14:34:29,JSMR,RG,4290,100,D,MG,CC,D
14:34:07,JSMR,RG,4290,7,D,MG,DX,D
14:33:58,JSMR,RG,4300,27,D,BB,MG,D
14:33:08,JSMR,RG,4290,3,D,MG,OD,D
14:32:35,JSMR,RG,4290,2,D,MG,DR,D
14:32:32,JSMR,RG,4290,9,D,MG,BK,F
14:32:27,JSMR,RG,4290,45,D,MG,BK,F
14:32:25,JSMR,RG,4300,1,D,AT,MG,D
14:32:25,JSMR,RG,4300,18,D,XC,MG,D
14:32:25,JSMR,RG,4300,10,D,PD,MG,D
14:32:25,JSMR,RG,4300,4,F,RX,MG,D
14:32:25,JSMR,RG,4300,20,D,PD,MG,D
14:32:25,JSMR,RG,4300,1,D,CC,MG,D
14:32:25,JSMR,RG,4300,500,D,AG,MG,D
14:32:25,JSMR,RG,4300,15,D,BB,MG,D
14:32:25,JSMR,RG,4300,1303,D,LG,MG,D
14:32:04,JSMR,RG,4300,200,D,LG,PD,D
14:31:54,JSMR,RG,4300,2,D,LG,YP,D
14:31:52,JSMR,RG,4300,2,D,LG,AO,D
14:31:32,JSMR,RG,4300,2,D,LG,KK,D
14:31:32,JSMR,RG,4300,1,D,LG,PD,D
14:31:32,JSMR,RG,4300,24,D,LG,CC,D
14:31:32,JSMR,RG,4300,1,D,LG,AZ,D
14:31:32,JSMR,RG,4300,1,D,LG,XC,D
14:31:32,JSMR,RG,4300,10,D,LG,IF,D
14:31:32,JSMR,RG,4300,1,D,LG,XC,D
14:31:32,JSMR,RG,4300,5,D,LG,HP,D
14:31:32,JSMR,RG,4300,5,D,LG,YP,D
14:31:32,JSMR,RG,4300,78,D,LG,BK,F
14:31:32,JSMR,RG,4300,865,D,LG,MG,D
14:31:31,JSMR,RG,4290,13,D,MG,BK,F
14:31:30,JSMR,RG,4290,9,D,MG,DX,D
14:31:29,JSMR,RG,4300,1000,D,AZ,MG,D
14:31:17,JSMR,RG,4300,5,D,YP,MG,D
14:30:48,JSMR,RG,4300,15,D,AZ,MG,D
14:30:47,JSMR,RG,4290,11,D,MG,DR,D
14:30:38,JSMR,RG,4290,1,D,MG,CC,D
14:30:25,JSMR,RG,4290,3,D,MG,OD,D
14:30:24,JSMR,RG,4300,5,D,HP,MG,D
14:30:12,JSMR,RG,4290,10,D,MG,YU,D
14:30:12,JSMR,RG,4300,2,D,PD,MG,D
14:30:08,JSMR,RG,4290,20,D,MG,XC,D
14:29:43,JSMR,RG,4290,2,D,MG,NI,D
14:29:35,JSMR,RG,4290,16,D,MG,BK,F
14:29:32,JSMR,RG,4290,13,D,MG,BK,F
14:29:27,JSMR,RG,4290,77,D,MG,BK,F
14:29:27,JSMR,RG,4300,10,D,XC,MG,D
14:29:24,JSMR,RG,4300,10,D,KK,MG,D
14:29:24,JSMR,RG,4300,1,D,YB,MG,D
14:29:24,JSMR,RG,4300,13,F,RX,MG,D
14:29:24,JSMR,RG,4300,1074,D,MG,MG,D
14:29:23,JSMR,RG,4300,1,D,MG,NI,D
14:29:22,JSMR,RG,4300,1,D,MG,PD,D
14:29:19,JSMR,RG,4300,200,D,MG,PD,D
14:29:07,JSMR,RG,4300,1,D,MG,PD,D
14:29:04,JSMR,RG,4310,10,D,PD,YU,D
14:28:57,JSMR,RG,4310,3,F,RX,YU,D
14:28:52,JSMR,RG,4310,70,D,YP,YU,D
14:28:52,JSMR,RG,4310,1,D,YP,PD,D
14:28:52,JSMR,RG,4310,3,D,YP,CC,D
14:28:52,JSMR,RG,4310,7,D,YP,YP,D
14:28:52,JSMR,RG,4310,44,D,YP,XA,D
14:28:52,JSMR,RG,4310,125,D,YP,YP,D
14:28:51,JSMR,RG,4310,75,D,AZ,YP,D
14:28:51,JSMR,RG,4310,20,D,AZ,YP,D
14:28:51,JSMR,RG,4310,100,D,AZ,DH,D
14:28:51,JSMR,RG,4310,1,D,AZ,PD,D
14:28:51,JSMR,RG,4310,1,D,AZ,CC,D
14:28:51,JSMR,RG,4310,1,D,AZ,PD,D
14:28:51,JSMR,RG,4310,10,D,AZ,HD,D
14:28:51,JSMR,RG,4310,10,D,AZ,DR,D
14:28:51,JSMR,RG,4310,20,D,AZ,YP,D
14:28:51,JSMR,RG,4310,2,D,AZ,XC,D
14:28:51,JSMR,RG,4310,2,D,AZ,NI,D
14:28:51,JSMR,RG,4310,1,D,AZ,CC,D
14:28:51,JSMR,RG,4310,7,D,AZ,PD,D
14:28:51,JSMR,RG,4310,10,D,AZ,PD,D
14:28:51,JSMR,RG,4310,25,D,AZ,PD,D
14:28:51,JSMR,RG,4310,1,D,AZ,GR,D
14:28:51,JSMR,RG,4310,1,D,AZ,YB,D
14:28:51,JSMR,RG,4310,1,D,AZ,PD,D
14:28:51,JSMR,RG,4310,2,D,AZ,YU,D
14:28:51,JSMR,RG,4310,10,D,AZ,YP,D
14:28:50,JSMR,RG,4300,200,D,MG,CP,D
14:28:43,JSMR,RG,4300,92,D,MG,BK,F
14:28:43,JSMR,RG,4300,5,D,MG,KK,D
14:28:43,JSMR,RG,4300,40,D,MG,BK,F
14:28:43,JSMR,RG,4300,2,D,MG,NI,D
14:28:43,JSMR,RG,4300,61,D,MG,LG,D
14:28:43,JSMR,RG,4300,10,D,MG,PD,D
14:28:43,JSMR,RG,4300,100,D,MG,YP,D
14:28:43,JSMR,RG,4300,50,D,MG,CC,D
14:28:43,JSMR,RG,4300,1,D,MG,XC,D
14:28:43,JSMR,RG,4300,10,D,MG,OD,D
14:28:43,JSMR,RG,4300,25,D,MG,HP,D
14:28:43,JSMR,RG,4300,5,D,MG,YP,D
14:28:43,JSMR,RG,4300,30,D,MG,CC,D
14:28:43,JSMR,RG,4300,5,D,MG,KK,D
14:28:43,JSMR,RG,4300,1,D,MG,CC,D
14:28:43,JSMR,RG,4300,10,D,MG,AF,D
14:28:43,JSMR,RG,4300,25,D,MG,SQ,D
14:28:43,JSMR,RG,4300,1,D,MG,GR,D
14:28:43,JSMR,RG,4300,5,D,MG,YP,D
14:28:43,JSMR,RG,4300,10,D,MG,YP,D
14:28:43,JSMR,RG,4300,1,D,MG,PD,D
14:28:43,JSMR,RG,4300,2,D,MG,PD,D
14:28:43,JSMR,RG,4300,25,D,MG,IF,D
14:28:43,JSMR,RG,4300,19,D,MG,LS,D
14:28:43,JSMR,RG,4300,1,D,MG,XC,D
14:28:43,JSMR,RG,4300,20,D,MG,PD,D
14:28:43,JSMR,RG,4300,6,D,MG,XC,D
14:28:43,JSMR,RG,4300,20,D,MG,YP,D
14:28:43,JSMR,RG,4300,1,D,MG,XC,D
14:28:43,JSMR,RG,4300,2,D,MG,XC,D
14:28:43,JSMR,RG,4300,25,D,MG,NI,D
14:28:43,JSMR,RG,4300,5,D,MG,PD,D
14:28:43,JSMR,RG,4300,100,D,MG,DH,D
14:28:43,JSMR,RG,4300,5,D,MG,CC,D
14:28:43,JSMR,RG,4300,1,D,MG,KK,D
14:28:43,JSMR,RG,4300,1,D,MG,YP,F
14:28:43,JSMR,RG,4300,2,D,MG,CC,D
14:28:43,JSMR,RG,4300,45,D,MG,OD,D
14:28:43,JSMR,RG,4300,2000,D,MG,MG,D
14:28:43,JSMR,RG,4300,5,D,MG,TP,D
14:28:43,JSMR,RG,4300,2,D,MG,EP,D
14:28:43,JSMR,RG,4300,85,D,MG,XC,D
14:28:43,JSMR,RG,4300,10,D,MG,PD,D
14:28:43,JSMR,RG,4300,5,D,MG,YP,D
14:28:43,JSMR,RG,4300,2,D,MG,OD,D
14:28:43,JSMR,RG,4300,100,D,MG,CC,D
14:28:43,JSMR,RG,4300,2,D,MG,PD,D
14:28:43,JSMR,RG,4300,3,D,MG,YP,D
14:28:43,JSMR,RG,4300,2,D,MG,CC,D
14:28:43,JSMR,RG,4300,5,D,MG,OD,D
14:28:43,JSMR,RG,4300,50,D,MG,SH,D
14:28:43,JSMR,RG,4300,15,D,MG,PD,D
14:28:43,JSMR,RG,4300,1,D,MG,DR,D
14:28:43,JSMR,RG,4300,1,D,MG,BQ,D
14:28:43,JSMR,RG,4300,5,D,MG,SQ,D
14:28:43,JSMR,RG,4300,5,D,MG,NI,D
14:28:43,JSMR,RG,4300,200,D,MG,AT,D
14:28:43,JSMR,RG,4300,5,D,MG,DR,D
14:28:43,JSMR,RG,4300,3,D,MG,DR,D
14:28:43,JSMR,RG,4300,40,D,MG,YP,D
14:28:43,JSMR,RG,4300,2,D,MG,YP,D
14:28:43,JSMR,RG,4300,5,D,MG,PD,D
14:28:43,JSMR,RG,4300,10,D,MG,XL,D
14:28:43,JSMR,RG,4300,191,D,MG,PD,D
14:28:39,JSMR,RG,4300,144,D,YB,PD,D
14:28:39,JSMR,RG,4300,2,D,YB,XC,D
14:28:39,JSMR,RG,4300,1,D,YB,YP,D
14:28:39,JSMR,RG,4300,1,D,YB,NI,D
14:28:39,JSMR,RG,4300,55,D,YB,ID,D
14:28:39,JSMR,RG,4300,3,D,YB,OD,D
14:28:39,JSMR,RG,4300,10,D,YB,NI,D
14:28:39,JSMR,RG,4300,20,D,YB,YP,D
14:28:39,JSMR,RG,4300,20,D,YB,NI,D
14:28:39,JSMR,RG,4300,1,D,YB,PD,D
14:28:39,JSMR,RG,4300,30,D,YB,GR,D
14:28:39,JSMR,RG,4300,5,D,YB,GR,D
14:28:39,JSMR,RG,4300,10,D,YB,SQ,D
14:28:39,JSMR,RG,4300,5,D,YB,NI,D
14:28:39,JSMR,RG,4300,1,D,YB,CC,D
14:28:39,JSMR,RG,4300,5,D,YB,YP,D
14:28:39,JSMR,RG,4300,10,D,YB,YP,D
14:28:39,JSMR,RG,4300,13,D,YB,PD,D
14:28:39,JSMR,RG,4300,2,D,YB,CC,D
14:28:39,JSMR,RG,4300,1,D,YB,PD,D
14:28:39,JSMR,RG,4300,4,D,YB,EP,D
14:28:39,JSMR,RG,4300,10,D,YB,PD,D
14:28:39,JSMR,RG,4300,17,D,YB,XL,D
14:28:39,JSMR,RG,4300,10,D,YB,PD,D
14:28:39,JSMR,RG,4300,30,D,YB,GR,D
14:28:39,JSMR,RG,4300,75,D,YB,EP,D
14:28:39,JSMR,RG,4300,2,D,YB,LG,D
14:28:39,JSMR,RG,4300,20,D,YB,NI,D
14:28:39,JSMR,RG,4300,30,D,YB,EP,D
14:28:39,JSMR,RG,4300,1,D,YB,YP,D
14:28:39,JSMR,RG,4300,1,D,YB,NI,D
14:28:39,JSMR,RG,4300,2,D,YB,NI,D
14:28:39,JSMR,RG,4300,2,D,YB,HP,D
14:28:39,JSMR,RG,4300,100,D,YB,DH,D
14:28:39,JSMR,RG,4300,50,D,YB,YP,D
14:28:39,JSMR,RG,4300,1,D,YB,YP,D
14:28:39,JSMR,RG,4300,1,D,YB,YP,D
14:28:39,JSMR,RG,4300,50,D,YB,CC,D
14:28:39,JSMR,RG,4300,20,D,YB,DR,D
14:28:39,JSMR,RG,4300,5,D,YB,AT,D
14:28:39,JSMR,RG,4300,5,D,YB,KK,D
14:28:39,JSMR,RG,4300,5,D,YB,PD,D
14:28:39,JSMR,RG,4300,220,D,YB,XC,D
14:28:38,JSMR,RG,4290,11,D,MG,CC,D
14:28:38,JSMR,RG,4290,1,D,MG,XC,D
14:28:38,JSMR,RG,4290,50,D,MG,SQ,D
14:28:38,JSMR,RG,4290,83,D,MG,CC,F
14:28:38,JSMR,RG,4290,20,D,MG,YP,D
14:28:38,JSMR,RG,4290,56,D,MG,BK,F
14:28:38,JSMR,RG,4290,10,D,MG,SQ,D
14:28:38,JSMR,RG,4290,10,D,MG,LS,D
14:28:38,JSMR,RG,4290,12,D,MG,DR,D
14:28:38,JSMR,RG,4290,1,D,MG,PD,D
14:28:38,JSMR,RG,4290,10,D,MG,HP,D
14:28:38,JSMR,RG,4290,1,D,MG,KK,D
14:28:38,JSMR,RG,4290,2,D,MG,CC,D
14:28:38,JSMR,RG,4290,5,D,MG,PD,D
14:28:38,JSMR,RG,4290,1,D,MG,CC,D
14:28:38,JSMR,RG,4290,1,D,MG,PD,D
14:28:38,JSMR,RG,4290,10,D,MG,NI,D
14:28:38,JSMR,RG,4290,100,D,MG,MG,D
14:28:38,JSMR,RG,4290,5,D,MG,YP,D
14:28:38,JSMR,RG,4290,3,D,MG,DR,D
14:28:38,JSMR,RG,4290,3,D,MG,XC,D
14:28:38,JSMR,RG,4290,1,D,MG,PD,D
14:28:38,JSMR,RG,4290,1,D,MG,OD,D
14:28:38,JSMR,RG,4290,10,D,MG,CC,D
14:28:38,JSMR,RG,4290,50,D,MG,YP,D
14:28:38,JSMR,RG,4290,10,D,MG,NI,D
14:28:38,JSMR,RG,4290,61,D,MG,YP,D
14:28:38,JSMR,RG,4290,5,D,MG,NI,D
14:28:38,JSMR,RG,4290,10,D,MG,PD,D
14:28:38,JSMR,RG,4290,20,D,MG,DR,D
14:28:38,JSMR,RG,4290,3,D,MG,CC,D
14:28:38,JSMR,RG,4290,41,D,MG,MG,D
14:27:50,JSMR,RG,4290,3,F,RX,MG,D
14:27:49,JSMR,RG,4280,1,D,LG,XC,D
14:27:44,JSMR,RG,4280,101,D,LG,DR,D
14:27:41,JSMR,RG,4290,56,D,AZ,MG,D
14:27:41,JSMR,RG,4290,20,D,AZ,DR,D
14:27:41,JSMR,RG,4290,100,D,AZ,YP,D
14:27:41,JSMR,RG,4290,1,D,AZ,DR,D
14:27:41,JSMR,RG,4290,70,D,AZ,CC,D
14:27:41,JSMR,RG,4290,2,D,AZ,YP,D
14:27:41,JSMR,RG,4290,2,D,AZ,PD,D
14:27:41,JSMR,RG,4290,21,D,AZ,DR,D
14:27:41,JSMR,RG,4290,10,D,AZ,PD,D
14:27:41,JSMR,RG,4290,5,D,AZ,YP,D
14:27:41,JSMR,RG,4290,100,D,AZ,DR,D
14:27:41,JSMR,RG,4290,46,D,AZ,LG,D
14:27:41,JSMR,RG,4290,2,D,AZ,YP,D
14:27:41,JSMR,RG,4290,2,D,AZ,XC,D
14:27:41,JSMR,RG,4290,10,D,AZ,SQ,D
14:27:41,JSMR,RG,4290,10,D,AZ,PD,D
14:27:41,JSMR,RG,4290,14,D,AZ,NI,D
14:27:41,JSMR,RG,4290,29,D,AZ,SF,F
14:27:37,JSMR,RG,4280,9,D,LG,YP,D
14:27:25,JSMR,RG,4280,12,D,LG,BK,F
14:27:24,JSMR,RG,4280,1,D,LG,XC,D
14:27:24,JSMR,RG,4280,10,D,LG,CC,D
14:27:24,JSMR,RG,4280,10,D,LG,CC,D
14:27:24,JSMR,RG,4280,5,D,LG,CC,D
14:27:24,JSMR,RG,4280,9,D,LG,DX,D
14:27:24,JSMR,RG,4280,46,D,LG,CC,D
14:27:24,JSMR,RG,4280,90,D,LG,BK,F
14:27:24,JSMR,RG,4280,253,D,LG,DR,D
14:27:24,JSMR,RG,4280,1,D,LG,CC,D
14:27:24,JSMR,RG,4280,3,D,LG,XC,D
14:27:24,JSMR,RG,4280,80,D,LG,YP,D
14:27:24,JSMR,RG,4280,20,D,LG,CC,D
14:27:24,JSMR,RG,4280,70,D,LG,CC,D
14:27:24,JSMR,RG,4280,1,D,LG,PD,D
14:27:24,JSMR,RG,4280,16,D,LG,BK,F
14:27:24,JSMR,RG,4280,10,D,LG,NI,D
14:27:24,JSMR,RG,4280,107,D,LG,BK,F
14:27:24,JSMR,RG,4280,1,D,LG,CC,D
14:27:24,JSMR,RG,4280,5,D,LG,CC,D
14:27:24,JSMR,RG,4280,30,D,LG,AG,D
14:27:24,JSMR,RG,4280,1,D,LG,EP,D
14:27:24,JSMR,RG,4280,2,D,LG,AO,D
14:27:24,JSMR,RG,4280,4,D,LG,XC,D
14:27:24,JSMR,RG,4280,5,D,LG,PD,D
14:27:24,JSMR,RG,4280,5,D,LG,PD,D
14:27:24,JSMR,RG,4280,1,D,LG,PD,D
14:27:24,JSMR,RG,4280,15,D,LG,DR,D
14:27:24,JSMR,RG,4280,10,D,LG,PD,D
14:27:24,JSMR,RG,4280,1,D,LG,YP,D
14:27:24,JSMR,RG,4280,1,D,LG,TP,D
14:27:24,JSMR,RG,4280,90,D,LG,OD,D
14:27:24,JSMR,RG,4280,10,D,LG,YP,D
14:27:24,JSMR,RG,4280,2,D,LG,CC,D
14:27:24,JSMR,RG,4280,2079,D,LG,GR,D
14:27:01,JSMR,RG,4280,4,F,RX,GR,D
14:26:59,JSMR,RG,4280,10,D,BB,GR,D
14:26:55,JSMR,RG,4270,1,D,LG,KK,D
14:26:52,JSMR,RG,4270,8,D,LG,XC,D
14:26:43,JSMR,RG,4270,1,D,LG,YP,D
14:26:28,JSMR,RG,4270,8,D,LG,DX,D
14:26:05,JSMR,RG,4280,3,F,RX,GR,D
14:25:53,JSMR,RG,4280,2,D,PD,GR,D
14:25:41,JSMR,RG,4270,1,D,LG,KK,D
14:25:34,JSMR,RG,4280,50,D,YP,GR,D
14:25:22,JSMR,RG,4280,11,D,BB,GR,D
14:24:41,JSMR,RG,4280,3,F,RX,GR,D
14:24:03,JSMR,RG,4280,1,D,PD,GR,D
14:23:35,JSMR,RG,4280,11,D,BB,GR,D
14:22:35,JSMR,RG,4270,23,D,LG,DR,D
14:22:35,JSMR,RG,4280,9,D,PD,GR,D
14:22:19,JSMR,RG,4280,8,D,PD,GR,D
14:22:17,JSMR,RG,4280,3,F,RX,GR,D
14:22:14,JSMR,RG,4270,300,D,LG,PD,D
14:21:50,JSMR,RG,4280,12,D,BB,GR,D
14:21:44,JSMR,RG,4270,11,D,LG,CC,D
14:21:44,JSMR,RG,4270,8,D,LG,DX,D
14:21:44,JSMR,RG,4270,250,D,LG,CC,D
14:21:44,JSMR,RG,4270,30,D,LG,LG,D
14:21:44,JSMR,RG,4270,280,D,LG,DR,D
14:21:44,JSMR,RG,4270,10,D,LG,YP,D
14:21:44,JSMR,RG,4270,50,D,LG,CP,D
14:21:44,JSMR,RG,4270,3,D,LG,ZP,D
14:21:44,JSMR,RG,4270,400,D,LG,YP,D
14:21:44,JSMR,RG,4270,13,D,LG,ZP,D
14:21:44,JSMR,RG,4270,61,D,LG,AK,F
14:21:44,JSMR,RG,4270,130,D,LG,CC,F
14:21:44,JSMR,RG,4270,169,D,LG,BK,F
14:21:44,JSMR,RG,4270,33,D,LG,DR,D
14:21:09,JSMR,RG,4260,7,D,BK,DX,D
14:20:51,JSMR,RG,4260,15,D,BK,BK,F
14:20:49,JSMR,RG,4270,3,F,RX,DR,D
14:20:47,JSMR,RG,4260,25,D,BK,BK,F
14:20:46,JSMR,RG,4260,180,D,BK,DR,D
14:20:15,JSMR,RG,4260,8,D,BK,YP,D
14:19:57,JSMR,RG,4270,6,D,BB,DR,D
14:18:59,JSMR,RG,4260,2,D,BK,XC,D
14:18:36,JSMR,RG,4260,8,D,BK,DX,D
14:17:05,JSMR,RG,4260,1,D,BK,YP,D
14:16:11,JSMR,RG,4260,13,D,BK,BK,F
14:16:08,JSMR,RG,4260,9,D,BK,DX,D
14:16:07,JSMR,RG,4270,1,D,NI,DR,D
14:16:07,JSMR,RG,4260,13,D,BK,BK,F
14:16:04,JSMR,RG,4260,51,D,BK,NI,D
14:16:04,JSMR,RG,4260,49,D,LG,NI,D
14:15:08,JSMR,RG,4260,11,D,LG,BK,F
14:15:05,JSMR,RG,4260,44,D,LG,BK,F
14:15:02,JSMR,RG,4260,309,D,LG,DR,D
14:14:50,JSMR,RG,4270,1,D,XC,DR,D
14:14:28,JSMR,RG,4270,8,D,BQ,DR,D
14:14:28,JSMR,RG,4270,2,D,BQ,ZP,D
14:14:25,JSMR,RG,4260,12,D,LG,BK,F
14:14:20,JSMR,RG,4260,23,D,LG,BK,F
14:14:18,JSMR,RG,4260,200,D,LG,PD,D
14:14:01,JSMR,RG,4260,7,D,LG,YP,D
14:13:45,JSMR,RG,4270,6,D,PD,ZP,D
14:13:44,JSMR,RG,4270,10,D,DR,ZP,D
14:13:44,JSMR,RG,4270,10,F,RX,ZP,D
14:13:44,JSMR,RG,4270,1,D,BB,ZP,D
14:13:44,JSMR,RG,4270,4,D,YP,ZP,D
14:13:44,JSMR,RG,4270,47,D,AZ,ZP,D
14:13:40,JSMR,RG,4280,11,D,PD,GR,D
14:13:39,JSMR,RG,4270,7,D,AZ,DX,D
14:13:37,JSMR,RG,4270,246,D,AZ,AG,D
14:13:37,JSMR,RG,4270,100,D,XA,AG,D
14:13:37,JSMR,RG,4270,200,D,BK,AG,D
14:13:37,JSMR,RG,4270,5,D,HP,AG,D
14:13:37,JSMR,RG,4270,49,D,LG,AG,D
14:12:59,JSMR,RG,4270,36,D,LG,DR,D
14:12:57,JSMR,RG,4270,313,D,LG,DR,D
14:12:39,JSMR,RG,4270,10,D,LG,CC,D
14:12:33,JSMR,RG,4270,1,D,LG,SQ,D
14:12:16,JSMR,RG,4270,27,D,LG,DR,D
14:11:57,JSMR,RG,4280,4,D,XC,GR,D
14:11:48,JSMR,RG,4280,30,D,NI,GR,D
14:10:59,JSMR,RG,4270,8,D,LG,DX,D
14:10:55,JSMR,RG,4280,2,D,DH,GR,D
14:10:13,JSMR,RG,4280,2,D,HP,GR,D
14:09:51,JSMR,RG,4270,300,D,LG,PD,D
14:09:38,JSMR,RG,4280,3,D,XC,GR,D
14:08:57,JSMR,RG,4280,1,D,HP,GR,D
14:08:27,JSMR,RG,4270,2,D,LG,SQ,D
14:08:20,JSMR,RG,4270,9,D,LG,DX,D
14:08:02,JSMR,RG,4270,1,D,LG,YP,D
14:07:58,JSMR,RG,4270,100,D,LG,ZP,D
14:07:50,JSMR,RG,4280,1,D,XL,GR,D
14:07:34,JSMR,RG,4270,2,D,LG,DH,D
14:07:15,JSMR,RG,4280,19,D,HP,GR,D
14:07:06,JSMR,RG,4270,10,D,LG,CC,D
14:05:44,JSMR,RG,4270,9,D,LG,DX,D
14:05:09,JSMR,RG,4270,123,D,LG,DR,D
14:05:09,JSMR,RG,4270,20,D,BB,DR,D
14:04:42,JSMR,RG,4270,45,D,BB,PD,D
14:04:42,JSMR,RG,4270,20,D,PD,PD,D
14:04:42,JSMR,RG,4270,5,D,HP,PD,D
14:04:42,JSMR,RG,4270,230,D,AZ,PD,D
14:04:13,JSMR,RG,4270,61,D,AZ,AK,F
14:04:13,JSMR,RG,4270,9,D,AZ,GR,D
14:04:13,JSMR,RG,4270,1,D,XC,GR,D
14:04:13,JSMR,RG,4270,10,D,PD,GR,D
14:04:13,JSMR,RG,4270,5,D,YU,GR,D
14:04:13,JSMR,RG,4270,1,D,YJ,GR,D
14:04:13,JSMR,RG,4270,50,D,YP,GR,D
14:04:13,JSMR,RG,4270,24,D,BB,GR,D
14:04:00,JSMR,RG,4270,5,D,BB,OD,D
14:03:30,JSMR,RG,4280,10,D,PD,GR,D
14:03:21,JSMR,RG,4280,5,D,HP,GR,D
14:03:19,JSMR,RG,4280,11,D,HP,GR,D
14:03:17,JSMR,RG,4270,5,D,BB,CC,D
14:03:11,JSMR,RG,4270,8,D,BB,DX,D
14:03:09,JSMR,RG,4270,6,D,BB,AZ,D
14:02:55,JSMR,RG,4280,38,D,AZ,GR,D
14:01:32,JSMR,RG,4280,5,D,PD,GR,D
14:01:25,JSMR,RG,4280,10,D,NI,GR,D
14:01:08,JSMR,RG,4270,54,D,BB,PD,D
14:01:08,JSMR,RG,4270,46,D,AZ,PD,D
14:00:41,JSMR,RG,4280,5,D,PD,GR,D
14:00:40,JSMR,RG,4270,7,D,AZ,DX,D
14:00:32,JSMR,RG,4280,18,D,AZ,GR,D
14:00:27,JSMR,RG,4270,100,D,AZ,GR,D
14:00:26,JSMR,RG,4280,165,D,KK,GR,D
14:00:17,JSMR,RG,4270,1,D,AZ,CC,D
13:59:59,JSMR,RG,4270,10,D,AZ,OD,D
13:59:21,JSMR,RG,4270,8,D,AZ,DR,D
13:58:46,JSMR,RG,4270,100,D,AZ,PD,D
13:58:45,JSMR,RG,4280,3,D,YP,GR,D
13:58:24,JSMR,RG,4270,50,D,AZ,CC,D
13:57:48,JSMR,RG,4270,1,D,AZ,LG,D
13:57:21,JSMR,RG,4270,9,D,AZ,DR,D
13:55:51,JSMR,RG,4280,1,D,PD,GR,D
13:55:48,JSMR,RG,4270,4,D,AZ,BK,F
13:55:48,JSMR,RG,4270,9,D,AZ,DX,D
13:55:48,JSMR,RG,4270,155,D,AZ,BK,F
13:55:47,JSMR,RG,4270,1,D,PD,BK,F
13:55:39,JSMR,RG,4280,150,D,PD,GR,D
13:55:39,JSMR,RG,4280,2,D,PD,LG,D
13:55:39,JSMR,RG,4280,7,D,PD,XC,D
13:55:39,JSMR,RG,4280,5,D,PD,YP,D
13:55:39,JSMR,RG,4280,1,D,PD,XC,D
13:55:39,JSMR,RG,4280,1,D,PD,DR,D
13:55:39,JSMR,RG,4280,3,D,PD,YP,D
13:55:39,JSMR,RG,4280,1,D,PD,PD,D
13:55:39,JSMR,RG,4280,5,D,PD,PD,D
13:55:39,JSMR,RG,4280,1,D,PD,CC,D
13:55:39,JSMR,RG,4280,1,D,PD,LS,D
13:55:39,JSMR,RG,4280,166,D,PD,FS,D
13:55:39,JSMR,RG,4270,37,D,PD,CC,D
13:55:39,JSMR,RG,4270,177,D,PD,CC,D
13:55:39,JSMR,RG,4270,85,D,PD,DR,D
13:55:39,JSMR,RG,4270,251,D,PD,DR,D
13:55:39,JSMR,RG,4270,25,D,PD,CC,D
13:55:39,JSMR,RG,4270,5,D,PD,HP,D
13:55:39,JSMR,RG,4270,66,D,PD,BK,F
13:55:39,JSMR,RG,4270,2,D,PD,OD,D
13:55:39,JSMR,RG,4270,2,D,PD,AO,D
13:55:39,JSMR,RG,4270,200,D,PD,PD,D
13:55:39,JSMR,RG,4270,5,D,PD,PD,D
13:55:39,JSMR,RG,4270,9,D,PD,CC,D
13:55:39,JSMR,RG,4270,53,D,PD,AK,F
13:55:39,JSMR,RG,4270,1,D,PD,CC,D
13:55:39,JSMR,RG,4270,15,D,PD,BK,F
13:55:39,JSMR,RG,4270,1,D,PD,IF,D
13:55:39,JSMR,RG,4270,2,D,PD,NI,D
13:55:39,JSMR,RG,4270,102,D,PD,CC,D
13:55:39,JSMR,RG,4270,5,D,PD,CC,D
13:55:39,JSMR,RG,4270,5,D,PD,PD,D
13:55:39,JSMR,RG,4270,1,D,PD,PD,D
13:55:39,JSMR,RG,4270,2,D,PD,DR,D
13:55:39,JSMR,RG,4270,2,D,PD,PD,D
13:55:39,JSMR,RG,4270,161,D,PD,DR,D
13:55:39,JSMR,RG,4270,1,D,PD,GR,D
13:55:39,JSMR,RG,4270,18,D,PD,KK,D
13:55:39,JSMR,RG,4270,7,D,PD,DX,D
13:55:39,JSMR,RG,4270,1,D,PD,XC,D
13:55:39,JSMR,RG,4270,5,D,PD,CC,D
13:55:39,JSMR,RG,4270,1,D,PD,YP,D
13:55:39,JSMR,RG,4270,2,D,PD,NI,D
13:55:39,JSMR,RG,4270,2,D,PD,GR,D
13:55:39,JSMR,RG,4270,1,D,PD,NI,D
13:55:39,JSMR,RG,4270,10,D,PD,EP,D
13:55:39,JSMR,RG,4270,3,D,PD,DH,D
13:55:39,JSMR,RG,4270,250,D,PD,YU,D
13:55:39,JSMR,RG,4270,5,D,PD,KK,D
13:55:39,JSMR,RG,4270,5,D,PD,DR,D
13:55:39,JSMR,RG,4270,1,D,PD,TP,D
13:55:39,JSMR,RG,4270,10,D,PD,PD,D
13:55:39,JSMR,RG,4270,24,D,PD,NI,D
13:55:39,JSMR,RG,4270,1,D,PD,NI,D
13:55:39,JSMR,RG,4270,50,D,PD,SQ,D
13:55:39,JSMR,RG,4270,5,D,PD,PS,D
13:55:39,JSMR,RG,4270,25,D,PD,HD,D
13:55:39,JSMR,RG,4270,5,D,PD,PD,D
13:55:39,JSMR,RG,4270,93,D,PD,PD,D
13:55:30,JSMR,RG,4260,7,D,LG,DX,D
13:55:17,JSMR,RG,4270,10,D,PD,PD,D
13:53:55,JSMR,RG,4270,50,D,CC,PD,D
13:53:52,JSMR,RG,4260,28,D,LG,BK,F
13:53:00,JSMR,RG,4260,25,D,LG,CC,D
13:52:53,JSMR,RG,4260,9,D,LG,DX,D
13:52:09,JSMR,RG,4260,190,D,LG,DR,D
13:51:20,JSMR,RG,4260,2,D,LG,EP,D
13:50:53,JSMR,RG,4260,36,D,LG,DR,D
13:50:51,JSMR,RG,4260,48,D,LG,DR,D
13:50:51,JSMR,RG,4260,1,D,XC,DR,D
13:50:51,JSMR,RG,4260,14,D,BB,DR,D
13:50:51,JSMR,RG,4260,50,D,DR,DR,D
13:50:51,JSMR,RG,4260,62,D,AZ,DR,D
13:50:45,JSMR,RG,4260,3,D,AZ,KK,D
13:50:25,JSMR,RG,4260,9,D,AZ,DX,D
13:49:54,JSMR,RG,4270,10,D,LS,PD,D
13:47:59,JSMR,RG,4260,1,D,AZ,YP,D
13:47:50,JSMR,RG,4260,8,D,AZ,DX,D
13:46:25,JSMR,RG,4260,2,D,AZ,PD,D
13:45:14,JSMR,RG,4260,7,D,AZ,DX,D
13:45:11,JSMR,RG,4260,50,D,AZ,CC,D
13:43:54,JSMR,RG,4260,58,D,AZ,DR,D
13:43:54,JSMR,RG,4260,2,D,OD,DR,D
13:43:54,JSMR,RG,4260,10,D,GR,DR,D
13:43:54,JSMR,RG,4260,96,D,LG,DR,D
13:42:55,JSMR,RG,4260,20,D,LG,XC,D
13:42:42,JSMR,RG,4260,7,D,LG,DX,D
13:42:34,JSMR,RG,4260,16,D,LG,BK,F
13:42:30,JSMR,RG,4260,25,D,LG,BK,F
13:42:29,JSMR,RG,4260,836,D,LG,SQ,D
13:42:29,JSMR,RG,4260,100,D,YP,SQ,D
13:42:29,JSMR,RG,4260,1,D,PD,SQ,D
13:42:29,JSMR,RG,4260,3,D,BB,SQ,D
13:42:29,JSMR,RG,4260,60,D,BK,SQ,D
13:41:47,JSMR,RG,4260,60,D,BK,DR,D
13:41:45,JSMR,RG,4260,174,D,BK,DR,D
13:41:25,JSMR,RG,4270,3,D,XC,PD,D
13:40:44,JSMR,RG,4260,1,D,BK,YP,D
13:40:26,JSMR,RG,4260,1,D,BK,CC,D
13:40:12,JSMR,RG,4260,1,D,BK,PD,D
13:40:03,JSMR,RG,4260,3,D,BK,DX,D
13:40:03,JSMR,RG,4260,6,D,BB,DX,D
13:39:15,JSMR,RG,4260,1,D,BB,PD,D
13:38:36,JSMR,RG,4260,30,D,BB,XC,D
13:38:35,JSMR,RG,4260,4,D,BB,XC,D
13:38:22,JSMR,RG,4260,5,D,BB,YP,D
13:38:21,JSMR,RG,4260,3,D,NI,PD,D
13:38:21,JSMR,RG,4260,2,D,LG,PD,D
13:38:21,JSMR,RG,4260,5,D,LG,NI,D
13:38:00,JSMR,RG,4260,33,D,LG,PD,D
13:38:00,JSMR,RG,4260,2,D,PD,PD,D
13:38:00,JSMR,RG,4260,165,D,AZ,PD,D
13:37:56,JSMR,RG,4260,135,D,AZ,PD,D
13:37:56,JSMR,RG,4260,30,D,YP,PD,D
13:37:56,JSMR,RG,4260,1,D,YP,PD,D
13:37:56,JSMR,RG,4260,1,D,YP,PD,D
13:37:56,JSMR,RG,4260,12,D,YP,PD,D
13:37:56,JSMR,RG,4260,6,D,CC,PD,D
13:37:56,JSMR,RG,4260,15,D,YP,PD,D
13:37:36,JSMR,RG,4260,5,D,YP,CC,D
13:37:36,JSMR,RG,4260,1,D,XC,CC,D
13:37:36,JSMR,RG,4260,2,D,PD,CC,D
13:37:36,JSMR,RG,4260,38,D,BB,CC,D
13:37:36,JSMR,RG,4260,5,D,CC,CC,D
13:37:36,JSMR,RG,4260,1,D,XC,CC,D
13:37:36,JSMR,RG,4260,5,D,PD,CC,D
13:37:36,JSMR,RG,4260,13,D,PD,CC,D
13:37:34,JSMR,RG,4260,5,D,PD,YP,D
13:37:29,JSMR,RG,4260,1,D,PD,PD,D
13:37:24,JSMR,RG,4260,1,D,PD,DX,D
13:37:24,JSMR,RG,4260,8,D,KK,DX,D
13:37:16,JSMR,RG,4260,1,D,KK,CC,D
13:36:21,JSMR,RG,4260,1,D,KK,PD,D
13:36:21,JSMR,RG,4260,5,D,XA,PD,D
13:36:21,JSMR,RG,4260,1,D,AZ,PD,D
13:36:21,JSMR,RG,4260,5,D,HP,PD,D
13:36:21,JSMR,RG,4260,6,D,EP,PD,D
13:36:21,JSMR,RG,4260,7,D,GR,PD,D
13:35:20,JSMR,RG,4260,50,D,GR,YP,D
13:35:06,JSMR,RG,4260,60,D,GR,SQ,D
13:35:06,JSMR,RG,4260,70,D,OD,SQ,D
13:35:06,JSMR,RG,4260,20,D,YB,SQ,D
13:35:06,JSMR,RG,4260,300,D,AZ,SQ,D
13:35:06,JSMR,RG,4260,50,D,BK,SQ,D
13:34:54,JSMR,RG,4260,8,D,BK,DX,D
13:34:45,JSMR,RG,4260,24,D,BK,DR,D
13:34:03,JSMR,RG,4260,200,D,BK,PD,D
13:33:59,JSMR,RG,4260,79,D,BK,DR,D
13:33:46,JSMR,RG,4260,139,D,BK,SQ,D
13:33:46,JSMR,RG,4260,361,D,LG,SQ,D
13:33:26,JSMR,RG,4260,57,D,LG,DR,D
13:32:39,JSMR,RG,4260,78,D,LG,DR,D
13:32:25,JSMR,RG,4260,4,D,LG,DX,D
13:32:25,JSMR,RG,4260,3,D,LG,DX,D
13:31:56,JSMR,RG,4260,6,D,LG,CC,D
13:31:20,JSMR,RG,4260,11,D,LG,DR,D
13:31:20,JSMR,RG,4260,1,D,NI,DR,D
13:31:20,JSMR,RG,4260,124,D,LG,DR,D
13:30:21,JSMR,RG,4260,5,D,LG,NI,D
13:30:17,JSMR,RG,4270,1,D,YP,PD,D
13:30:16,JSMR,RG,4270,1,D,YP,PD,D
13:30:16,JSMR,RG,4270,1,D,YP,PD,D
13:30:16,JSMR,RG,4270,1,D,YP,PD,D
13:30:16,JSMR,RG,4270,12,D,YP,PD,D
13:30:15,JSMR,RG,4270,1,D,YP,PD,D
13:30:15,JSMR,RG,4270,1,D,YP,PD,D
13:30:15,JSMR,RG,4260,1,D,LG,YP,D
13:30:13,JSMR,RG,4260,10,D,LG,CC,D
13:30:13,JSMR,RG,4270,4,D,CC,PD,D
13:30:12,JSMR,RG,4260,4,D,LG,YP,D
13:30:11,JSMR,RG,4260,6,D,LG,XC,D
13:30:11,JSMR,RG,4260,2,D,AZ,XC,D
13:30:07,JSMR,RG,4260,5,D,AZ,SQ,D
13:30:07,JSMR,RG,4270,1,D,PD,PD,D
13:30:06,JSMR,RG,4270,1,D,PD,PD,D
13:30:05,JSMR,RG,4260,1,D,AZ,XC,D
13:30:05,JSMR,RG,4260,1,D,AZ,PD,D
13:30:05,JSMR,RG,4270,1,D,XA,PD,D
13:30:04,JSMR,RG,4260,2,D,AZ,HP,D
13:30:03,JSMR,RG,4270,20,D,ZP,PD,D
11:28:26,JSMR,RG,4260,7,D,AZ,DX,D
11:27:22,JSMR,RG,4270,10,D,PD,PD,D
11:27:13,JSMR,RG,4270,2,D,YP,PD,D
11:26:51,JSMR,RG,4270,5,D,CC,PD,D
11:26:07,JSMR,RG,4260,1,D,AZ,XC,D
11:26:05,JSMR,RG,4260,10,D,AZ,SQ,D
11:25:57,JSMR,RG,4260,8,D,AZ,DX,D
11:25:57,JSMR,RG,4260,4,D,AZ,YP,D
11:25:10,JSMR,RG,4260,259,D,AZ,AK,F
11:25:10,JSMR,RG,4260,10,D,CC,AK,F
11:25:10,JSMR,RG,4260,16,D,BB,AK,F
11:25:10,JSMR,RG,4260,1,D,PD,AK,F
11:25:08,JSMR,RG,4260,1,D,BK,PD,D
11:24:48,JSMR,RG,4260,286,D,BK,AK,F
11:24:47,JSMR,RG,4260,13,D,BK,PD,D
11:24:47,JSMR,RG,4260,25,D,LG,PD,D
11:24:47,JSMR,RG,4260,20,D,YB,PD,D
11:24:47,JSMR,RG,4260,142,D,AZ,PD,D
11:23:41,JSMR,RG,4260,20,D,AZ,NI,D
11:23:25,JSMR,RG,4260,9,D,AZ,DX,D
11:23:22,JSMR,RG,4270,10,D,BB,PD,D
11:23:01,JSMR,RG,4270,25,D,YJ,PD,D
11:22:40,JSMR,RG,4270,1,D,PD,PD,D
11:22:19,JSMR,RG,4270,2,D,XL,PD,D
11:22:10,JSMR,RG,4260,50,D,AZ,OD,D
11:21:28,JSMR,RG,4260,25,D,AZ,OD,D
11:21:25,JSMR,RG,4270,11,D,PD,PD,D
11:21:10,JSMR,RG,4260,54,D,AZ,AK,F
11:21:10,JSMR,RG,4260,1,D,PD,AK,F
11:21:10,JSMR,RG,4260,10,D,LG,AK,F
11:21:10,JSMR,RG,4260,1,D,BB,AK,F
11:21:10,JSMR,RG,4260,220,D,BK,AK,F
11:20:50,JSMR,RG,4260,9,D,BK,DX,D
11:20:20,JSMR,RG,4260,71,D,BK,PD,D
11:20:20,JSMR,RG,4260,129,D,ZP,PD,D
11:20:19,JSMR,RG,4260,1,D,ZP,CC,D
11:19:00,JSMR,RG,4260,5,D,ZP,SQ,D
11:17:56,JSMR,RG,4260,5,D,ZP,CC,D
11:17:15,JSMR,RG,4260,4,D,ZP,YU,D
11:16:43,JSMR,RG,4260,10,D,ZP,GR,D
11:16:43,JSMR,RG,4260,8,D,ZP,DX,D
11:16:43,JSMR,RG,4260,58,D,ZP,AK,F
11:16:43,JSMR,RG,4260,280,D,ZP,PD,D
11:16:43,JSMR,RG,4260,20,D,LG,PD,D
11:16:40,JSMR,RG,4260,159,D,BK,AK,F
11:16:40,JSMR,RG,4260,141,D,BK,PD,D
11:16:36,JSMR,RG,4250,2,D,AZ,PD,D
11:16:35,JSMR,RG,4260,20,D,LG,PD,D
11:16:22,JSMR,RG,4260,39,D,ZP,PD,D
11:16:22,JSMR,RG,4260,1,D,ZP,CC,D
11:16:22,JSMR,RG,4260,60,D,ZP,DR,D
11:15:43,JSMR,RG,4250,7,D,AZ,DX,D
11:15:21,JSMR,RG,4250,25,D,AZ,PD,D
11:14:40,JSMR,RG,4260,2,D,YP,DR,D
11:13:15,JSMR,RG,4250,8,D,AZ,DX,D
11:11:43,JSMR,RG,4250,17,D,AZ,CC,D
11:11:22,JSMR,RG,4250,3,D,AZ,DR,D
11:10:38,JSMR,RG,4250,9,D,AZ,DX,D
11:08:04,JSMR,RG,4250,7,D,AZ,DX,D
11:07:25,JSMR,RG,4260,1,D,NI,DR,D
11:07:22,JSMR,RG,4250,14,D,AZ,YP,D
11:07:22,JSMR,RG,4250,5,D,YP,YP,D
11:07:22,JSMR,RG,4250,3,D,BQ,YP,D
11:07:22,JSMR,RG,4250,19,D,NI,YP,D
11:06:54,JSMR,RG,4250,6,D,NI,YP,D
11:06:54,JSMR,RG,4250,94,D,AZ,YP,D
11:05:38,JSMR,RG,4260,2,D,XC,DR,D
11:05:35,JSMR,RG,4250,9,D,AZ,DX,D
11:04:58,JSMR,RG,4260,2,D,XC,DR,D
11:03:40,JSMR,RG,4260,1,D,PD,DR,D
11:03:35,JSMR,RG,4260,1,D,KK,DR,D
11:03:21,JSMR,RG,4260,1,D,PD,DR,D
11:03:08,JSMR,RG,4250,8,D,AZ,DX,D
11:02:46,JSMR,RG,4250,3,D,AZ,DR,D
11:02:44,JSMR,RG,4260,2,D,DR,DR,D
11:02:44,JSMR,RG,4260,1,D,BB,DR,D
11:02:44,JSMR,RG,4260,10,D,CC,DR,D
11:02:44,JSMR,RG,4260,300,D,AZ,DR,D
11:02:44,JSMR,RG,4260,117,D,BK,DR,D
11:02:03,JSMR,RG,4260,383,D,BK,PC,D
11:02:03,JSMR,RG,4260,10,D,YP,PC,D
11:02:03,JSMR,RG,4260,1,D,PD,PC,D
11:02:03,JSMR,RG,4260,53,D,BB,PC,D
11:02:03,JSMR,RG,4260,53,D,LG,PC,D
11:02:02,JSMR,RG,4260,175,D,LG,NI,D
11:01:08,JSMR,RG,4260,1,D,LG,OD,D
11:00:39,JSMR,RG,4260,7,D,LG,DX,D
11:00:31,JSMR,RG,4260,36,D,LG,DR,D
10:59:32,JSMR,RG,4270,23,D,CC,PD,D
10:59:32,JSMR,RG,4270,25,D,CC,YP,D
10:59:32,JSMR,RG,4270,2,D,CC,DR,D
10:59:12,JSMR,RG,4270,1,D,YU,DR,D
10:59:11,JSMR,RG,4260,264,D,LG,AK,F
10:59:10,JSMR,RG,4260,1,D,LG,XC,D
10:59:10,JSMR,RG,4260,100,D,LG,CC,D
10:58:03,JSMR,RG,4260,38,D,LG,DR,D
10:58:01,JSMR,RG,4260,9,D,LG,DX,D
10:55:23,JSMR,RG,4270,25,D,NI,DR,D
10:55:15,JSMR,RG,4260,5,D,LG,PD,D
10:55:11,JSMR,RG,4260,1,D,LG,IU,D
10:55:11,JSMR,RG,4260,1,D,LG,AT,D
10:54:46,JSMR,RG,4260,139,D,LG,DR,D
10:54:46,JSMR,RG,4260,12,D,LG,BK,F
10:54:46,JSMR,RG,4260,158,D,LG,PD,D
10:54:44,JSMR,RG,4260,42,D,LG,PD,D
10:54:44,JSMR,RG,4260,3,D,LG,XL,D
10:54:44,JSMR,RG,4260,177,D,LG,DR,D
10:54:44,JSMR,RG,4260,7,D,LG,DX,D
10:54:44,JSMR,RG,4260,771,D,LG,ZP,D
10:54:23,JSMR,RG,4260,20,D,YP,ZP,D
10:54:23,JSMR,RG,4260,500,D,AZ,ZP,D
10:54:23,JSMR,RG,4260,27,D,BB,ZP,D
10:54:23,JSMR,RG,4260,182,D,YJ,ZP,D
10:53:20,JSMR,RG,4260,18,D,YJ,BK,F
10:53:20,JSMR,RG,4260,5,D,YP,BK,F
10:53:20,JSMR,RG,4260,2,D,YB,BK,F
10:53:13,JSMR,RG,4260,8,D,YB,BK,F
10:53:13,JSMR,RG,4260,3,D,PD,BK,F
10:53:13,JSMR,RG,4260,27,D,BK,BK,F
10:52:57,JSMR,RG,4260,5,D,BK,PD,D
10:52:54,JSMR,RG,4260,8,D,BK,DX,D
10:52:52,JSMR,RG,4260,60,D,BK,CC,F
10:52:52,JSMR,RG,4260,1,D,XC,CC,F
10:52:52,JSMR,RG,4260,19,D,AZ,CC,F
10:52:43,JSMR,RG,4260,5,D,AZ,PD,D
10:52:32,JSMR,RG,4260,250,D,AZ,AK,F
10:52:31,JSMR,RG,4260,1,D,AZ,TP,D
10:52:14,JSMR,RG,4260,25,D,AZ,CC,D
10:52:14,JSMR,RG,4260,19,D,XC,CC,D
10:52:14,JSMR,RG,4260,100,D,BK,CC,D
10:52:14,JSMR,RG,4260,300,D,BK,CC,D
10:52:14,JSMR,RG,4260,3,D,YP,CC,D
10:52:14,JSMR,RG,4260,1,D,YP,CC,D
10:52:14,JSMR,RG,4260,52,D,AZ,CC,D
10:52:01,JSMR,RG,4260,248,D,AZ,YP,D
10:52:01,JSMR,RG,4260,30,D,BB,YP,D
10:52:01,JSMR,RG,4260,122,D,LG,YP,D
10:52:00,JSMR,RG,4260,100,D,LG,YP,D
10:52:00,JSMR,RG,4270,10,D,YP,DR,D
10:51:56,JSMR,RG,4260,1,D,LG,CC,D
10:51:27,JSMR,RG,4260,112,D,LG,DR,D
10:50:58,JSMR,RG,4270,4,D,BB,DR,D
10:50:39,JSMR,RG,4260,10,D,LG,ZP,D
10:50:37,JSMR,RG,4260,20,D,LG,CC,D
10:50:28,JSMR,RG,4260,9,D,LG,DX,D
10:50:01,JSMR,RG,4260,100,D,LG,PD,D
10:49:45,JSMR,RG,4260,27,D,LG,DR,D
10:49:44,JSMR,RG,4260,4,D,LG,KK,D
10:49:43,JSMR,RG,4260,104,D,LG,DR,D
10:48:59,JSMR,RG,4260,9,D,LG,XC,D
10:47:55,JSMR,RG,4260,7,D,LG,DX,D
10:45:50,JSMR,RG,4260,100,D,LG,PD,D
10:45:34,JSMR,RG,4260,5,D,LG,CC,D
10:45:29,JSMR,RG,4270,1,D,TF,DR,D
10:45:25,JSMR,RG,4260,8,D,LG,DX,D
10:45:11,JSMR,RG,4260,1,D,LG,CC,D
10:44:28,JSMR,RG,4260,1,D,LG,PD,D
10:41:49,JSMR,RG,4270,40,D,EP,DR,D
10:41:03,JSMR,RG,4260,50,D,LG,YP,D
10:40:46,JSMR,RG,4260,1,D,LG,XC,D
10:40:46,JSMR,RG,4260,9,D,LG,DX,D
10:40:46,JSMR,RG,4260,200,D,LG,DR,D
10:40:32,JSMR,RG,4250,5,D,AZ,GR,D
10:40:30,JSMR,RG,4250,38,D,AZ,DR,D
10:40:30,JSMR,RG,4250,1,F,OD,DR,D
10:40:25,JSMR,RG,4260,1,D,GR,DR,D
10:40:25,JSMR,RG,4260,1,D,XC,DR,D
10:40:25,JSMR,RG,4260,21,D,BB,DR,D
10:40:25,JSMR,RG,4260,128,D,BK,DR,D
10:40:23,JSMR,RG,4260,50,D,BK,DR,D
10:40:17,JSMR,RG,4260,22,D,BK,DR,D
10:40:17,JSMR,RG,4260,3,D,AZ,DR,D
10:40:15,JSMR,RG,4260,9,D,AZ,DX,D
10:40:02,JSMR,RG,4260,288,D,AZ,PD,D
10:40:02,JSMR,RG,4260,12,D,LG,PD,D
10:39:12,JSMR,RG,4260,250,D,LG,AK,F
10:39:11,JSMR,RG,4260,238,D,LG,AK,F
10:39:11,JSMR,RG,4260,12,D,XC,AK,F
10:39:10,JSMR,RG,4260,17,D,XC,AK,F
10:39:10,JSMR,RG,4260,8,D,XC,AK,F
10:39:10,JSMR,RG,4260,200,D,BK,AK,F
10:39:10,JSMR,RG,4260,25,D,ZP,AK,F
10:39:09,JSMR,RG,4260,25,D,ZP,AK,F
10:39:09,JSMR,RG,4260,50,D,YP,AK,F
10:39:09,JSMR,RG,4260,175,D,BK,AK,F
10:38:43,JSMR,RG,4260,25,D,BK,AK,F
10:38:43,JSMR,RG,4260,10,D,YP,AK,F
10:38:43,JSMR,RG,4260,10,D,YP,AK,F
10:38:43,JSMR,RG,4260,1,F,OD,AK,F
10:38:43,JSMR,RG,4260,200,D,AZ,AK,F
10:38:43,JSMR,RG,4260,4,D,LG,AK,F
10:38:41,JSMR,RG,4260,20,D,LG,XC,D
10:38:30,JSMR,RG,4260,1,D,LG,XC,D
10:38:04,JSMR,RG,4260,53,D,LG,DR,D
10:38:03,JSMR,RG,4260,182,D,LG,DR,D
10:37:49,JSMR,RG,4260,2,D,LG,NI,D
10:37:49,JSMR,RG,4260,7,D,LG,DX,D
10:37:43,JSMR,RG,4260,5,D,LG,OD,D
10:37:29,JSMR,RG,4260,10,D,LG,YP,D
10:36:28,JSMR,RG,4260,13,D,LG,YP,D
10:35:35,JSMR,RG,4260,24,D,LG,PD,D
10:35:12,JSMR,RG,4260,7,D,LG,DX,D
10:34:51,JSMR,RG,4270,12,D,PD,DR,D
10:34:29,JSMR,RG,4270,200,D,BK,DR,D
10:34:29,JSMR,RG,4270,200,D,AZ,DR,D
10:34:29,JSMR,RG,4270,200,D,BK,DR,D
10:34:29,JSMR,RG,4270,500,D,LG,DR,D
10:34:29,JSMR,RG,4270,4,D,OD,DR,D
10:34:29,JSMR,RG,4270,200,D,AZ,DR,D
10:34:29,JSMR,RG,4270,5,D,BB,DR,D
10:34:29,JSMR,RG,4270,1,D,NI,DR,D
10:34:29,JSMR,RG,4270,95,D,BK,DR,D
10:34:14,JSMR,RG,4270,5,D,BK,YP,D
10:34:14,JSMR,RG,4270,4,D,RG,YP,D
10:34:14,JSMR,RG,4270,11,D,YP,YP,D
10:33:36,JSMR,RG,4270,10,D,YP,GR,D
10:33:36,JSMR,RG,4270,1,D,XC,GR,D
10:33:36,JSMR,RG,4270,109,D,AZ,GR,D
10:33:33,JSMR,RG,4280,1,D,KK,FS,D
10:32:42,JSMR,RG,4270,9,D,AZ,DX,D
10:32:34,JSMR,RG,4270,1,D,AZ,XC,D
10:32:05,JSMR,RG,4270,5,D,AZ,EP,D
10:30:25,JSMR,RG,4280,1,D,AT,FS,D
10:30:16,JSMR,RG,4270,9,D,AZ,DX,D
10:29:48,JSMR,RG,4270,67,D,AZ,PD,D
10:29:48,JSMR,RG,4270,100,D,PD,PD,D
10:29:48,JSMR,RG,4270,33,D,BK,PD,D
10:29:37,JSMR,RG,4270,20,D,BK,LG,D
10:29:32,JSMR,RG,4270,47,D,BK,DR,D
10:29:32,JSMR,RG,4270,1,D,XC,DR,D
10:29:32,JSMR,RG,4270,5,D,BB,DR,D
10:29:32,JSMR,RG,4270,1,D,GR,DR,D
10:29:32,JSMR,RG,4270,5,D,YP,DR,D
10:29:32,JSMR,RG,4270,24,D,BK,DR,D
10:29:21,JSMR,RG,4270,76,D,BK,CP,D
10:29:21,JSMR,RG,4270,10,D,XC,CP,D
10:29:21,JSMR,RG,4270,14,D,EP,CP,D
10:29:21,JSMR,RG,4270,100,D,AZ,CP,D
10:28:16,JSMR,RG,4270,2,D,AZ,DR,D
10:27:43,JSMR,RG,4270,3,D,AZ,YP,D
10:27:42,JSMR,RG,4270,7,D,AZ,DX,D
10:27:23,JSMR,RG,4270,1,D,AZ,PD,D
10:27:19,JSMR,RG,4270,3,D,AZ,PD,D
10:26:23,JSMR,RG,4270,84,D,AZ,DR,D
10:26:23,JSMR,RG,4270,3,D,DR,DR,D
10:26:23,JSMR,RG,4270,9,D,BB,DR,D
10:26:23,JSMR,RG,4270,86,D,BK,DR,D
10:25:38,JSMR,RG,4270,10,D,BK,PD,D
10:25:31,JSMR,RG,4270,1,D,BK,KK,D
10:25:04,JSMR,RG,4270,3,D,BK,DX,D
10:25:04,JSMR,RG,4270,6,D,BK,DX,D
10:24:35,JSMR,RG,4280,2,D,BB,FS,D
10:24:35,JSMR,RG,4280,1,D,BB,CC,D
10:24:03,JSMR,RG,4270,1,D,BK,DH,D
10:22:52,JSMR,RG,4270,2,D,BK,DR,D
10:22:32,JSMR,RG,4270,1,D,BK,PD,D
10:22:28,JSMR,RG,4270,7,D,BK,DX,D
10:22:08,JSMR,RG,4270,10,D,BK,KK,D
10:22:02,JSMR,RG,4270,10,D,BK,PD,D
10:21:57,JSMR,RG,4270,1,D,BK,AZ,D
10:21:07,JSMR,RG,4270,5,D,BK,YP,D
10:20:58,JSMR,RG,4270,1,D,BK,XL,D
10:20:42,JSMR,RG,4270,1,D,BK,YP,D
10:20:23,JSMR,RG,4270,33,D,BK,DR,D
10:20:04,JSMR,RG,4270,21,D,BK,CC,D
10:20:04,JSMR,RG,4270,1,D,BK,XC,D
10:20:03,JSMR,RG,4270,2,D,EP,XC,D
10:19:58,JSMR,RG,4270,198,D,EP,AK,F
10:19:58,JSMR,RG,4270,2,D,YP,AK,F
10:19:58,JSMR,RG,4270,2,D,BB,AK,F
10:19:58,JSMR,RG,4270,2,D,CC,AK,F
10:19:58,JSMR,RG,4270,1,F,OD,AK,F
10:19:58,JSMR,RG,4270,45,D,BK,AK,F
10:19:58,JSMR,RG,4270,6,D,BK,DX,D
10:19:39,JSMR,RG,4270,1,D,BK,PD,D
10:19:37,JSMR,RG,4270,1,D,BK,XC,D
10:18:59,JSMR,RG,4270,20,D,BK,BQ,D
10:18:30,JSMR,RG,4270,27,D,BK,ZP,D
10:18:30,JSMR,RG,4270,59,D,BK,ZP,D
10:18:16,JSMR,RG,4270,41,D,BK,AK,F
10:18:16,JSMR,RG,4270,11,D,BB,AK,F
10:18:16,JSMR,RG,4270,198,D,LG,AK,F
10:18:02,JSMR,RG,4270,30,D,LG,DR,D
10:17:52,JSMR,RG,4280,4,D,BB,CC,D
10:17:46,JSMR,RG,4270,2,D,LG,DX,D
10:17:10,JSMR,RG,4270,1,D,LG,OD,D
10:17:10,JSMR,RG,4270,50,D,LG,AT,D
10:17:10,JSMR,RG,4270,96,D,LG,BK,F
10:17:10,JSMR,RG,4270,123,D,LG,GR,D
10:16:42,JSMR,RG,4270,1,D,XC,GR,D
10:16:40,JSMR,RG,4270,8,D,XC,GR,D
10:16:38,JSMR,RG,4270,50,D,YB,GR,D
10:16:33,JSMR,RG,4270,100,D,BK,GR,D
10:16:33,JSMR,RG,4270,100,D,BK,GR,D
10:16:33,JSMR,RG,4270,4,D,BB,GR,D
10:16:33,JSMR,RG,4270,17,D,ZP,GR,D
10:15:43,JSMR,RG,4270,3,D,ZP,CC,D
10:15:33,JSMR,RG,4270,19,D,AG,CC,D
10:15:33,JSMR,RG,4270,1,D,AG,YP,D
10:15:33,JSMR,RG,4270,18,D,AG,CC,D
10:15:33,JSMR,RG,4270,43,D,AG,BK,F
10:15:33,JSMR,RG,4270,8,D,AG,NI,D
10:15:33,JSMR,RG,4270,5,D,AG,YP,D
10:15:33,JSMR,RG,4270,162,D,AG,CC,D
10:15:33,JSMR,RG,4270,244,D,AG,DR,D
10:15:21,JSMR,RG,4270,1,D,KK,DR,D
10:15:18,JSMR,RG,4270,10,D,YP,DR,D
10:14:50,JSMR,RG,4270,8,D,BB,DR,D
10:14:40,JSMR,RG,4270,36,D,AZ,DR,D
10:14:40,JSMR,RG,4270,1,D,AZ,DR,D
10:14:40,JSMR,RG,4270,1,D,AZ,XC,D
10:14:40,JSMR,RG,4270,74,D,AZ,BK,F
10:14:40,JSMR,RG,4270,5,D,AZ,YP,D
10:14:40,JSMR,RG,4270,80,D,AZ,GR,D
10:14:40,JSMR,RG,4270,34,D,AZ,BK,F
10:14:40,JSMR,RG,4270,130,D,AZ,GR,D
10:14:40,JSMR,RG,4270,1,D,AZ,XC,D
10:14:40,JSMR,RG,4270,22,D,AZ,BK,F
10:14:40,JSMR,RG,4270,1,D,AZ,DR,D
10:14:40,JSMR,RG,4270,10,D,AZ,YP,D
10:14:40,JSMR,RG,4270,1,D,AZ,PD,D
10:14:40,JSMR,RG,4270,25,D,AZ,CC,D
10:14:40,JSMR,RG,4270,9,D,AZ,XC,D
10:14:40,JSMR,RG,4270,1,D,AZ,TF,D
10:14:40,JSMR,RG,4270,3,D,AZ,YP,D
10:14:40,JSMR,RG,4270,8,D,AZ,XL,D
10:14:40,JSMR,RG,4270,10,D,AZ,YP,D
10:14:40,JSMR,RG,4270,148,D,AZ,PD,D
10:14:03,JSMR,RG,4260,1,D,LG,XC,D
10:13:59,JSMR,RG,4270,20,D,YP,PD,D
10:13:39,JSMR,RG,4260,5,D,LG,CC,D
10:13:38,JSMR,RG,4260,8,D,LG,YP,D
10:13:08,JSMR,RG,4270,10,D,YP,PD,D
10:12:01,JSMR,RG,4270,9,D,BB,PD,D
10:11:34,JSMR,RG,4260,1,D,LG,PD,D
10:11:34,JSMR,RG,4260,78,D,LG,BK,F
10:11:34,JSMR,RG,4260,2,D,LG,YP,D
10:11:34,JSMR,RG,4260,15,D,LG,BK,F
10:11:34,JSMR,RG,4260,2,D,LG,PD,D
10:11:34,JSMR,RG,4260,1,D,LG,PD,D
10:11:34,JSMR,RG,4260,2,D,LG,CC,D
10:11:34,JSMR,RG,4260,12,D,LG,CC,D
10:11:34,JSMR,RG,4260,5,D,LG,CC,D
10:11:34,JSMR,RG,4260,2,D,LG,LG,D
10:11:34,JSMR,RG,4260,25,D,LG,CC,D
10:11:34,JSMR,RG,4260,13,D,LG,NI,D
10:10:13,JSMR,RG,4250,86,D,ZP,PD,D
10:10:13,JSMR,RG,4250,10,D,YP,PD,D
10:10:13,JSMR,RG,4250,4,D,AZ,PD,D
10:09:44,JSMR,RG,4260,32,D,NI,NI,D
10:09:44,JSMR,RG,4260,3,D,NI,CC,D
10:09:41,JSMR,RG,4260,2,D,CC,CC,D
10:09:39,JSMR,RG,4260,1,D,YP,IP,D
10:09:39,JSMR,RG,4260,1,D,YP,PD,D
10:09:39,JSMR,RG,4260,1,D,YP,LG,D
10:09:07,JSMR,RG,4260,8,D,BB,LG,D
10:08:50,JSMR,RG,4250,141,D,AZ,DR,D
10:08:50,JSMR,RG,4250,5,D,AZ,PD,D
10:08:42,JSMR,RG,4250,9,D,AZ,PD,D
10:08:42,JSMR,RG,4250,41,D,AZ,BK,F
10:08:42,JSMR,RG,4250,2,D,AZ,AZ,D
10:08:42,JSMR,RG,4250,100,D,AZ,PD,D
10:08:42,JSMR,RG,4250,3,D,AZ,PD,D
10:08:42,JSMR,RG,4250,25,D,AZ,BK,F
10:08:42,JSMR,RG,4250,5,D,AZ,DH,D
10:08:42,JSMR,RG,4250,15,D,AZ,DR,D
10:08:41,JSMR,RG,4250,50,D,YP,DR,D
10:08:39,JSMR,RG,4250,5,D,YP,DR,D
10:08:36,JSMR,RG,4250,50,D,DR,DR,D
10:08:20,JSMR,RG,4250,4,D,KK,DR,D
10:08:03,JSMR,RG,4250,17,D,YP,DR,D
10:08:03,JSMR,RG,4250,14,D,YP,BK,F
10:08:03,JSMR,RG,4250,19,D,YP,PD,D
10:07:46,JSMR,RG,4250,50,D,CC,PD,D
10:07:45,JSMR,RG,4250,1,D,SQ,PD,D
10:06:52,JSMR,RG,4250,1,D,DR,PD,D
10:06:48,JSMR,RG,4250,10,D,LG,PD,D
10:06:20,JSMR,RG,4250,10,D,LG,PD,D
10:06:16,JSMR,RG,4250,10,D,LG,PD,D
10:06:15,JSMR,RG,4250,2,D,BB,PD,D
10:06:04,JSMR,RG,4240,70,D,GR,KK,D
10:06:02,JSMR,RG,4250,2,D,EP,PD,D
10:05:48,JSMR,RG,4240,5,D,GR,PD,D
10:05:36,JSMR,RG,4240,5,D,GR,GR,D
10:04:33,JSMR,RG,4240,6,D,GR,PD,D
10:03:16,JSMR,RG,4250,50,D,YP,PD,D
10:03:16,JSMR,RG,4250,2,D,PD,PD,D
10:03:16,JSMR,RG,4250,2,D,YP,PD,D
10:03:16,JSMR,RG,4250,5,D,PD,PD,D
10:03:16,JSMR,RG,4250,3,D,BB,PD,D
10:03:16,JSMR,RG,4250,33,D,DR,PD,D
10:02:48,JSMR,RG,4250,5,D,DR,PD,D
10:02:30,JSMR,RG,4260,1,D,BB,LG,D
10:02:30,JSMR,RG,4260,2,D,BB,YP,D
10:01:54,JSMR,RG,4250,12,D,DR,BK,F
10:01:54,JSMR,RG,4250,50,D,DR,DR,D
10:01:50,JSMR,RG,4250,24,D,YP,DR,D
10:01:50,JSMR,RG,4250,26,D,YP,CP,D
10:01:32,JSMR,RG,4250,15,D,BB,CP,D
10:01:30,JSMR,RG,4250,100,D,BK,CP,D
10:01:28,JSMR,RG,4240,89,D,GR,DR,D
10:01:27,JSMR,RG,4250,1,D,YB,CP,D
10:01:20,JSMR,RG,4250,4,D,LG,CP,D
10:01:12,JSMR,RG,4250,1,D,BB,CP,D
10:01:12,JSMR,RG,4250,3,D,AG,CP,D
10:01:05,JSMR,RG,4250,94,D,AG,DR,D
10:01:05,JSMR,RG,4250,17,D,AG,BK,F
10:01:05,JSMR,RG,4250,5,D,AG,NI,D
10:01:05,JSMR,RG,4250,181,D,AG,PD,D
10:00:58,JSMR,RG,4250,19,D,AG,PD,D
10:00:58,JSMR,RG,4250,16,D,AG,BK,F
10:00:58,JSMR,RG,4250,200,D,AG,PD,D
10:00:58,JSMR,RG,4250,20,D,AG,YP,D
10:00:58,JSMR,RG,4250,21,D,AG,CC,D
10:00:58,JSMR,RG,4250,5,D,AG,DR,D
10:00:58,JSMR,RG,4250,20,D,AG,DR,D
10:00:58,JSMR,RG,4250,18,D,AG,BK,F
10:00:58,JSMR,RG,4250,10,D,AG,EP,D
10:00:58,JSMR,RG,4250,450,D,AG,YP,D
10:00:58,JSMR,RG,4250,77,D,AG,DR,D
10:00:58,JSMR,RG,4250,16,D,AG,BK,F
10:00:58,JSMR,RG,4250,128,D,AG,KK,D
10:00:55,JSMR,RG,4240,35,D,GR,GR,D
10:00:55,JSMR,RG,4240,12,D,YP,GR,D
10:00:55,JSMR,RG,4240,22,D,LG,GR,D
10:00:39,JSMR,RG,4240,5,D,LG,XC,D
10:00:22,JSMR,RG,4240,200,D,LG,PD,D
9:59:43,JSMR,RG,4240,100,D,LG,DR,D
9:59:27,JSMR,RG,4250,1,D,KK,KK,D
9:58:48,JSMR,RG,4250,123,D,LG,KK,D
9:58:48,JSMR,RG,4250,200,D,NI,KK,D
9:58:33,JSMR,RG,4240,2,D,LG,PD,D
9:58:27,JSMR,RG,4250,100,D,YP,KK,D
9:58:26,JSMR,RG,4250,1,D,AZ,KK,D
9:58:24,JSMR,RG,4250,7,D,PD,KK,D
9:56:47,JSMR,RG,4250,1,D,XC,KK,D
9:56:14,JSMR,RG,4250,10,D,DR,KK,D
9:56:11,JSMR,RG,4240,171,D,LG,PD,D
9:56:11,JSMR,RG,4240,5,D,PD,PD,D
9:56:11,JSMR,RG,4240,5,D,NI,PD,D
9:56:11,JSMR,RG,4240,19,D,DR,PD,D
9:55:57,JSMR,RG,4250,10,D,LG,KK,D
9:55:22,JSMR,RG,4240,1,D,DR,PD,D
9:55:22,JSMR,RG,4240,9,D,YJ,PD,D
9:55:03,JSMR,RG,4250,1,D,NI,KK,D
9:55:01,JSMR,RG,4250,1,D,LG,KK,D
9:54:46,JSMR,RG,4240,1,D,YJ,PD,D
9:53:58,JSMR,RG,4250,1,D,PD,KK,D
9:53:45,JSMR,RG,4250,11,D,YP,BK,F
9:53:45,JSMR,RG,4250,1,D,YP,DR,D
9:53:45,JSMR,RG,4250,88,D,YP,DR,D
9:53:33,JSMR,RG,4250,2,D,HP,DR,D
9:53:28,JSMR,RG,4250,1,D,NI,YP,D
9:53:22,JSMR,RG,4250,1,D,NI,YP,D
9:53:12,JSMR,RG,4250,1,D,PD,AK,F
9:53:12,JSMR,RG,4250,2,D,PD,AK,F
9:53:12,JSMR,RG,4250,50,D,DR,AK,F
9:53:12,JSMR,RG,4250,1,D,GR,AK,F
9:53:12,JSMR,RG,4250,1,D,EP,AK,F
9:53:12,JSMR,RG,4250,5,D,PD,AK,F
9:53:12,JSMR,RG,4250,71,D,BK,AK,F
9:53:11,JSMR,RG,4250,229,D,BK,AK,F
9:53:11,JSMR,RG,4250,5,D,ZP,AK,F
9:53:11,JSMR,RG,4250,16,D,KK,AK,F
9:53:10,JSMR,RG,4250,4,D,KK,AK,F
9:53:10,JSMR,RG,4250,20,D,XC,AK,F
9:53:10,JSMR,RG,4250,226,D,LG,AK,F
9:53:10,JSMR,RG,4250,239,D,LG,AK,F
9:53:09,JSMR,RG,4250,250,D,LG,AK,F
9:53:08,JSMR,RG,4250,250,D,LG,AK,F
9:52:53,JSMR,RG,4250,9,D,LG,DR,D
9:52:52,JSMR,RG,4250,1,D,LG,DR,D
9:52:44,JSMR,RG,4260,20,D,YP,DR,D
9:52:15,JSMR,RG,4250,4,D,LG,YP,D
9:52:09,JSMR,RG,4250,1,D,LG,OD,D
9:52:06,JSMR,RG,4250,20,D,LG,DR,D
9:52:06,JSMR,RG,4250,1,D,YJ,DR,D
9:52:06,JSMR,RG,4250,4,D,KK,DR,D
9:52:04,JSMR,RG,4250,5,D,KK,BQ,D
9:52:03,JSMR,RG,4260,10,D,LG,DR,D
9:51:40,JSMR,RG,4250,2,D,KK,PD,D
9:51:16,JSMR,RG,4250,9,D,KK,DR,D
9:51:16,JSMR,RG,4250,1,D,YU,DR,D
9:51:16,JSMR,RG,4250,10,D,YP,DR,D
9:51:16,JSMR,RG,4250,10,D,YP,DR,D
9:51:16,JSMR,RG,4250,5,D,CP,DR,D
9:51:16,JSMR,RG,4250,62,D,PD,DR,D
9:51:14,JSMR,RG,4250,25,D,PD,DR,D
9:51:07,JSMR,RG,4260,4,D,XC,DR,D
9:50:54,JSMR,RG,4250,2,D,PD,KK,D
9:50:30,JSMR,RG,4260,69,D,CC,DR,D
9:50:29,JSMR,RG,4250,11,D,PD,DR,D
9:50:29,JSMR,RG,4250,3,D,XL,DR,D
9:50:29,JSMR,RG,4250,21,D,OD,DR,D
9:50:18,JSMR,RG,4250,4,D,OD,PD,D
9:50:18,JSMR,RG,4250,16,D,YP,PD,D
9:50:06,JSMR,RG,4250,1,D,YP,NI,D
9:49:52,JSMR,RG,4250,3,D,YP,DR,D
9:49:43,JSMR,RG,4250,20,D,YP,DR,D
9:49:43,JSMR,RG,4250,3,D,CC,DR,D
9:49:43,JSMR,RG,4250,32,D,YP,DR,D
9:49:43,JSMR,RG,4250,23,D,YB,DR,D
9:49:43,JSMR,RG,4250,5,D,YP,DR,D
9:49:43,JSMR,RG,4250,30,D,LG,DR,D
9:49:41,JSMR,RG,4260,9,D,KK,DR,D
9:49:41,JSMR,RG,4260,36,D,KK,DR,D
9:49:27,JSMR,RG,4260,1,D,XC,DR,D
9:49:23,JSMR,RG,4260,3,D,AZ,DR,D
9:49:18,JSMR,RG,4260,24,D,OD,DR,D
9:48:13,JSMR,RG,4260,100,D,YP,DR,D
9:47:47,JSMR,RG,4260,1,D,PD,DR,D
9:47:16,JSMR,RG,4250,2,D,LG,PD,D
9:47:16,JSMR,RG,4250,20,D,LG,YU,D
9:47:06,JSMR,RG,4260,5,D,YP,DR,D
9:47:03,JSMR,RG,4260,1,D,SQ,DR,D
9:46:52,JSMR,RG,4260,5,D,CC,DR,D
9:46:45,JSMR,RG,4260,5,D,XC,DR,D
9:46:07,JSMR,RG,4260,1,D,YP,DR,D
9:46:07,JSMR,RG,4260,5,D,XC,DR,D
9:46:07,JSMR,RG,4260,25,D,XC,DR,D
9:46:07,JSMR,RG,4260,20,D,KK,DR,D
9:46:07,JSMR,RG,4260,15,D,XL,DR,D
9:46:07,JSMR,RG,4260,200,D,BK,DR,D
9:46:07,JSMR,RG,4260,53,D,AG,DR,D
9:45:57,JSMR,RG,4260,1,D,AG,SQ,D
9:45:20,JSMR,RG,4260,3,D,AG,PD,D
9:45:15,JSMR,RG,4270,5,D,SQ,PD,D
9:45:00,JSMR,RG,4270,2,D,YP,PD,D
9:44:46,JSMR,RG,4260,143,D,AG,YP,D
9:44:46,JSMR,RG,4260,1,D,YP,YP,D
9:44:46,JSMR,RG,4260,6,D,YJ,YP,D
9:44:26,JSMR,RG,4260,4,D,YJ,NI,D
9:44:20,JSMR,RG,4260,2,D,YJ,XC,D
9:43:22,JSMR,RG,4260,3,D,YJ,XC,D
9:43:13,JSMR,RG,4260,2,D,YJ,IU,D
9:42:26,JSMR,RG,4260,2,D,YJ,YP,D
9:42:13,JSMR,RG,4260,100,D,YJ,ZP,D
9:42:04,JSMR,RG,4270,5,D,NI,PD,D
9:41:12,JSMR,RG,4270,1,D,LG,PD,D
9:41:09,JSMR,RG,4270,1,D,XC,NI,D
9:40:33,JSMR,RG,4260,27,D,YJ,DR,D
9:40:19,JSMR,RG,4270,1,D,LG,CC,D
9:39:56,JSMR,RG,4270,1,D,CC,CC,D
9:39:55,JSMR,RG,4270,22,D,BK,CC,D
9:39:55,JSMR,RG,4270,12,D,BK,CC,D
9:39:55,JSMR,RG,4270,10,D,BK,CC,D
9:39:55,JSMR,RG,4270,2,D,BK,XC,D
9:39:55,JSMR,RG,4270,10,D,BK,CC,D
9:39:55,JSMR,RG,4270,26,D,BK,PD,D
9:39:55,JSMR,RG,4270,2,D,BK,YP,D
9:39:55,JSMR,RG,4270,10,D,BK,YP,D
9:39:55,JSMR,RG,4270,1,D,BK,YP,D
9:39:55,JSMR,RG,4270,5,D,BK,YP,D
9:39:12,JSMR,RG,4270,1,D,YP,CC,D
9:39:07,JSMR,RG,4260,30,D,YJ,DR,D
9:39:01,JSMR,RG,4260,24,D,YJ,DR,D
9:39:01,JSMR,RG,4260,50,D,PD,DR,D
9:39:01,JSMR,RG,4260,1,D,YP,DR,D
9:39:01,JSMR,RG,4260,4,D,YP,DR,D
9:39:01,JSMR,RG,4260,72,D,XC,DR,D
9:39:01,JSMR,RG,4260,10,D,KK,DR,D
9:39:01,JSMR,RG,4260,5,D,YP,DR,D
9:39:01,JSMR,RG,4260,109,D,KK,DR,D
9:39:01,JSMR,RG,4260,1,D,YJ,DR,D
9:39:01,JSMR,RG,4260,1,D,YU,DR,D
9:39:01,JSMR,RG,4260,20,D,KK,DR,D
9:39:01,JSMR,RG,4260,10,D,YP,DR,D
9:39:01,JSMR,RG,4260,100,D,AG,DR,D
9:39:01,JSMR,RG,4260,93,D,PD,DR,D
9:38:49,JSMR,RG,4270,3,D,PD,CC,D
9:38:46,JSMR,RG,4270,4,D,PD,CC,D
9:38:46,JSMR,RG,4270,3,D,PD,PD,D
9:38:40,JSMR,RG,4270,5,D,CC,PD,D
9:38:30,JSMR,RG,4270,7,D,PD,PD,D
9:38:30,JSMR,RG,4270,1,D,PD,SQ,D
9:38:29,JSMR,RG,4270,5,D,PD,SQ,D
9:38:22,JSMR,RG,4270,3,D,NI,SQ,D
9:38:03,JSMR,RG,4260,7,D,PD,DR,D
9:38:03,JSMR,RG,4260,12,D,YB,DR,D
9:38:03,JSMR,RG,4260,5,D,CD,DR,D
9:38:03,JSMR,RG,4260,3,D,YP,DR,D
9:37:32,JSMR,RG,4270,1,D,XC,SQ,D
9:37:13,JSMR,RG,4270,2,D,LG,SQ,D
9:37:07,JSMR,RG,4270,1,D,YJ,SQ,D
9:36:45,JSMR,RG,4270,1,D,PD,SQ,D
9:36:38,JSMR,RG,4270,25,D,TF,SQ,D
9:36:38,JSMR,RG,4270,1,D,XC,SQ,D
9:36:36,JSMR,RG,4270,10,D,AG,SQ,D
9:36:36,JSMR,RG,4270,1,D,AG,LS,D
9:36:36,JSMR,RG,4270,1,D,AG,XC,D
9:36:36,JSMR,RG,4270,288,D,AG,DR,D
9:36:12,JSMR,RG,4270,8,D,YP,DR,D
9:36:06,JSMR,RG,4270,5,D,BQ,DR,D
9:35:30,JSMR,RG,4270,1,D,XC,DR,D
9:35:28,JSMR,RG,4270,1,D,SQ,DR,D
9:35:09,JSMR,RG,4270,25,D,CC,DR,D
9:34:54,JSMR,RG,4270,1,D,KK,AK,F
9:34:54,JSMR,RG,4270,42,D,AG,AK,F
9:34:54,JSMR,RG,4270,58,D,AG,NI,D
9:34:54,JSMR,RG,4270,10,D,SQ,NI,D
9:34:54,JSMR,RG,4270,100,D,PD,NI,D
9:34:54,JSMR,RG,4270,1,D,YJ,NI,D
9:34:54,JSMR,RG,4270,1,D,YJ,NI,D
9:34:54,JSMR,RG,4270,330,D,LG,NI,D
9:34:42,JSMR,RG,4280,1,D,PD,XA,D
9:34:38,JSMR,RG,4280,1,D,YJ,XA,D
9:34:38,JSMR,RG,4280,2,D,PD,XA,D
9:34:38,JSMR,RG,4280,3,D,XC,XA,D
9:34:38,JSMR,RG,4280,49,D,AG,XA,D
9:34:37,JSMR,RG,4280,51,D,AG,PD,D
9:34:37,JSMR,RG,4280,1,D,YJ,PD,D
9:34:37,JSMR,RG,4280,10,D,CC,PD,D
9:34:37,JSMR,RG,4280,100,D,PD,PD,D
9:34:37,JSMR,RG,4280,5,D,ZP,PD,D
9:34:37,JSMR,RG,4280,33,D,LG,PD,D
9:34:32,JSMR,RG,4280,2,D,LG,XC,D
9:34:28,JSMR,RG,4280,250,D,LG,YP,D
9:34:18,JSMR,RG,4290,1,D,XC,SF,F
9:33:41,JSMR,RG,4290,10,D,CC,SF,F
9:33:41,JSMR,RG,4290,60,D,KK,SF,F
9:33:37,JSMR,RG,4290,1,D,KK,PD,D
9:33:34,JSMR,RG,4290,3,D,KK,OD,D
9:33:30,JSMR,RG,4290,1,D,KK,YP,D
9:33:26,JSMR,RG,4290,20,D,KK,DR,D
9:33:23,JSMR,RG,4290,15,D,KK,YP,D
9:33:23,JSMR,RG,4290,10,D,EP,YP,D
9:33:23,JSMR,RG,4290,1,D,YJ,YP,D
9:33:23,JSMR,RG,4290,14,D,AT,YP,D
9:33:11,JSMR,RG,4290,1,D,AT,DR,D
9:33:07,JSMR,RG,4290,5,D,AT,EP,D
9:32:59,JSMR,RG,4290,1,D,AT,YP,D
9:32:55,JSMR,RG,4290,18,D,AT,YP,D
9:32:36,JSMR,RG,4290,1,D,AT,KK,D
9:32:35,JSMR,RG,4290,10,D,AT,DR,D
9:32:26,JSMR,RG,4290,90,D,AG,DR,D
9:32:26,JSMR,RG,4290,4,D,AG,CC,D
9:32:26,JSMR,RG,4290,1,D,AG,PD,D
9:32:26,JSMR,RG,4290,100,D,AG,ZP,D
9:32:26,JSMR,RG,4290,1,D,AG,YP,D
9:32:26,JSMR,RG,4290,4,D,AG,PC,D
9:32:17,JSMR,RG,4290,1,D,YJ,PC,D
9:32:13,JSMR,RG,4280,5,D,LG,CC,D
9:31:57,JSMR,RG,4280,1,D,LG,YP,D
9:31:56,JSMR,RG,4280,1,D,LG,YP,D
9:31:56,JSMR,RG,4300,1,D,DR,XC,D
9:31:56,JSMR,RG,4300,179,D,ZP,XC,D
9:31:56,JSMR,RG,4300,1,D,ZP,XL,D
9:31:56,JSMR,RG,4300,3,D,ZP,KI,D
9:31:56,JSMR,RG,4300,2,D,ZP,YU,D
9:31:56,JSMR,RG,4300,5,D,ZP,YP,D
9:31:56,JSMR,RG,4290,20,D,ZP,CC,D
9:31:56,JSMR,RG,4290,100,D,ZP,HP,D
9:31:56,JSMR,RG,4290,24,D,ZP,CC,D
9:31:56,JSMR,RG,4290,10,D,ZP,DR,D
9:31:56,JSMR,RG,4290,2,D,ZP,NI,D
9:31:56,JSMR,RG,4290,2,D,ZP,CC,D
9:31:56,JSMR,RG,4290,1,D,ZP,PD,D
9:31:56,JSMR,RG,4290,5,D,ZP,KK,D
9:31:56,JSMR,RG,4290,1,D,ZP,CC,D
9:31:56,JSMR,RG,4290,5,D,ZP,YP,D
9:31:56,JSMR,RG,4290,5,D,ZP,CC,D
9:31:56,JSMR,RG,4290,20,D,ZP,DR,D
9:31:56,JSMR,RG,4290,1,D,ZP,PD,D
9:31:56,JSMR,RG,4290,1,D,ZP,OD,D
9:31:56,JSMR,RG,4290,22,D,ZP,CC,D
9:31:56,JSMR,RG,4290,192,D,ZP,YJ,D
9:31:56,JSMR,RG,4290,4,D,ZP,EP,D
9:31:56,JSMR,RG,4290,50,D,ZP,CC,D
9:31:56,JSMR,RG,4290,10,D,ZP,PD,D
9:31:56,JSMR,RG,4290,20,D,ZP,IP,D
9:31:56,JSMR,RG,4290,4,D,ZP,PD,D
9:31:56,JSMR,RG,4290,20,D,ZP,YP,D
9:31:56,JSMR,RG,4290,1,D,ZP,PD,D
9:31:56,JSMR,RG,4290,1,D,ZP,XC,D
9:31:56,JSMR,RG,4290,100,D,ZP,YP,D
9:31:56,JSMR,RG,4290,50,D,ZP,ZP,D
9:31:56,JSMR,RG,4290,1,D,ZP,CC,D
9:31:56,JSMR,RG,4290,1,D,ZP,YP,D
9:31:56,JSMR,RG,4290,20,D,ZP,OD,D
9:31:56,JSMR,RG,4290,1,D,ZP,PD,D
9:31:56,JSMR,RG,4290,3,D,ZP,YP,D
9:31:56,JSMR,RG,4290,10,D,ZP,CC,D
9:31:56,JSMR,RG,4290,10,D,ZP,YP,D
9:31:56,JSMR,RG,4290,1,D,ZP,YP,D
9:31:56,JSMR,RG,4290,6,D,ZP,PD,D
9:31:56,JSMR,RG,4290,86,D,ZP,ZP,D
9:31:55,JSMR,RG,4280,2,D,LG,AZ,D
9:31:54,JSMR,RG,4290,14,D,YP,ZP,D
9:31:54,JSMR,RG,4290,1,D,YP,PD,D
9:31:54,JSMR,RG,4290,1,D,YP,YU,D
9:31:49,JSMR,RG,4280,20,D,LG,TP,D
9:31:47,JSMR,RG,4290,1,D,PD,YU,D
9:31:47,JSMR,RG,4290,4,D,PD,YP,D
9:31:43,JSMR,RG,4280,2,D,LG,YP,D
9:31:41,JSMR,RG,4280,1,D,LG,YP,D
9:31:06,JSMR,RG,4280,2,D,LG,CC,D
9:31:05,JSMR,RG,4280,12,D,LG,XC,D
9:31:03,JSMR,RG,4290,1,D,YJ,YP,D
9:30:51,JSMR,RG,4280,9,D,LG,CC,D
9:30:45,JSMR,RG,4280,5,D,LG,YP,D
9:30:45,JSMR,RG,4280,1,D,LG,CC,D
9:30:45,JSMR,RG,4280,1,D,LG,XC,D
9:30:45,JSMR,RG,4280,3,D,LG,YP,D
9:30:45,JSMR,RG,4280,1,D,LG,PD,D
9:30:45,JSMR,RG,4280,1,D,LG,KK,D
9:30:45,JSMR,RG,4280,1,D,LG,PD,D
9:30:45,JSMR,RG,4280,343,D,LG,DR,D
9:30:45,JSMR,RG,4280,2,D,LG,YP,D
9:30:45,JSMR,RG,4280,10,D,LG,CC,D
9:30:45,JSMR,RG,4280,2,D,LG,NI,D
9:30:45,JSMR,RG,4280,10,D,LG,PD,D
9:30:45,JSMR,RG,4280,207,D,LG,DR,D
9:30:30,JSMR,RG,4280,1,D,XC,DR,D
9:30:29,JSMR,RG,4270,5,D,LG,PD,D
9:30:26,JSMR,RG,4280,30,D,CC,DR,D
9:30:18,JSMR,RG,4280,40,D,PD,DR,D
9:29:46,JSMR,RG,4280,15,D,PD,DR,D
9:29:37,JSMR,RG,4280,5,D,IF,DR,D
9:29:33,JSMR,RG,4280,1,D,CC,DR,D
9:29:31,JSMR,RG,4280,1,D,NI,DR,D
9:29:30,JSMR,RG,4280,23,D,XC,DR,D
9:29:27,JSMR,RG,4280,177,D,LG,DR,D
9:29:23,JSMR,RG,4280,1,D,LG,YP,D
9:29:23,JSMR,RG,4280,93,D,LG,DR,D
9:29:23,JSMR,RG,4280,79,D,LG,YP,D
9:29:17,JSMR,RG,4280,10,D,LG,YP,D
9:29:11,JSMR,RG,4280,5,D,LG,CC,D
9:29:11,JSMR,RG,4280,10,D,LG,TP,D
9:29:11,JSMR,RG,4280,4,D,LG,EP,D
9:29:11,JSMR,RG,4280,2,D,LG,NI,D
9:29:11,JSMR,RG,4280,1,D,LG,PD,D
9:29:11,JSMR,RG,4280,20,D,LG,CC,D
9:29:11,JSMR,RG,4280,10,D,LG,PD,D
9:29:11,JSMR,RG,4280,1,D,LG,CC,D
9:29:11,JSMR,RG,4280,60,D,LG,SQ,D
9:29:11,JSMR,RG,4280,2,D,LG,CC,D
9:29:11,JSMR,RG,4280,5,D,LG,DR,D
9:29:11,JSMR,RG,4280,20,D,LG,YP,D
9:29:11,JSMR,RG,4280,2,D,LG,CC,D
9:29:11,JSMR,RG,4280,1,D,LG,OD,D
9:29:11,JSMR,RG,4280,100,D,LG,ZP,D
9:29:11,JSMR,RG,4280,1,D,LG,KK,D
9:29:11,JSMR,RG,4280,2,D,LG,YP,D
9:29:11,JSMR,RG,4280,3,D,LG,AT,D
9:29:11,JSMR,RG,4280,6,D,LG,DR,D
9:29:11,JSMR,RG,4280,20,D,LG,NI,D
9:29:11,JSMR,RG,4280,5,D,LG,PD,D
9:29:11,JSMR,RG,4280,9,D,LG,NI,D
9:29:11,JSMR,RG,4280,51,D,LG,GR,D
9:29:08,JSMR,RG,4270,1,D,LG,KK,D
9:29:07,JSMR,RG,4280,6,D,LG,GR,D
9:29:02,JSMR,RG,4270,100,D,LG,ZP,D
9:29:01,JSMR,RG,4280,2,D,HP,GR,D
9:28:57,JSMR,RG,4270,4,D,LG,EP,D
9:28:53,JSMR,RG,4270,16,D,LG,DR,D
9:28:52,JSMR,RG,4270,12,D,LG,KK,D
9:28:47,JSMR,RG,4270,15,D,LG,CC,D
9:28:47,JSMR,RG,4270,5,D,LG,CC,D
9:28:47,JSMR,RG,4270,12,D,LG,CC,D
9:28:47,JSMR,RG,4270,6,D,LG,CC,D
9:28:40,JSMR,RG,4270,27,D,LG,CC,D
9:28:40,JSMR,RG,4270,473,D,LG,DR,D
9:28:39,JSMR,RG,4270,6,D,LG,DR,D
9:28:39,JSMR,RG,4270,8,D,LG,DR,D
9:28:35,JSMR,RG,4270,1,D,XC,DR,D
9:28:35,JSMR,RG,4270,12,D,LG,DR,D
9:28:28,JSMR,RG,4270,20,D,LG,YP,D
9:28:28,JSMR,RG,4270,3,D,LG,XC,D
9:28:28,JSMR,RG,4270,5,D,LG,SQ,D
9:28:28,JSMR,RG,4270,1,D,LG,PD,D
9:28:28,JSMR,RG,4270,20,D,LG,PD,D
9:28:28,JSMR,RG,4270,1,D,LG,KK,D
9:28:28,JSMR,RG,4270,438,D,LG,DR,D
9:28:18,JSMR,RG,4270,5,D,YP,DR,D
9:28:17,JSMR,RG,4270,12,D,HP,DR,D
9:28:13,JSMR,RG,4270,3,D,YP,DR,D
9:28:12,JSMR,RG,4270,40,D,PD,DR,D
9:28:12,JSMR,RG,4270,2,D,ZP,DR,D
9:28:10,JSMR,RG,4270,18,D,ZP,SQ,D
9:28:03,JSMR,RG,4270,2,D,YP,SQ,D
9:27:57,JSMR,RG,4280,155,D,IF,GR,D
9:27:57,JSMR,RG,4270,1,D,IF,CC,D
9:27:57,JSMR,RG,4270,10,D,IF,CC,D
9:27:57,JSMR,RG,4270,114,D,IF,AI,D
9:27:57,JSMR,RG,4270,20,D,IF,CC,D
9:27:57,JSMR,RG,4270,19,D,IF,LG,D
9:27:57,JSMR,RG,4270,128,D,IF,YP,D
9:27:57,JSMR,RG,4270,1,D,IF,CC,D
9:27:57,JSMR,RG,4270,2,D,IF,YP,D
9:27:57,JSMR,RG,4270,500,D,IF,IN,D
9:27:16,JSMR,RG,4270,5,D,YJ,PD,D
9:27:01,JSMR,RG,4280,18,D,YP,GR,D
9:26:54,JSMR,RG,4280,5,D,YP,GR,D
9:26:47,JSMR,RG,4280,239,D,LG,GR,D
9:26:46,JSMR,RG,4280,4,D,CC,GR,D
9:26:46,JSMR,RG,4270,1,D,CC,ZP,D
9:26:46,JSMR,RG,4270,50,D,DR,ZP,D
9:26:46,JSMR,RG,4270,1,D,PD,ZP,D
9:26:46,JSMR,RG,4270,10,D,CC,ZP,D
9:26:46,JSMR,RG,4270,23,D,YB,ZP,D
9:26:46,JSMR,RG,4270,5,D,YP,ZP,D
9:26:46,JSMR,RG,4270,10,D,ZP,ZP,D
9:26:42,JSMR,RG,4280,1,D,YP,GR,D
9:26:28,JSMR,RG,4280,100,D,ZP,GR,D
9:26:27,JSMR,RG,4280,419,D,ZP,GR,D
9:26:27,JSMR,RG,4280,2,D,ZP,NI,D
9:26:27,JSMR,RG,4280,20,D,ZP,CC,D
9:26:27,JSMR,RG,4280,2,D,ZP,YP,D
9:26:27,JSMR,RG,4280,1,D,ZP,PD,D
9:26:27,JSMR,RG,4280,1,D,ZP,KK,D
9:26:27,JSMR,RG,4280,13,D,ZP,YP,D
9:26:27,JSMR,RG,4280,25,D,ZP,YP,D
9:26:27,JSMR,RG,4280,1,D,ZP,GR,D
9:26:27,JSMR,RG,4280,100,D,ZP,CC,D
9:26:27,JSMR,RG,4280,5,D,ZP,CC,D
9:26:27,JSMR,RG,4280,19,D,ZP,DR,D
9:26:27,JSMR,RG,4280,21,D,ZP,PD,D
9:26:27,JSMR,RG,4280,2,D,ZP,YU,D
9:26:27,JSMR,RG,4280,5,D,ZP,YP,D
9:26:20,JSMR,RG,4270,3,F,AK,PD,D
9:26:20,JSMR,RG,4270,20,F,AK,DR,D
9:26:20,JSMR,RG,4270,20,F,AK,CC,D
9:26:20,JSMR,RG,4270,54,F,AK,CC,D
9:26:19,JSMR,RG,4270,46,F,AK,CC,D
9:26:19,JSMR,RG,4270,5,F,AK,ZP,D
9:26:19,JSMR,RG,4270,100,F,AK,YP,D
9:26:19,JSMR,RG,4270,1,F,AK,NI,D
9:26:19,JSMR,RG,4270,10,F,AK,PD,D
9:26:19,JSMR,RG,4270,1,F,AK,PD,D
9:26:19,JSMR,RG,4270,1,F,AK,KK,D
9:26:19,JSMR,RG,4270,10,F,AK,DR,D
9:26:19,JSMR,RG,4270,5,F,AK,YP,D
9:26:19,JSMR,RG,4270,1,F,AK,PD,D
9:26:19,JSMR,RG,4270,70,F,AK,CC,D
9:26:19,JSMR,RG,4270,30,D,PD,CC,D
9:26:19,JSMR,RG,4270,2,D,PD,YU,D
9:26:19,JSMR,RG,4270,500,D,DR,XA,D
9:26:16,JSMR,RG,4260,200,D,ZP,PD,D
9:26:13,JSMR,RG,4260,3,D,ZP,PD,D
9:26:13,JSMR,RG,4260,1,D,ZP,KK,D
9:26:13,JSMR,RG,4260,1,D,ZP,XC,D
9:26:13,JSMR,RG,4260,3,D,ZP,YP,D
9:26:13,JSMR,RG,4260,14,D,ZP,BK,F
9:26:13,JSMR,RG,4260,142,D,ZP,YP,D
9:26:11,JSMR,RG,4260,5,D,CD,YP,D
9:26:02,JSMR,RG,4260,3,D,YP,YP,D
9:25:51,JSMR,RG,4260,500,D,DR,YP,D
9:25:49,JSMR,RG,4250,1,D,LG,YP,D
9:25:47,JSMR,RG,4260,3,F,AK,NI,D
9:25:47,JSMR,RG,4260,16,F,AK,BK,F
9:25:47,JSMR,RG,4260,10,F,AK,NI,D
9:25:47,JSMR,RG,4260,5,F,AK,PD,D
9:25:47,JSMR,RG,4260,50,F,AK,SQ,D
9:25:47,JSMR,RG,4260,26,F,AK,CC,D
9:25:47,JSMR,RG,4260,1,F,AK,CC,D
9:25:47,JSMR,RG,4260,2,F,AK,HP,D
9:25:47,JSMR,RG,4260,1,F,AK,PD,D
9:25:47,JSMR,RG,4260,70,F,AK,GR,D
9:25:46,JSMR,RG,4260,4,D,XC,GR,D
9:25:44,JSMR,RG,4260,250,F,AK,GR,D
9:25:43,JSMR,RG,4260,250,F,AK,GR,D
9:25:42,JSMR,RG,4260,176,F,AK,GR,D
9:25:42,JSMR,RG,4260,50,F,AK,PD,D
9:25:42,JSMR,RG,4260,15,F,AK,PD,D
9:25:42,JSMR,RG,4260,5,F,AK,YP,D
9:25:42,JSMR,RG,4260,4,F,AK,PD,D
9:25:41,JSMR,RG,4260,1,D,YP,PD,D
9:25:41,JSMR,RG,4260,1,D,PD,PD,D
9:25:41,JSMR,RG,4260,11,D,YP,PD,D
9:25:40,JSMR,RG,4250,6,D,LG,SQ,D
9:25:40,JSMR,RG,4260,8,D,NI,PD,D
9:25:40,JSMR,RG,4260,1,D,NI,YU,D
9:25:40,JSMR,RG,4250,1,D,LG,KK,D
9:25:40,JSMR,RG,4250,5,D,LG,YB,D
9:25:40,JSMR,RG,4250,60,D,LG,CC,D
9:25:40,JSMR,RG,4250,38,D,LG,BK,F
9:25:40,JSMR,RG,4250,11,D,LG,DR,D
9:25:40,JSMR,RG,4250,2,D,LG,SQ,D
9:25:40,JSMR,RG,4250,40,D,LG,YP,D
9:25:40,JSMR,RG,4250,10,D,LG,CC,D
9:25:40,JSMR,RG,4250,1,D,LG,PD,D
9:25:40,JSMR,RG,4250,4,D,LG,YP,D
9:25:40,JSMR,RG,4250,119,D,LG,CD,D
9:25:40,JSMR,RG,4250,1,D,LG,YP,D
9:25:40,JSMR,RG,4250,4,D,LG,XL,D
9:25:40,JSMR,RG,4250,20,D,LG,CC,D
9:25:40,JSMR,RG,4250,75,D,LG,KI,D
9:25:40,JSMR,RG,4250,15,D,LG,YP,D
9:25:40,JSMR,RG,4250,400,D,LG,CC,D
9:25:40,JSMR,RG,4250,1,D,LG,PD,D
9:25:40,JSMR,RG,4250,27,D,LG,PD,D
9:25:40,JSMR,RG,4250,1,D,LG,ZP,D
9:25:40,JSMR,RG,4250,1,D,LG,PD,D
9:25:40,JSMR,RG,4250,4,D,LG,XC,D
9:25:40,JSMR,RG,4250,2,D,LG,XC,D
9:25:40,JSMR,RG,4250,2,D,LG,XC,D
9:25:40,JSMR,RG,4250,10,D,LG,PD,D
9:25:40,JSMR,RG,4250,2,D,LG,OD,D
9:25:40,JSMR,RG,4250,1,D,LG,GR,D
9:25:40,JSMR,RG,4250,100,D,LG,OD,D
9:25:40,JSMR,RG,4250,5,D,LG,YP,D
9:25:40,JSMR,RG,4250,50,D,LG,CC,D
9:25:40,JSMR,RG,4250,4,D,LG,CC,D
9:25:40,JSMR,RG,4250,15,D,LG,CC,D
9:25:40,JSMR,RG,4250,40,D,LG,SQ,D
9:25:40,JSMR,RG,4250,976,D,LG,DH,D
9:25:40,JSMR,RG,4250,5,D,LG,LS,D
9:25:40,JSMR,RG,4250,8,D,LG,PD,D
9:25:40,JSMR,RG,4250,4,D,LG,EP,D
9:25:40,JSMR,RG,4250,130,D,LG,CD,D
9:25:40,JSMR,RG,4250,1,D,LG,YU,D
9:25:40,JSMR,RG,4250,10,D,LG,DR,D
9:25:40,JSMR,RG,4250,15,D,LG,TP,D
9:25:40,JSMR,RG,4250,1,D,LG,PD,D
9:25:40,JSMR,RG,4250,15,D,LG,XL,D
9:25:40,JSMR,RG,4250,5,D,LG,YP,D
9:25:36,JSMR,RG,4240,90,D,YJ,PD,D
9:24:02,JSMR,RG,4240,40,F,AK,YP,D
9:24:02,JSMR,RG,4240,5,F,AK,CC,D
9:24:02,JSMR,RG,4240,1,F,AK,DH,D
9:24:02,JSMR,RG,4240,1,F,AK,XC,D
9:24:02,JSMR,RG,4240,6,F,AK,XC,D
9:24:02,JSMR,RG,4240,1,F,AK,XC,D
9:24:02,JSMR,RG,4240,14,F,AK,BK,F
9:24:02,JSMR,RG,4240,175,F,AK,GR,D
9:24:01,JSMR,RG,4240,75,F,AK,GR,D
9:24:01,JSMR,RG,4240,50,F,AK,YP,D
9:24:01,JSMR,RG,4240,10,F,AK,PD,D
9:24:01,JSMR,RG,4240,115,F,AK,PD,D
9:24:00,JSMR,RG,4240,85,F,AK,PD,D
9:24:00,JSMR,RG,4240,10,F,AK,HD,D
9:24:00,JSMR,RG,4240,25,F,AK,HD,D
9:24:00,JSMR,RG,4240,5,F,AK,XC,D
9:24:00,JSMR,RG,4240,10,F,AK,NI,D
9:24:00,JSMR,RG,4240,100,F,AK,YP,D
9:24:00,JSMR,RG,4240,1,F,AK,PD,D
9:24:00,JSMR,RG,4240,14,F,AK,CC,D
9:23:59,JSMR,RG,4230,4,D,YP,BQ,D
9:23:20,JSMR,RG,4230,50,D,YP,NI,D
9:23:18,JSMR,RG,4240,1,D,LG,CC,D
9:23:18,JSMR,RG,4240,1,D,LG,DH,D
9:23:18,JSMR,RG,4240,1,D,LG,PD,D
9:23:18,JSMR,RG,4240,7,D,LG,YP,D
9:23:12,JSMR,RG,4230,9,D,YP,CC,D
9:23:01,JSMR,RG,4230,29,D,YP,YP,D
9:22:43,JSMR,RG,4230,18,D,YP,BK,F
9:22:43,JSMR,RG,4230,18,D,YP,CC,D
9:22:36,JSMR,RG,4230,2,D,XL,CC,D
9:22:36,JSMR,RG,4230,5,D,CC,CC,D
9:22:36,JSMR,RG,4230,6,F,BK,CC,D
9:22:36,JSMR,RG,4230,1,D,NI,CC,D
9:22:36,JSMR,RG,4230,18,D,PD,CC,D
9:21:55,JSMR,RG,4230,20,D,PD,SQ,D
9:21:27,JSMR,RG,4230,62,D,PD,PD,D
9:21:27,JSMR,RG,4230,25,D,KK,PD,D
9:21:27,JSMR,RG,4230,62,D,DR,PD,D
9:20:45,JSMR,RG,4240,3,D,YP,YP,D
9:20:44,JSMR,RG,4240,1,D,YP,PC,D
9:20:44,JSMR,RG,4240,5,D,YP,CC,D
9:20:44,JSMR,RG,4240,1,D,YP,DR,D
9:20:44,JSMR,RG,4240,1,D,YP,DR,D
9:20:44,JSMR,RG,4240,1,D,YB,DR,D
9:20:44,JSMR,RG,4240,2,D,DR,DR,D
9:20:44,JSMR,RG,4240,2,D,YB,DR,D
9:20:44,JSMR,RG,4240,2,D,IF,DR,D
9:20:43,JSMR,RG,4240,5,D,PD,DR,D
9:20:43,JSMR,RG,4240,3,D,PD,XC,D
9:20:43,JSMR,RG,4240,10,D,PD,PD,D
9:20:43,JSMR,RG,4240,5,D,PD,YP,D
9:20:43,JSMR,RG,4240,4,D,PD,OD,D
9:20:43,JSMR,RG,4240,5,D,PD,CC,D
9:20:43,JSMR,RG,4240,8,D,PD,CC,D
9:20:43,JSMR,RG,4240,8,D,PD,PD,D
9:20:43,JSMR,RG,4240,1,D,PD,CC,D
9:20:43,JSMR,RG,4240,1,D,PD,KK,D
9:20:43,JSMR,RG,4240,50,D,PD,YP,D
9:20:34,JSMR,RG,4230,1,D,DR,BQ,D
9:20:16,JSMR,RG,4230,100,D,DR,DR,D
9:19:42,JSMR,RG,4230,1,D,DR,EP,D
9:19:36,JSMR,RG,4230,316,D,DR,DR,D
9:19:36,JSMR,RG,4230,1,D,PD,DR,D
9:19:36,JSMR,RG,4230,683,D,YP,DR,D
9:19:35,JSMR,RG,4230,2,D,YP,NI,D
9:19:29,JSMR,RG,4230,10,D,YP,XC,D
9:19:26,JSMR,RG,4230,73,D,YP,XA,D
9:18:38,JSMR,RG,4230,1,D,YP,GR,D
9:18:38,JSMR,RG,4230,14,D,YP,OD,D
9:18:38,JSMR,RG,4230,10,D,YP,YP,D
9:18:38,JSMR,RG,4230,10,D,YP,DH,D
9:18:38,JSMR,RG,4230,4,D,YP,DR,D
9:18:38,JSMR,RG,4230,193,D,YP,DR,D
9:18:32,JSMR,RG,4230,12,D,CC,DR,D
9:18:17,JSMR,RG,4220,10,D,LG,PD,D
9:17:32,JSMR,RG,4230,1,D,DH,DR,D
9:17:13,JSMR,RG,4220,7,D,LG,YP,D
9:17:08,JSMR,RG,4220,25,D,LG,CC,D
9:16:17,JSMR,RG,4220,5,D,LG,AZ,D
9:16:14,JSMR,RG,4230,3,D,PD,DR,D
9:16:01,JSMR,RG,4230,4,D,XC,DR,D
9:15:57,JSMR,RG,4230,5,D,PD,DR,D
9:15:47,JSMR,RG,4230,1,D,NI,DR,D
9:15:32,JSMR,RG,4230,1,D,NI,DR,D
9:15:27,JSMR,RG,4220,25,D,LG,ZP,D
9:15:10,JSMR,RG,4230,5,D,PD,DR,D
9:15:04,JSMR,RG,4230,25,D,YP,DR,D
9:15:01,JSMR,RG,4230,2,D,YP,LS,D
9:15:01,JSMR,RG,4230,98,D,YP,DR,D
9:15:01,JSMR,RG,4230,25,D,DH,DR,D
9:14:51,JSMR,RG,4230,19,D,YP,DR,D
9:14:37,JSMR,RG,4230,119,F,AK,DR,D
9:14:37,JSMR,RG,4230,1,F,AK,OD,D
9:14:37,JSMR,RG,4230,2,F,AK,HP,D
9:14:37,JSMR,RG,4230,100,F,AK,DR,D
9:14:37,JSMR,RG,4230,5,F,AK,NI,D
9:14:37,JSMR,RG,4230,23,F,AK,GR,D
9:14:29,JSMR,RG,4230,20,D,XC,GR,D
9:14:14,JSMR,RG,4230,7,D,YP,GR,D
9:13:53,JSMR,RG,4230,1,D,CC,PD,D
9:13:47,JSMR,RG,4220,2,D,LG,YP,D
9:13:17,JSMR,RG,4220,6,D,LG,SQ,D
9:13:08,JSMR,RG,4230,5,D,DH,YP,D
9:12:56,JSMR,RG,4230,2,D,HP,EP,D
9:12:56,JSMR,RG,4230,1,D,HP,PD,D
9:12:56,JSMR,RG,4230,2,D,HP,NI,D
9:12:05,JSMR,RG,4220,10,D,LG,YP,D
9:11:51,JSMR,RG,4220,25,D,LG,OD,D
9:11:51,JSMR,RG,4220,50,D,LG,PD,D
9:11:51,JSMR,RG,4220,8,D,LG,NI,D
9:11:51,JSMR,RG,4220,300,D,LG,PD,D
9:11:51,JSMR,RG,4220,12,D,LG,IF,D
9:11:51,JSMR,RG,4220,26,D,LG,EP,D
9:11:51,JSMR,RG,4220,15,D,LG,HD,D
9:11:51,JSMR,RG,4220,25,D,LG,HD,D
9:11:51,JSMR,RG,4220,150,D,LG,DR,D
9:11:51,JSMR,RG,4220,45,D,LG,AK,F
9:11:49,JSMR,RG,4210,100,D,LG,SQ,D
9:11:08,JSMR,RG,4210,2,D,LG,KK,D
9:10:05,JSMR,RG,4220,8,D,YP,AK,F
9:10:05,JSMR,RG,4220,12,D,YP,DR,D
9:09:53,JSMR,RG,4220,5,D,AZ,DR,D
9:09:42,JSMR,RG,4220,10,D,CC,DR,D
9:09:22,JSMR,RG,4220,2,D,CC,DR,D
9:09:22,JSMR,RG,4220,5,D,CC,DR,D
9:09:22,JSMR,RG,4220,30,D,LG,DR,D
9:09:22,JSMR,RG,4220,36,D,LG,DR,D
9:09:17,JSMR,RG,4220,2,D,LG,YP,D
9:09:15,JSMR,RG,4220,19,D,LG,PD,D
9:09:13,JSMR,RG,4220,3,D,LG,SQ,D
9:09:13,JSMR,RG,4220,60,D,LG,PD,D
9:09:07,JSMR,RG,4220,250,D,LG,GR,D
9:09:06,JSMR,RG,4230,19,D,ZP,PD,D
9:09:06,JSMR,RG,4230,6,D,ZP,DH,D
9:08:57,JSMR,RG,4230,15,D,LG,DH,D
9:08:32,JSMR,RG,4230,2,D,HP,DH,D
9:07:51,JSMR,RG,4220,6,D,LG,BK,F
9:07:51,JSMR,RG,4220,26,D,LG,BK,F
9:07:51,JSMR,RG,4220,53,D,LG,AK,F
9:07:51,JSMR,RG,4220,10,D,LG,YP,D
9:07:51,JSMR,RG,4220,135,D,LG,CC,F
9:07:38,JSMR,RG,4220,3,D,CC,CC,F
9:07:06,JSMR,RG,4210,92,D,LG,PD,D
9:07:06,JSMR,RG,4220,63,D,ZP,CC,F
9:07:06,JSMR,RG,4220,3,D,ZP,PD,D
9:07:06,JSMR,RG,4220,20,D,ZP,PD,D
9:07:06,JSMR,RG,4220,33,D,ZP,BK,F
9:07:06,JSMR,RG,4220,281,D,ZP,PD,D
9:07:03,JSMR,RG,4210,249,D,LG,CD,D
9:07:03,JSMR,RG,4210,50,D,YB,CD,D
9:07:03,JSMR,RG,4210,200,D,LG,CD,D
9:07:03,JSMR,RG,4210,1,D,YU,CD,D
9:07:03,JSMR,RG,4210,100,D,LG,CD,D
9:07:00,JSMR,RG,4220,19,D,DH,PD,D
9:07:00,JSMR,RG,4220,5,D,DH,YP,D
9:07:00,JSMR,RG,4220,26,D,DH,BK,F
9:06:58,JSMR,RG,4210,2,D,LG,YP,D
9:06:45,JSMR,RG,4220,1,D,YU,BK,F
9:06:18,JSMR,RG,4210,16,D,LG,XC,D
9:06:13,JSMR,RG,4200,10,D,YP,KK,D
9:05:58,JSMR,RG,4200,4,D,YP,AK,F
9:05:58,JSMR,RG,4200,5,D,XC,AK,F
9:05:58,JSMR,RG,4200,1,D,YP,AK,F
9:05:58,JSMR,RG,4200,5,D,OD,AK,F
9:05:58,JSMR,RG,4200,5,D,YP,AK,F
9:05:58,JSMR,RG,4200,20,D,CC,AK,F
9:05:58,JSMR,RG,4200,5,D,YP,AK,F
9:05:58,JSMR,RG,4200,5,D,YP,AK,F
9:05:58,JSMR,RG,4200,10,D,LG,AK,F
9:05:58,JSMR,RG,4200,1,D,LG,AK,F
9:05:58,JSMR,RG,4200,70,D,AG,AK,F
9:05:58,JSMR,RG,4210,119,D,LG,AK,F
9:05:57,JSMR,RG,4200,11,D,AG,BK,F
9:05:54,JSMR,RG,4200,19,D,AG,BK,F
9:05:51,JSMR,RG,4210,10,D,DR,AK,F
9:05:51,JSMR,RG,4210,286,D,YP,AK,F
9:05:50,JSMR,RG,4210,250,D,YP,AK,F
9:05:49,JSMR,RG,4210,250,D,YP,AK,F
9:05:49,JSMR,RG,4220,1,D,AO,BK,F
9:05:49,JSMR,RG,4220,69,D,AO,AK,F
9:05:48,JSMR,RG,4210,214,D,YP,AK,F
9:05:48,JSMR,RG,4210,36,D,LG,AK,F
9:05:47,JSMR,RG,4210,10,D,LG,AK,F
9:05:47,JSMR,RG,4210,25,D,GR,AK,F
9:05:47,JSMR,RG,4210,5,D,DR,AK,F
9:05:47,JSMR,RG,4210,10,D,CC,AK,F
9:05:47,JSMR,RG,4210,200,D,ZP,AK,F
9:05:39,JSMR,RG,4220,100,D,CC,AK,F
9:05:21,JSMR,RG,4220,10,D,CC,AK,F
9:05:06,JSMR,RG,4220,1,D,HP,AK,F
9:05:06,JSMR,RG,4220,1,D,HP,BK,F
9:04:48,JSMR,RG,4210,1,D,ZP,PD,D
9:04:47,JSMR,RG,4220,16,D,YP,BK,F
9:04:47,JSMR,RG,4220,78,D,YP,CC,F
9:04:47,JSMR,RG,4220,1,D,YP,PD,D
9:04:47,JSMR,RG,4220,5,D,YP,XC,D
9:04:41,JSMR,RG,4220,21,D,EP,XC,D
9:04:40,JSMR,RG,4220,1,D,EP,YP,D
9:04:03,JSMR,RG,4220,1,D,EP,PD,D
9:04:03,JSMR,RG,4220,6,D,EP,BK,F
9:04:03,JSMR,RG,4220,4,D,EP,PD,D
9:03:57,JSMR,RG,4220,10,D,ZP,PD,D
9:03:57,JSMR,RG,4220,15,D,ZP,KK,D
9:03:57,JSMR,RG,4220,50,D,ZP,HP,D
9:03:57,JSMR,RG,4220,250,D,ZP,AK,F
9:03:57,JSMR,RG,4220,275,D,ZP,IN,D
9:03:52,JSMR,RG,4220,5,D,DR,IN,D
9:03:51,JSMR,RG,4210,4,D,ZP,XC,D
9:03:43,JSMR,RG,4220,12,D,DR,IN,D
9:03:37,JSMR,RG,4220,1,D,YU,IN,D
9:03:35,JSMR,RG,4220,10,D,CC,IN,D
9:03:33,JSMR,RG,4210,25,D,ZP,KK,D
9:03:15,JSMR,RG,4220,10,D,LG,IN,D
9:02:59,JSMR,RG,4220,1,D,NI,IN,D
9:02:38,JSMR,RG,4210,4,D,ZP,PD,D
9:02:38,JSMR,RG,4210,50,D,ZP,DR,D
9:02:38,JSMR,RG,4210,15,D,ZP,YP,D
9:02:38,JSMR,RG,4210,190,D,ZP,AK,F
9:02:38,JSMR,RG,4210,11,D,ZP,PD,D
9:02:33,JSMR,RG,4200,4,D,EP,YP,D
9:02:24,JSMR,RG,4210,3,D,DR,PD,D
9:02:22,JSMR,RG,4210,1,D,NI,PD,D
9:02:19,JSMR,RG,4210,2,D,PD,PD,D
9:02:10,JSMR,RG,4210,20,D,LG,PD,D
9:01:45,JSMR,RG,4210,60,D,LG,PD,D
9:01:41,JSMR,RG,4210,11,D,YP,PD,D
9:01:41,JSMR,RG,4210,20,D,SQ,PD,D
9:01:41,JSMR,RG,4210,1,D,KK,PD,D
9:01:41,JSMR,RG,4210,11,D,YP,PD,D
9:01:41,JSMR,RG,4210,25,D,YP,PD,D
9:01:41,JSMR,RG,4210,30,D,DR,PD,D
9:01:41,JSMR,RG,4210,100,D,AG,PD,D
9:01:41,JSMR,RG,4210,5,D,XC,PD,D
9:01:38,JSMR,RG,4210,5,D,XC,PD,D
9:01:32,JSMR,RG,4220,1,D,EP,IN,D
9:01:28,JSMR,RG,4210,10,D,DR,IU,D
9:01:11,JSMR,RG,4220,10,D,YP,IN,D
9:01:08,JSMR,RG,4220,8,D,LG,IN,D
9:00:53,JSMR,RG,4220,3,D,KK,IN,D
9:00:53,JSMR,RG,4220,6,D,LG,IN,D
9:00:31,JSMR,RG,4220,1,D,PC,IN,D
9:00:28,JSMR,RG,4220,30,D,CC,IN,D
9:00:28,JSMR,RG,4220,10,D,CC,IN,D
9:00:27,JSMR,RG,4220,10,D,OD,IN,D
9:00:22,JSMR,RG,4220,50,D,DR,IN,D
9:00:22,JSMR,RG,4220,25,D,SQ,IN,D
9:00:22,JSMR,RG,4220,3,D,PD,IN,D
9:00:22,JSMR,RG,4220,25,D,YP,IN,D
9:00:22,JSMR,RG,4220,1,D,KK,IN,D
9:00:22,JSMR,RG,4220,3,D,OD,IN,D
9:00:16,JSMR,RG,4220,2,D,OD,NI,D
9:00:16,JSMR,RG,4230,20,D,PD,DH,D
9:00:14,JSMR,RG,4230,20,D,SQ,DH,D
9:00:12,JSMR,RG,4230,2,D,XC,DH,D
9:00:12,JSMR,RG,4230,5,D,XC,DH,D
9:00:12,JSMR,RG,4230,1,D,PD,DH,D
9:00:11,JSMR,RG,4230,4,D,KK,DH,D
9:00:11,JSMR,RG,4230,25,D,PD,DH,D
9:00:11,JSMR,RG,4230,25,D,PD,HP,D
9:00:09,JSMR,RG,4230,1,D,PD,HP,D
9:00:08,JSMR,RG,4230,23,D,YP,HP,D
9:00:07,JSMR,RG,4230,11,D,YP,HP,D
9:00:07,JSMR,RG,4230,14,D,YP,KK,D
9:00:06,JSMR,RG,4230,100,D,DR,KK,D
9:00:05,JSMR,RG,4230,100,D,YP,KK,D
9:00:05,JSMR,RG,4230,186,D,PF,KK,D
9:00:05,JSMR,RG,4230,5,D,PF,PD,D
9:00:05,JSMR,RG,4230,8,D,PF,PD,D
9:00:05,JSMR,RG,4230,1,D,PF,EP,D
9:00:00,JSMR,RG,4230,3,D,YB,EP,D
9:00:00,JSMR,RG,4230,1,D,YB,YU,D
8:55:00,JSMR,RG,4230,19,D,AG,YU,D
8:55:00,JSMR,RG,4230,81,D,AG,DR,D
8:55:00,JSMR,RG,4230,169,D,YP,DR,D
8:55:00,JSMR,RG,4230,81,D,YP,PD,D
8:55:00,JSMR,RG,4230,38,D,DR,PD,D
8:55:00,JSMR,RG,4230,4,D,DR,CC,D
8:55:00,JSMR,RG,4230,5,D,DR,PD,D
8:55:00,JSMR,RG,4230,2,D,DR,LG,D
8:55:00,JSMR,RG,4230,1,D,DR,PD,D