Time,Stock,Brd,Price,Qty,BT,BC,SC,ST
15:14:15,JSMR,RG,4180,29,F,SQ,DR,D
15:10:52,JSMR,RG,4180,3,F,SQ,HP,D
15:10:35,JSMR,RG,4180,60,F,SQ,YP,D
15:05:01,JSMR,RG,4180,1,F,SQ,XC,D
15:05:00,JSMR,RG,4180,1742,F,SQ,MG,D
15:05:00,JSMR,RG,4180,2,F,SQ,DR,D
15:00:00,JSMR,RG,4180,146,F,SQ,CS,F
15:00:00,JSMR,RG,4180,20,F,SQ,GR,D
15:00:00,JSMR,RG,4180,3,F,SQ,GR,D
15:00:00,JSMR,RG,4180,65,F,SQ,BQ,D
15:00:00,JSMR,RG,4180,1,D,DR,BQ,D
15:00:00,JSMR,RG,4180,3,D,XC,BQ,D
15:00:00,JSMR,RG,4180,5,D,CC,BQ,D
15:00:00,JSMR,RG,4180,10,D,AI,BQ,D
15:00:00,JSMR,RG,4180,11,D,DR,BQ,D
15:00:00,JSMR,RG,4180,3,D,CC,BQ,D
15:00:00,JSMR,RG,4180,102,D,GR,BQ,D
15:00:00,JSMR,RG,4180,98,D,GR,BQ,D
15:00:00,JSMR,RG,4180,200,D,GR,KK,D
15:00:00,JSMR,RG,4180,1,D,GR,XC,D
15:00:00,JSMR,RG,4180,3,D,GR,YP,F
15:00:00,JSMR,RG,4180,251,D,GR,LG,D
15:00:00,JSMR,RG,4180,4,D,OD,LG,D
15:00:00,JSMR,RG,4180,145,D,LG,LG,D
15:00:00,JSMR,RG,4180,10,D,LG,YP,D
14:49:57,JSMR,RG,4170,2,D,TP,YP,D
14:49:20,JSMR,RG,4170,8,D,TP,ZP,F
14:49:20,JSMR,RG,4170,10,D,LG,ZP,F
14:49:20,JSMR,RG,4170,10,D,HP,ZP,F
14:49:20,JSMR,RG,4170,2,D,XC,ZP,F
14:49:20,JSMR,RG,4170,10,D,YP,ZP,F
14:49:20,JSMR,RG,4170,5,D,XC,ZP,F
14:49:20,JSMR,RG,4170,6,D,YP,ZP,F
14:49:20,JSMR,RG,4170,4,D,XC,ZP,F
14:49:20,JSMR,RG,4170,10,D,YP,ZP,F
14:49:20,JSMR,RG,4170,5,D,CC,ZP,F
14:49:20,JSMR,RG,4170,50,D,DR,ZP,F
14:49:20,JSMR,RG,4170,5,D,CC,ZP,F
14:49:20,JSMR,RG,4170,2,D,YP,ZP,F
14:49:20,JSMR,RG,4170,5,D,YP,ZP,F
14:49:20,JSMR,RG,4170,3,D,DR,ZP,F
14:49:20,JSMR,RG,4170,100,D,YP,ZP,F
14:49:20,JSMR,RG,4170,2,D,XC,ZP,F
14:49:20,JSMR,RG,4170,8,D,DR,ZP,F
14:49:03,JSMR,RG,4180,8,D,CC,BQ,D
14:48:57,JSMR,RG,4170,2,D,DR,XC,D
14:48:53,JSMR,RG,4170,20,D,DR,ZP,F
14:48:53,JSMR,RG,4170,1,D,XC,ZP,F
14:48:53,JSMR,RG,4170,2,D,KK,ZP,F
14:48:53,JSMR,RG,4170,33,D,CP,ZP,F
14:48:52,JSMR,RG,4170,7,D,CP,ZP,F
14:48:52,JSMR,RG,4170,1,D,XC,ZP,F
14:48:52,JSMR,RG,4170,2,D,XC,ZP,F
14:48:52,JSMR,RG,4170,1,D,KK,ZP,F
14:48:52,JSMR,RG,4170,1,D,BQ,ZP,F
14:48:52,JSMR,RG,4170,3,D,YP,ZP,F
14:48:52,JSMR,RG,4170,12,D,CC,ZP,F
14:48:35,JSMR,RG,4180,94,D,YU,BQ,D
14:48:35,JSMR,RG,4180,6,D,YU,AG,D
14:48:27,JSMR,RG,4180,1,D,KK,AG,D
14:48:24,JSMR,RG,4170,16,D,CC,CP,D
14:48:19,JSMR,RG,4180,30,D,GR,AG,D
14:48:19,JSMR,RG,4170,19,D,CC,ZP,F
14:48:04,JSMR,RG,4170,6,D,CC,KZ,D
14:48:04,JSMR,RG,4170,1,D,CC,KZ,D
14:48:04,JSMR,RG,4170,10,D,CC,KZ,D
14:48:04,JSMR,RG,4170,1,D,CC,KZ,D
14:48:04,JSMR,RG,4170,2,D,CC,KZ,D
14:48:04,JSMR,RG,4170,4,D,CC,KZ,D
14:48:01,JSMR,RG,4170,16,D,CC,ZP,F
14:48:00,JSMR,RG,4180,50,D,GR,AG,D
14:47:55,JSMR,RG,4170,3,D,CC,AK,F
14:47:44,JSMR,RG,4170,18,D,CC,ZP,F
14:47:44,JSMR,RG,4180,10,D,EP,AG,D
14:47:29,JSMR,RG,4170,14,D,CC,ZP,F
14:47:09,JSMR,RG,4170,19,D,CC,ZP,F
14:46:49,JSMR,RG,4170,30,D,CC,ZP,F
14:46:27,JSMR,RG,4170,13,D,CC,ZP,F
14:46:18,JSMR,RG,4170,1,D,CC,XC,D
14:46:09,JSMR,RG,4170,20,D,CC,ZP,F
14:45:49,JSMR,RG,4170,17,D,CC,ZP,F
14:45:39,JSMR,RG,4170,6,D,CC,KZ,D
14:45:29,JSMR,RG,4170,21,D,CC,ZP,F
14:45:25,JSMR,RG,4170,14,D,CC,CC,D
14:45:14,JSMR,RG,4170,19,D,CC,ZP,F
14:44:54,JSMR,RG,4170,18,D,CC,ZP,F
14:44:34,JSMR,RG,4170,13,D,CC,ZP,F
14:44:14,JSMR,RG,4170,16,D,CC,ZP,F
14:43:55,JSMR,RG,4170,15,D,CC,ZP,F
14:43:39,JSMR,RG,4170,12,D,CC,ZP,F
14:43:19,JSMR,RG,4170,11,D,CC,ZP,F
14:42:59,JSMR,RG,4170,14,D,CC,ZP,F
14:42:39,JSMR,RG,4170,14,D,CC,ZP,F
14:42:24,JSMR,RG,4170,15,D,CC,ZP,F
14:42:04,JSMR,RG,4170,17,D,CC,ZP,F
14:41:44,JSMR,RG,4180,3,D,PD,AG,D
14:41:44,JSMR,RG,4180,4,D,PD,AG,D
14:40:59,JSMR,RG,4170,9,D,CC,ZP,F
14:40:29,JSMR,RG,4180,14,D,EP,AG,D
14:39:46,JSMR,RG,4180,10,D,XC,AG,D
14:39:34,JSMR,RG,4170,8,D,CC,KZ,D
14:39:30,JSMR,RG,4170,11,D,CC,ZP,F
14:39:29,JSMR,RG,4170,60,D,CC,KK,D
14:39:14,JSMR,RG,4170,10,D,CC,ZP,F
14:38:54,JSMR,RG,4170,10,D,CC,ZP,F
14:38:34,JSMR,RG,4170,9,D,CC,ZP,F
14:38:27,JSMR,RG,4180,5,D,CC,AG,D
14:38:24,JSMR,RG,4170,55,D,CC,KK,D
14:38:24,JSMR,RG,4170,25,D,YP,KK,D
14:38:24,JSMR,RG,4170,20,D,EP,KK,D
14:38:14,JSMR,RG,4170,3,D,LG,ZP,F
14:38:14,JSMR,RG,4170,1,D,XC,ZP,F
14:38:14,JSMR,RG,4170,6,D,NI,ZP,F
14:37:54,JSMR,RG,4170,4,D,NI,ZP,F
14:37:54,JSMR,RG,4170,1,D,XC,ZP,F
14:37:54,JSMR,RG,4170,1,D,XC,ZP,F
14:37:54,JSMR,RG,4170,4,D,NI,ZP,F
14:37:39,JSMR,RG,4170,6,D,NI,ZP,F
14:37:39,JSMR,RG,4170,1,D,DX,ZP,F
14:37:18,JSMR,RG,4170,7,D,DX,ZP,F
14:36:59,JSMR,RG,4170,9,D,DX,ZP,F
14:36:53,JSMR,RG,4170,2,D,DX,PD,D
14:36:39,JSMR,RG,4170,8,D,DX,ZP,F
14:36:24,JSMR,RG,4170,8,D,DX,ZP,F
14:36:09,JSMR,RG,4170,8,D,DX,ZP,F
14:35:49,JSMR,RG,4170,7,D,DX,ZP,F
14:35:49,JSMR,RG,4170,1,D,YP,ZP,F
14:35:29,JSMR,RG,4170,1,D,YP,ZP,F
14:35:29,JSMR,RG,4170,1,D,KK,ZP,F
14:35:29,JSMR,RG,4170,3,D,KK,ZP,F
14:35:12,JSMR,RG,4170,6,D,KK,CC,D
14:35:09,JSMR,RG,4170,6,D,KK,ZP,F
14:34:54,JSMR,RG,4170,7,D,KK,ZP,F
14:34:34,JSMR,RG,4170,3,D,KK,ZP,F
14:34:34,JSMR,RG,4170,2,D,XC,ZP,F
14:32:37,JSMR,RG,4180,1,D,YU,AG,D
14:32:37,JSMR,RG,4180,1,D,KK,AG,D
14:32:37,JSMR,RG,4180,1,D,XC,AG,D
14:32:37,JSMR,RG,4180,20,D,EP,AG,D
14:32:37,JSMR,RG,4180,1,D,PD,AG,D
14:32:37,JSMR,RG,4180,1,D,KK,AG,D
14:32:37,JSMR,RG,4180,42,F,YU,AG,D
14:32:12,JSMR,RG,4180,55,F,YU,ZP,F
14:32:11,JSMR,RG,4180,100,F,YU,CC,D
14:31:59,JSMR,RG,4180,8,F,YU,ZP,F
14:31:44,JSMR,RG,4180,7,F,YU,ZP,F
14:31:24,JSMR,RG,4180,8,F,YU,ZP,F
14:31:24,JSMR,RG,4180,4,F,YU,KZ,D
14:31:04,JSMR,RG,4180,7,F,YU,ZP,F
14:30:44,JSMR,RG,4180,7,F,YU,ZP,F
14:30:24,JSMR,RG,4180,6,F,YU,ZP,F
14:30:04,JSMR,RG,4180,8,F,YU,ZP,F
14:29:44,JSMR,RG,4180,7,F,YU,ZP,F
14:29:44,JSMR,RG,4180,27,F,YU,PD,D
14:29:44,JSMR,RG,4180,3,D,PD,PD,D
14:29:29,JSMR,RG,4180,2,D,PD,ZP,F
14:29:29,JSMR,RG,4180,5,D,PD,ZP,F
14:29:29,JSMR,RG,4180,3,F,SQ,ZP,F
14:29:09,JSMR,RG,4180,9,F,SQ,ZP,F
14:28:49,JSMR,RG,4180,9,F,SQ,ZP,F
14:28:38,JSMR,RG,4180,100,F,SQ,BQ,D
14:28:29,JSMR,RG,4180,10,F,SQ,ZP,F
14:28:09,JSMR,RG,4180,9,F,SQ,ZP,F
14:27:54,JSMR,RG,4180,5,F,SQ,KZ,D
14:27:49,JSMR,RG,4180,7,F,SQ,ZP,F
14:27:34,JSMR,RG,4180,8,F,SQ,ZP,F
14:27:24,JSMR,RG,4180,7,F,SQ,KZ,D
14:27:14,JSMR,RG,4180,9,F,SQ,ZP,F
14:26:54,JSMR,RG,4180,9,F,SQ,ZP,F
14:26:43,JSMR,RG,4180,4,F,SQ,YP,D
14:26:35,JSMR,RG,4180,7,F,SQ,ZP,F
14:26:28,JSMR,RG,4180,100,F,SQ,SQ,D
14:26:21,JSMR,RG,4190,10,D,KK,XA,D
14:26:19,JSMR,RG,4180,9,F,SQ,ZP,F
14:25:58,JSMR,RG,4180,3,F,SQ,ZP,F
14:25:03,JSMR,RG,4190,2,D,KK,XA,D
14:24:30,JSMR,RG,4190,1,D,KK,XA,D
14:24:28,JSMR,RG,4180,200,F,SQ,BQ,D
14:24:19,JSMR,RG,4180,150,F,SQ,BQ,D
14:23:42,JSMR,RG,4190,3,D,PD,XA,D
14:22:39,JSMR,RG,4180,300,F,SQ,BQ,D
14:20:48,JSMR,RG,4180,111,F,SQ,CC,D
14:20:34,JSMR,RG,4180,200,F,SQ,BQ,D
14:20:34,JSMR,RG,4180,65,F,SQ,ZP,F
14:20:34,JSMR,RG,4180,3,F,SQ,YP,D
14:20:34,JSMR,RG,4180,7,F,SQ,ZP,F
14:20:34,JSMR,RG,4180,4,F,SQ,KZ,D
14:20:34,JSMR,RG,4180,6,F,SQ,ZP,F
14:20:34,JSMR,RG,4180,1006,F,SQ,HP,D
14:20:34,JSMR,RG,4180,5,F,SQ,ZP,F
14:20:34,JSMR,RG,4180,24,F,SQ,ZP,F
14:20:34,JSMR,RG,4180,111,F,SQ,BQ,D
14:20:34,JSMR,RG,4170,6,D,XC,ZP,F
14:20:14,JSMR,RG,4170,5,D,XC,ZP,F
14:20:04,JSMR,RG,4170,3,D,XC,KZ,D
14:20:04,JSMR,RG,4170,2,D,YP,KZ,D
14:19:54,JSMR,RG,4170,3,D,YP,ZP,F
14:19:54,JSMR,RG,4170,3,D,NI,ZP,F
14:19:34,JSMR,RG,4170,6,D,NI,ZP,F
14:19:14,JSMR,RG,4170,2,D,NI,ZP,F
14:19:14,JSMR,RG,4170,1,D,LG,ZP,F
14:19:14,JSMR,RG,4170,3,D,PD,ZP,F
14:19:07,JSMR,RG,4170,5,D,PD,YP,D
14:19:07,JSMR,RG,4170,3,D,CC,YP,D
14:19:07,JSMR,RG,4170,1,D,XC,YP,D
14:19:07,JSMR,RG,4170,1,D,YP,YP,D
14:19:07,JSMR,RG,4170,1,D,NI,YP,D
14:19:07,JSMR,RG,4170,9,D,NI,YP,D
14:18:55,JSMR,RG,4170,1,D,NI,DR,D
14:18:54,JSMR,RG,4170,3,D,YP,ZP,F
14:18:54,JSMR,RG,4170,2,D,YP,ZP,F
14:18:34,JSMR,RG,4170,1,D,YP,ZP,F
14:18:34,JSMR,RG,4170,5,D,CC,ZP,F
14:18:14,JSMR,RG,4170,5,D,CC,ZP,F
14:17:54,JSMR,RG,4170,6,D,CC,ZP,F
14:17:34,JSMR,RG,4170,6,D,CC,ZP,F
14:17:19,JSMR,RG,4170,4,D,CC,KZ,D
14:17:14,JSMR,RG,4170,4,D,CC,ZP,F
14:16:57,JSMR,RG,4170,6,D,CC,ZP,F
14:16:39,JSMR,RG,4170,3,D,CC,ZP,F
14:16:39,JSMR,RG,4170,2,D,YP,ZP,F
14:16:19,JSMR,RG,4170,5,D,CC,ZP,F
14:16:19,JSMR,RG,4170,1,D,PD,ZP,F
14:15:59,JSMR,RG,4170,6,D,PD,ZP,F
14:15:48,JSMR,RG,4180,20,D,PD,BQ,D
14:15:40,JSMR,RG,4170,3,D,PD,ZP,F
14:15:40,JSMR,RG,4170,2,D,EP,ZP,F
14:15:24,JSMR,RG,4170,5,D,EP,ZP,F
14:15:06,JSMR,RG,4170,3,D,EP,ZP,F
14:15:06,JSMR,RG,4170,3,D,DH,ZP,F
14:14:49,JSMR,RG,4170,6,D,DH,ZP,F
14:14:29,JSMR,RG,4170,1,D,DH,ZP,F
14:14:29,JSMR,RG,4170,6,D,KK,ZP,F
14:14:09,JSMR,RG,4170,6,D,KK,ZP,F
14:13:49,JSMR,RG,4170,2,D,KK,ZP,F
14:13:32,JSMR,RG,4180,40,D,OD,BQ,D
14:13:09,JSMR,RG,4180,3,D,PD,BQ,D
14:12:52,JSMR,RG,4180,1,D,NI,BQ,D
14:10:53,JSMR,RG,4180,5,D,PD,BQ,D
14:10:52,JSMR,RG,4180,2,D,XC,BQ,D
14:09:24,JSMR,RG,4180,18,D,CD,BQ,D
14:09:24,JSMR,RG,4180,3,D,CD,HP,D
14:09:24,JSMR,RG,4180,1,D,CD,CC,D
14:09:24,JSMR,RG,4180,2,D,CD,XC,D
14:09:24,JSMR,RG,4180,26,D,CD,YP,D
14:09:24,JSMR,RG,4180,68,D,CD,ZP,F
14:09:24,JSMR,RG,4180,5,D,CD,ZP,F
14:09:24,JSMR,RG,4180,6,D,CD,ZP,F
14:09:24,JSMR,RG,4180,6,D,CD,ZP,F
14:09:24,JSMR,RG,4180,7,D,CD,KZ,D
14:09:24,JSMR,RG,4180,5,D,CD,KZ,D
14:09:24,JSMR,RG,4180,53,D,CD,BQ,D
14:09:24,JSMR,RG,4170,6,D,KK,ZP,F
14:09:04,JSMR,RG,4170,5,D,KK,ZP,F
14:08:44,JSMR,RG,4170,5,D,KK,ZP,F
14:08:44,JSMR,RG,4170,1,D,PD,ZP,F
14:08:24,JSMR,RG,4170,4,D,PD,ZP,F
14:08:02,JSMR,RG,4170,1,D,NI,ZP,F
14:08:02,JSMR,RG,4170,5,D,YP,ZP,F
14:08:02,JSMR,RG,4170,1,D,PD,ZP,F
14:07:44,JSMR,RG,4170,7,D,PD,ZP,F
14:07:24,JSMR,RG,4170,2,D,PD,ZP,F
14:07:24,JSMR,RG,4170,1,D,YP,ZP,F
14:07:24,JSMR,RG,4170,1,D,XC,ZP,F
14:07:24,JSMR,RG,4170,2,D,PD,ZP,F
14:07:17,JSMR,RG,4170,2,D,CC,NI,D
14:07:17,JSMR,RG,4170,8,D,PD,NI,D
14:07:04,JSMR,RG,4170,2,D,PD,ZP,F
14:07:04,JSMR,RG,4170,1,D,YB,ZP,F
14:07:04,JSMR,RG,4170,3,D,EP,ZP,F
14:06:44,JSMR,RG,4170,2,D,EP,ZP,F
14:06:44,JSMR,RG,4170,2,D,EP,ZP,F
14:06:26,JSMR,RG,4170,5,D,EP,ZP,F
14:06:24,JSMR,RG,4170,3,D,EP,KZ,D
14:06:24,JSMR,RG,4170,2,D,PD,KZ,D
14:06:08,JSMR,RG,4170,5,D,PD,ZP,F
14:06:07,JSMR,RG,4180,100,D,ZP,BQ,D
14:06:02,JSMR,RG,4180,7,D,PD,BQ,D
14:05:50,JSMR,RG,4180,13,F,KK,BQ,D
14:05:49,JSMR,RG,4170,9,D,PD,ZP,F
14:05:32,JSMR,RG,4180,1,D,NI,BQ,D
14:05:29,JSMR,RG,4170,4,D,PD,ZP,F
14:05:15,JSMR,RG,4170,20,D,EP,YP,D
14:05:15,JSMR,RG,4170,1,D,DH,YP,D
14:05:15,JSMR,RG,4170,5,D,YP,YP,D
14:05:15,JSMR,RG,4170,1,D,YP,YP,D
14:05:15,JSMR,RG,4170,3,D,CC,YP,D
14:05:15,JSMR,RG,4170,20,D,YP,YP,D
14:05:09,JSMR,RG,4170,6,D,YP,ZP,F
14:04:49,JSMR,RG,4170,4,D,YP,ZP,F
14:04:29,JSMR,RG,4170,5,D,YP,ZP,F
14:04:29,JSMR,RG,4170,1,D,YP,YP,D
14:04:21,JSMR,RG,4180,1,D,PD,BQ,D
14:04:09,JSMR,RG,4170,3,D,YP,ZP,F
14:04:09,JSMR,RG,4170,3,D,OD,ZP,F
14:03:49,JSMR,RG,4170,7,D,OD,ZP,F
14:03:30,JSMR,RG,4170,10,D,OD,CC,D
14:03:30,JSMR,RG,4170,1,D,KK,CC,D
14:03:30,JSMR,RG,4170,10,D,NI,CC,D
14:03:30,JSMR,RG,4170,4,D,GR,CC,D
14:03:29,JSMR,RG,4170,1,D,GR,ZP,F
14:03:29,JSMR,RG,4170,4,D,LG,ZP,F
14:03:14,JSMR,RG,4170,6,D,LG,ZP,F
14:02:54,JSMR,RG,4170,5,D,LG,ZP,F
14:02:32,JSMR,RG,4170,5,D,LG,ZP,F
14:02:24,JSMR,RG,4170,3,D,LG,KZ,D
14:02:14,JSMR,RG,4170,5,D,LG,ZP,F
14:01:57,JSMR,RG,4170,5,D,LG,ZP,F
14:01:52,JSMR,RG,4170,1,D,LG,GR,D
14:01:39,JSMR,RG,4170,4,D,LG,ZP,F
14:01:31,JSMR,RG,4170,10,D,LG,SQ,D
14:01:24,JSMR,RG,4170,6,D,LG,ZP,F
14:01:04,JSMR,RG,4170,6,D,LG,ZP,F
14:00:50,JSMR,RG,4180,1,D,YP,BQ,D
14:00:44,JSMR,RG,4170,10,D,LG,ZP,F
14:00:24,JSMR,RG,4170,5,D,LG,ZP,F
14:00:09,JSMR,RG,4170,4,D,LG,ZP,F
13:59:49,JSMR,RG,4170,6,D,LG,ZP,F
13:59:29,JSMR,RG,4170,4,D,LG,ZP,F
13:59:12,JSMR,RG,4170,4,D,LG,ZP,F
13:59:10,JSMR,RG,4180,10,D,NI,BQ,D
13:58:54,JSMR,RG,4170,5,D,LG,ZP,F
13:58:46,JSMR,RG,4180,2,D,XC,BQ,D
13:58:34,JSMR,RG,4170,4,D,LG,ZP,F
13:58:29,JSMR,RG,4170,4,D,LG,KZ,D
13:58:14,JSMR,RG,4170,6,D,LG,ZP,F
13:57:58,JSMR,RG,4170,20,D,LG,CC,D
13:57:54,JSMR,RG,4170,5,D,LG,ZP,F
13:57:35,JSMR,RG,4170,5,D,LG,ZP,F
13:57:19,JSMR,RG,4170,5,D,LG,ZP,F
13:57:09,JSMR,RG,4170,24,D,LG,EP,D
13:56:59,JSMR,RG,4170,4,D,LG,ZP,F
13:56:49,JSMR,RG,4180,5,D,PD,BQ,D
13:56:44,JSMR,RG,4170,5,D,LG,ZP,F
13:56:24,JSMR,RG,4170,7,D,LG,ZP,F
13:56:04,JSMR,RG,4170,8,D,LG,ZP,F
13:55:44,JSMR,RG,4170,8,D,LG,ZP,F
13:55:24,JSMR,RG,4170,6,D,LG,ZP,F
13:55:09,JSMR,RG,4170,5,D,LG,ZP,F
13:54:53,JSMR,RG,4170,6,D,LG,PD,D
13:54:53,JSMR,RG,4170,5,D,YP,PD,D
13:54:53,JSMR,RG,4170,1,D,PD,PD,D
13:54:53,JSMR,RG,4170,2,D,YP,PD,D
13:54:53,JSMR,RG,4170,5,D,XC,PD,D
13:54:53,JSMR,RG,4170,5,D,CC,PD,D
13:54:53,JSMR,RG,4170,5,D,CC,PD,D
13:54:53,JSMR,RG,4170,1,D,YP,PD,D
13:54:48,JSMR,RG,4170,4,D,YP,ZP,F
13:54:48,JSMR,RG,4170,1,D,XC,ZP,F
13:54:29,JSMR,RG,4170,5,D,CC,ZP,F
13:54:29,JSMR,RG,4170,1,D,YP,ZP,F
13:54:29,JSMR,RG,4170,1,D,XC,ZP,F
13:54:29,JSMR,RG,4170,2,D,XC,KZ,D
13:54:29,JSMR,RG,4170,1,D,PD,KZ,D
13:54:29,JSMR,RG,4170,1,D,XC,KZ,D
13:54:16,JSMR,RG,4170,2,D,XC,YP,D
13:54:09,JSMR,RG,4170,5,D,XC,ZP,F
13:53:55,JSMR,RG,4180,1,D,PD,BQ,D
13:53:51,JSMR,RG,4170,2,D,XC,ZP,F
13:53:51,JSMR,RG,4170,3,D,CC,ZP,F
13:52:39,JSMR,RG,4180,2,D,NI,BQ,D
13:52:37,JSMR,RG,4180,4,D,KK,BQ,D
13:52:37,JSMR,RG,4180,8,D,KK,CC,D
13:52:37,JSMR,RG,4180,13,D,KK,ZP,F
13:52:36,JSMR,RG,4170,3,D,CC,ZP,F
13:51:43,JSMR,RG,4180,2,D,XC,ZP,F
13:50:29,JSMR,RG,4170,3,D,CC,KZ,D
13:49:33,JSMR,RG,4180,1,D,SQ,ZP,F
13:49:27,JSMR,RG,4180,1,D,XC,ZP,F
13:49:12,JSMR,RG,4180,1,D,PD,ZP,F
13:48:36,JSMR,RG,4180,2,D,YP,ZP,F
13:48:20,JSMR,RG,4180,15,D,XC,ZP,F
13:48:16,JSMR,RG,4180,5,D,PD,ZP,F
13:48:02,JSMR,RG,4180,5,D,PD,ZP,F
13:47:53,JSMR,RG,4180,5,D,PD,ZP,F
13:46:59,JSMR,RG,4180,1,D,KK,ZP,F
13:46:42,JSMR,RG,4180,8,D,CC,ZP,F
13:45:59,JSMR,RG,4180,20,D,PD,ZP,F
13:44:20,JSMR,RG,4170,1,D,CC,PD,D
13:43:31,JSMR,RG,4180,1,D,CC,ZP,F
13:42:04,JSMR,RG,4180,5,D,YP,ZP,F
13:41:43,JSMR,RG,4180,5,D,SQ,ZP,F
13:41:43,JSMR,RG,4180,14,D,SQ,ZP,F
13:41:43,JSMR,RG,4180,1,D,SQ,CC,D
13:39:30,JSMR,RG,4180,1,D,CC,CC,D
13:38:34,JSMR,RG,4180,2,D,XC,ZP,F
13:38:19,JSMR,RG,4180,4,D,XC,KZ,D
13:37:52,JSMR,RG,4180,20,D,XC,CP,D
13:37:46,JSMR,RG,4190,2,D,PD,XA,D
13:37:21,JSMR,RG,4190,20,D,PD,XA,D
13:37:07,JSMR,RG,4180,2,D,PD,ZP,F
13:37:07,JSMR,RG,4180,1,D,NI,ZP,F
13:37:07,JSMR,RG,4180,1,D,YU,ZP,F
13:37:07,JSMR,RG,4180,1,D,XL,ZP,F
13:37:07,JSMR,RG,4180,14,D,SQ,ZP,F
13:37:06,JSMR,RG,4180,16,D,SQ,PD,D
13:37:06,JSMR,RG,4180,1,D,SQ,PD,D
13:37:06,JSMR,RG,4180,23,D,CC,PD,D
13:37:04,JSMR,RG,4190,3,D,KK,XA,D
13:36:59,JSMR,RG,4180,6,D,CC,ZP,F
13:36:39,JSMR,RG,4180,6,D,CC,ZP,F
13:36:19,JSMR,RG,4180,5,D,CC,ZP,F
13:36:09,JSMR,RG,4180,4,D,CC,KZ,D
13:35:59,JSMR,RG,4180,5,D,CC,ZP,F
13:35:44,JSMR,RG,4180,5,D,CC,ZP,F
13:35:24,JSMR,RG,4180,4,D,CC,ZP,F
13:35:03,JSMR,RG,4180,4,D,CC,ZP,F
13:35:02,JSMR,RG,4180,138,D,CC,BQ,D
13:35:02,JSMR,RG,4180,62,D,LG,BQ,D
13:34:44,JSMR,RG,4180,4,D,LG,ZP,F
13:34:24,JSMR,RG,4180,5,D,LG,ZP,F
13:34:04,JSMR,RG,4180,6,D,LG,ZP,F
13:33:44,JSMR,RG,4180,7,D,LG,ZP,F
13:33:24,JSMR,RG,4180,7,D,LG,ZP,F
13:33:04,JSMR,RG,4180,4,D,LG,ZP,F
13:33:02,JSMR,RG,4180,5,D,LG,ZP,F
13:32:24,JSMR,RG,4180,1,D,XL,ZP,F
13:31:05,JSMR,RG,4180,1,D,YP,ZP,F
13:31:05,JSMR,RG,4180,3,D,YP,ZP,F
13:31:05,JSMR,RG,4180,1,D,YP,ZP,F
13:31:05,JSMR,RG,4180,5,D,YP,ZP,F
13:31:05,JSMR,RG,4180,2,D,YP,ZP,F
13:31:05,JSMR,RG,4180,5,D,YP,ZP,F
13:31:05,JSMR,RG,4180,1,D,YP,ZP,F
13:31:05,JSMR,RG,4180,1,D,YP,ZP,F
13:31:05,JSMR,RG,4180,1,D,CC,ZP,F
13:31:04,JSMR,RG,4180,7,D,YP,ZP,F
13:31:04,JSMR,RG,4180,20,D,YP,ZP,F
13:30:51,JSMR,RG,4180,1,D,YP,CC,D
13:30:44,JSMR,RG,4180,2,D,YP,ZP,F
13:30:44,JSMR,RG,4180,10,D,CC,ZP,F
13:30:44,JSMR,RG,4180,1,F,KK,ZP,F
13:30:44,JSMR,RG,4180,1,D,PD,ZP,F
13:30:44,JSMR,RG,4180,1,D,DH,ZP,F
13:30:44,JSMR,RG,4180,3,D,AT,ZP,F
13:30:32,JSMR,RG,4180,5,D,AT,YP,D
13:30:29,JSMR,RG,4180,6,D,AT,KZ,D
13:30:24,JSMR,RG,4180,1,D,AT,ZP,F
13:30:24,JSMR,RG,4180,21,D,CC,ZP,F
13:30:17,JSMR,RG,4180,1,D,CC,YP,D
13:30:15,JSMR,RG,4190,1,D,YP,XA,D
13:30:14,JSMR,RG,4180,12,D,CC,YP,D
13:30:11,JSMR,RG,4190,24,D,EP,XA,D
13:30:09,JSMR,RG,4180,1,D,CC,XC,D
13:30:08,JSMR,RG,4190,3,D,CC,XA,D
13:30:08,JSMR,RG,4180,2,D,CC,XC,D
13:30:07,JSMR,RG,4180,13,D,CC,OD,D
13:30:07,JSMR,RG,4180,12,D,DH,OD,D
13:30:07,JSMR,RG,4180,1,D,KK,OD,D
13:30:07,JSMR,RG,4180,5,D,DR,OD,D
13:30:07,JSMR,RG,4180,8,D,XC,OD,D
13:30:07,JSMR,RG,4180,5,D,YU,OD,D
13:30:07,JSMR,RG,4180,2,D,XC,OD,D
13:30:07,JSMR,RG,4180,3,D,KK,OD,D
13:30:07,JSMR,RG,4180,10,D,EP,OD,D
13:30:07,JSMR,RG,4180,1,D,PD,OD,D
13:30:07,JSMR,RG,4180,10,D,PD,OD,D
13:30:07,JSMR,RG,4180,2,D,XC,OD,D
13:30:07,JSMR,RG,4180,1,D,PD,OD,D
13:30:07,JSMR,RG,4180,1,D,XC,OD,D
13:30:07,JSMR,RG,4180,1,D,KK,OD,D
13:30:07,JSMR,RG,4180,10,D,PD,OD,D
13:30:07,JSMR,RG,4180,1,D,PD,OD,D
13:30:07,JSMR,RG,4180,1,D,XC,OD,D
13:30:07,JSMR,RG,4180,1,D,CC,OD,D
13:30:07,JSMR,RG,4180,20,D,XC,OD,D
13:30:07,JSMR,RG,4180,1,D,YP,OD,D
13:30:07,JSMR,RG,4180,5,D,DR,OD,D
13:30:07,JSMR,RG,4180,46,D,IT,OD,D
13:30:05,JSMR,RG,4180,7,D,IT,ZP,F
11:29:53,JSMR,RG,4180,4,D,IT,ZP,F
11:29:31,JSMR,RG,4180,4,D,IT,ZP,F
11:29:14,JSMR,RG,4180,4,D,IT,ZP,F
11:29:09,JSMR,RG,4180,100,D,IT,BQ,D
11:28:54,JSMR,RG,4180,6,D,IT,ZP,F
11:28:32,JSMR,RG,4180,79,D,IT,BQ,D
11:28:32,JSMR,RG,4180,3,D,PD,BQ,D
11:28:32,JSMR,RG,4180,9,D,PD,BQ,D
11:28:32,JSMR,RG,4180,8,D,DR,BQ,D
11:28:32,JSMR,RG,4180,1,D,XC,BQ,D
11:28:27,JSMR,RG,4190,1,F,CS,XA,D
11:28:27,JSMR,RG,4190,23,F,CS,XA,D
11:28:18,JSMR,RG,4180,4,D,XC,ZP,F
11:28:11,JSMR,RG,4180,42,D,YP,YB,D
11:28:11,JSMR,RG,4180,9,D,XL,YB,D
11:28:11,JSMR,RG,4180,1,D,AZ,YB,D
11:28:11,JSMR,RG,4180,25,D,DR,YB,D
11:28:11,JSMR,RG,4180,1,D,YP,YB,D
11:28:11,JSMR,RG,4180,22,D,PD,YB,D
11:27:59,JSMR,RG,4180,3,D,PD,ZP,F
11:27:38,JSMR,RG,4180,4,D,PD,ZP,F
11:27:38,JSMR,RG,4190,27,F,CS,XA,D
11:27:29,JSMR,RG,4180,11,D,PD,BQ,D
11:27:29,JSMR,RG,4180,1,D,YP,BQ,D
11:27:29,JSMR,RG,4180,1,D,XC,BQ,D
11:27:29,JSMR,RG,4180,5,D,MG,BQ,D
11:27:29,JSMR,RG,4180,1,D,YP,BQ,D
11:27:29,JSMR,RG,4180,50,D,OD,BQ,D
11:27:29,JSMR,RG,4180,2,D,IU,BQ,D
11:27:29,JSMR,RG,4180,29,D,LG,BQ,D
11:27:19,JSMR,RG,4180,3,D,LG,ZP,F
11:27:17,JSMR,RG,4180,100,D,LG,BQ,D
11:27:14,JSMR,RG,4180,3,D,LG,PD,D
11:27:10,JSMR,RG,4180,50,D,LG,BQ,D
11:27:08,JSMR,RG,4190,10,D,GR,XA,D
11:26:59,JSMR,RG,4180,4,D,LG,ZP,F
11:26:39,JSMR,RG,4180,3,D,LG,ZP,F
11:26:24,JSMR,RG,4180,4,D,LG,ZP,F
11:26:04,JSMR,RG,4180,3,D,LG,ZP,F
11:25:44,JSMR,RG,4180,1,D,LG,ZP,F
11:25:44,JSMR,RG,4180,1,D,CC,ZP,F
11:25:44,JSMR,RG,4180,2,D,OD,ZP,F
11:25:24,JSMR,RG,4180,3,D,OD,ZP,F
11:25:04,JSMR,RG,4180,2,D,DR,ZP,F
11:25:04,JSMR,RG,4180,1,D,YP,ZP,F
11:24:49,JSMR,RG,4180,4,D,YP,ZP,F
11:24:29,JSMR,RG,4180,1,D,CC,ZP,F
11:24:29,JSMR,RG,4180,2,D,CC,ZP,F
11:24:09,JSMR,RG,4180,3,D,CC,ZP,F
11:23:49,JSMR,RG,4180,3,D,CC,ZP,F
11:23:29,JSMR,RG,4180,2,D,CC,ZP,F
11:23:29,JSMR,RG,4180,2,D,OD,ZP,F
11:23:09,JSMR,RG,4180,3,D,OD,ZP,F
11:22:49,JSMR,RG,4180,4,D,OD,ZP,F
11:22:39,JSMR,RG,4190,2,F,CS,XA,D
11:22:39,JSMR,RG,4190,6,F,CS,XA,D
11:22:39,JSMR,RG,4190,10,F,CS,XA,D
11:22:34,JSMR,RG,4180,4,D,OD,ZP,F
11:22:14,JSMR,RG,4180,4,D,OD,ZP,F
11:21:54,JSMR,RG,4180,4,D,OD,ZP,F
11:21:34,JSMR,RG,4180,4,D,OD,ZP,F
11:21:14,JSMR,RG,4180,4,D,AI,ZP,F
11:20:54,JSMR,RG,4180,4,D,AI,ZP,F
11:20:34,JSMR,RG,4180,4,D,AI,ZP,F
11:20:14,JSMR,RG,4180,3,D,AI,ZP,F
11:19:54,JSMR,RG,4180,5,D,AI,ZP,F
11:19:54,JSMR,RG,4180,1,D,LG,ZP,F
11:19:19,JSMR,RG,4180,4,D,DR,ZP,F
11:18:59,JSMR,RG,4180,3,D,DR,ZP,F
11:18:39,JSMR,RG,4180,3,D,DR,ZP,F
11:18:19,JSMR,RG,4180,3,D,DR,ZP,F
11:17:59,JSMR,RG,4180,3,D,DR,ZP,F
11:17:39,JSMR,RG,4180,3,D,DR,ZP,F
11:17:19,JSMR,RG,4180,3,D,DR,ZP,F
11:16:59,JSMR,RG,4180,3,D,DR,ZP,F
11:16:39,JSMR,RG,4180,3,D,DR,ZP,F
11:16:30,JSMR,RG,4190,19,F,CS,XA,D
11:16:19,JSMR,RG,4180,1,D,DR,ZP,F
11:16:19,JSMR,RG,4180,1,D,YU,ZP,F
11:16:19,JSMR,RG,4180,1,D,XC,ZP,F
11:15:59,JSMR,RG,4180,4,D,NI,ZP,F
11:15:48,JSMR,RG,4190,141,F,CS,XA,D
11:15:48,JSMR,RG,4190,17,F,CS,XA,D
11:15:38,JSMR,RG,4190,8,F,CS,XA,D
11:15:37,JSMR,RG,4180,1,D,NI,ZP,F
11:15:37,JSMR,RG,4180,4,D,NI,ZP,F
11:15:36,JSMR,RG,4190,1,D,PD,XA,D
11:15:36,JSMR,RG,4190,1,D,YP,XA,D
11:15:36,JSMR,RG,4190,100,D,NI,XA,D
11:15:36,JSMR,RG,4190,3,F,CS,XA,D
11:15:36,JSMR,RG,4190,10,D,DX,XA,D
11:15:36,JSMR,RG,4190,25,D,PD,XA,D
11:15:36,JSMR,RG,4190,10,D,PD,XA,D
11:15:36,JSMR,RG,4190,1,D,PD,XA,D
11:15:36,JSMR,RG,4190,1,D,PD,XA,D
11:15:36,JSMR,RG,4190,2,D,CC,XA,D
11:15:36,JSMR,RG,4190,396,F,YU,XA,D
11:15:36,JSMR,RG,4190,10,D,PD,XA,D
11:15:36,JSMR,RG,4190,1,D,PD,XA,D
11:15:36,JSMR,RG,4190,3,D,PD,XA,D
11:15:36,JSMR,RG,4190,1,D,SQ,XA,D
11:15:36,JSMR,RG,4190,10,D,DR,XA,D
11:15:36,JSMR,RG,4190,10,D,MG,XA,D
11:15:36,JSMR,RG,4190,1,D,YP,XA,D
11:15:36,JSMR,RG,4190,300,D,YJ,XA,D
11:15:36,JSMR,RG,4190,3,D,DH,XA,D
11:15:36,JSMR,RG,4190,1,D,AI,XA,D
11:15:36,JSMR,RG,4190,10,D,CC,XA,D
11:15:36,JSMR,RG,4190,5,D,DR,XA,D
11:15:36,JSMR,RG,4190,10,D,PD,XA,D
11:15:36,JSMR,RG,4190,22,D,YP,XA,D
11:15:36,JSMR,RG,4190,1,D,PD,XA,D
11:15:36,JSMR,RG,4190,2,D,XC,XA,D
11:15:36,JSMR,RG,4190,108,D,DR,XA,D
11:15:02,JSMR,RG,4190,3,D,DR,ZP,F
11:14:44,JSMR,RG,4190,3,D,DR,ZP,F
11:14:24,JSMR,RG,4190,5,D,DR,ZP,F
11:14:23,JSMR,RG,4190,3,D,DR,SQ,D
11:13:49,JSMR,RG,4190,4,D,DR,ZP,F
11:13:29,JSMR,RG,4190,6,D,DR,ZP,F
11:13:07,JSMR,RG,4190,1,D,DR,XC,D
11:12:54,JSMR,RG,4190,3,D,DR,ZP,F
11:12:36,JSMR,RG,4190,5,D,DR,ZP,F
11:11:59,JSMR,RG,4190,4,D,DR,ZP,F
11:11:39,JSMR,RG,4190,3,D,DR,ZP,F
11:11:25,JSMR,RG,4200,7,F,CS,MG,D
11:11:25,JSMR,RG,4200,14,F,CS,MG,D
11:11:19,JSMR,RG,4190,3,D,DR,ZP,F
11:11:03,JSMR,RG,4190,5,D,DR,ZP,F
11:10:29,JSMR,RG,4190,3,D,DR,ZP,F
11:10:11,JSMR,RG,4190,5,D,DR,ZP,F
11:09:34,JSMR,RG,4190,3,D,DR,ZP,F
11:09:14,JSMR,RG,4190,3,D,DR,ZP,F
11:08:54,JSMR,RG,4190,3,D,DR,ZP,F
11:08:34,JSMR,RG,4190,3,D,DR,ZP,F
11:08:14,JSMR,RG,4190,3,D,DR,ZP,F
11:07:54,JSMR,RG,4190,4,D,DR,ZP,F
11:07:34,JSMR,RG,4190,4,D,DR,ZP,F
11:07:14,JSMR,RG,4190,3,D,DR,ZP,F
11:06:54,JSMR,RG,4190,3,D,DR,ZP,F
11:06:34,JSMR,RG,4190,3,D,DR,ZP,F
11:06:14,JSMR,RG,4190,5,D,DR,ZP,F
11:05:34,JSMR,RG,4190,5,D,DR,ZP,F
11:05:07,JSMR,RG,4190,1,D,DR,YP,D
11:04:59,JSMR,RG,4190,3,D,DR,ZP,F
11:04:39,JSMR,RG,4190,3,D,DR,ZP,F
11:04:19,JSMR,RG,4190,3,D,DR,ZP,F
11:03:59,JSMR,RG,4190,3,D,DR,ZP,F
11:03:39,JSMR,RG,4190,3,D,DR,ZP,F
11:03:23,JSMR,RG,4190,1,D,DR,PD,D
11:03:19,JSMR,RG,4190,3,D,DR,ZP,F
11:02:18,JSMR,RG,4190,1,D,DR,CC,D
10:57:41,JSMR,RG,4200,16,F,CS,MG,D
10:57:19,JSMR,RG,4200,2,F,CS,MG,D
10:57:11,JSMR,RG,4190,2,D,DR,YP,D
10:56:43,JSMR,RG,4200,5,F,CS,MG,D
10:56:28,JSMR,RG,4200,5,F,CS,MG,D
10:56:17,JSMR,RG,4200,11,F,CS,MG,D
10:56:11,JSMR,RG,4190,35,D,DR,AK,F
10:56:10,JSMR,RG,4200,2,D,PD,MG,D
10:56:10,JSMR,RG,4200,1,D,XC,MG,D
10:56:10,JSMR,RG,4200,3,D,CC,MG,D
10:56:10,JSMR,RG,4200,10,D,XC,MG,D
10:56:10,JSMR,RG,4200,1,D,XC,MG,D
10:56:10,JSMR,RG,4200,10,D,YP,MG,D
10:56:10,JSMR,RG,4200,171,D,DR,MG,D
10:52:37,JSMR,RG,4210,14,F,CS,GR,D
10:52:37,JSMR,RG,4210,1,F,CS,PD,D
10:52:07,JSMR,RG,4200,67,D,DR,YP,D
10:52:07,JSMR,RG,4200,1,D,YP,YP,D
10:52:07,JSMR,RG,4200,1,D,XC,YP,D
10:52:07,JSMR,RG,4200,1,F,YU,YP,D
10:52:07,JSMR,RG,4200,12,D,CC,YP,D
10:52:07,JSMR,RG,4200,5,D,AG,YP,D
10:52:07,JSMR,RG,4200,5,D,DR,YP,D
10:52:07,JSMR,RG,4200,6,D,KK,YP,D
10:52:07,JSMR,RG,4200,8,D,XC,YP,D
10:52:07,JSMR,RG,4200,1,D,PD,YP,D
10:52:07,JSMR,RG,4200,2,D,XC,YP,D
10:52:07,JSMR,RG,4200,1,D,PD,YP,D
10:52:07,JSMR,RG,4200,3,D,MG,YP,D
10:47:23,JSMR,RG,4200,5,D,MG,GR,D
10:44:50,JSMR,RG,4210,5,D,PD,PD,D
10:43:47,JSMR,RG,4200,2,D,MG,AZ,D
10:43:47,JSMR,RG,4200,1,D,YP,AZ,D
10:43:47,JSMR,RG,4200,5,D,EP,AZ,D
10:42:52,JSMR,RG,4200,3,D,EP,XC,D
10:40:20,JSMR,RG,4210,4,F,CS,PD,D
10:34:35,JSMR,RG,4210,3,F,CS,PD,D
10:34:34,JSMR,RG,4210,5,F,CS,PD,D
10:34:34,JSMR,RG,4210,4,D,XC,PD,D
10:34:34,JSMR,RG,4210,1,D,XC,PD,D
10:34:34,JSMR,RG,4210,1,D,PD,PD,D
10:34:34,JSMR,RG,4210,1,F,YU,PD,D
10:33:40,JSMR,RG,4220,1,D,DR,XL,D
10:30:35,JSMR,RG,4210,1,D,XC,YP,D
10:28:20,JSMR,RG,4210,1,D,YP,YP,D
10:28:12,JSMR,RG,4210,16,D,DR,YP,D
10:23:06,JSMR,RG,4210,2,D,DR,AZ,D
10:22:01,JSMR,RG,4210,1,D,DR,AZ,D
10:20:33,JSMR,RG,4210,5,D,DR,PD,D
10:19:52,JSMR,RG,4210,1,D,DR,YP,D
10:13:21,JSMR,RG,4220,1,F,CS,XL,D
10:13:21,JSMR,RG,4220,5,F,CS,PD,D
10:13:21,JSMR,RG,4220,2,F,CS,KK,D
10:13:21,JSMR,RG,4220,1,F,CS,PD,D
10:13:21,JSMR,RG,4220,4,F,CS,CC,D
10:13:07,JSMR,RG,4210,1,F,YU,PD,D
10:13:07,JSMR,RG,4210,47,D,YP,PD,D
10:13:07,JSMR,RG,4210,12,D,CC,PD,D
10:12:24,JSMR,RG,4210,5,D,CC,NI,D
10:10:01,JSMR,RG,4210,15,D,CC,XC,D
10:08:35,JSMR,RG,4210,5,D,CC,PD,D
10:08:16,JSMR,RG,4210,5,D,CC,XC,D
10:08:10,JSMR,RG,4210,10,D,CC,PD,D
10:07:19,JSMR,RG,4220,6,F,CS,CC,D
10:07:19,JSMR,RG,4220,2,F,CS,PD,D
10:07:19,JSMR,RG,4220,3,F,CS,XC,D
10:06:36,JSMR,RG,4220,7,F,CS,XC,D
10:06:23,JSMR,RG,4210,25,D,CC,CP,D
10:06:23,JSMR,RG,4210,50,D,CC,LG,D
10:06:23,JSMR,RG,4210,10,D,CC,CC,D
10:06:23,JSMR,RG,4210,1,D,CC,PD,D
10:06:23,JSMR,RG,4210,11,D,CC,EP,D
10:06:23,JSMR,RG,4210,1,D,CC,XC,D
10:06:04,JSMR,RG,4210,2,D,DR,BQ,D
10:06:04,JSMR,RG,4210,9,F,CS,BQ,D
10:05:19,JSMR,RG,4200,3,D,AG,YP,D
10:05:19,JSMR,RG,4200,54,D,AG,PD,D
10:05:07,JSMR,RG,4200,1,F,CS,PD,D
10:04:57,JSMR,RG,4200,3,F,CS,PD,D
10:04:47,JSMR,RG,4200,5,F,CS,PD,D
10:04:37,JSMR,RG,4200,2,F,CS,PD,D
10:04:36,JSMR,RG,4200,49,D,PD,PD,D
10:04:36,JSMR,RG,4200,1,D,PD,SQ,D
10:04:34,JSMR,RG,4200,10,D,PD,SQ,D
10:03:57,JSMR,RG,4200,8,F,CS,BQ,D
10:03:50,JSMR,RG,4200,10,D,PD,BQ,D
10:03:02,JSMR,RG,4200,1,D,XC,BQ,D
10:02:43,JSMR,RG,4200,5,F,CS,BQ,D
10:02:39,JSMR,RG,4190,35,D,DR,YP,D
10:02:39,JSMR,RG,4190,15,D,DR,YP,D
10:01:21,JSMR,RG,4200,10,D,YP,BQ,D
9:59:12,JSMR,RG,4200,2,D,XC,BQ,D
9:56:52,JSMR,RG,4200,2,D,PD,BQ,D
9:56:52,JSMR,RG,4200,4,D,PD,CC,D
9:54:58,JSMR,RG,4200,1,D,AZ,CC,D
9:54:57,JSMR,RG,4200,1,D,SQ,CC,D
9:54:43,JSMR,RG,4200,1,F,CS,CC,D
9:54:43,JSMR,RG,4200,1,D,XC,CC,D
9:54:37,JSMR,RG,4200,1,D,YP,CC,D
9:54:35,JSMR,RG,4200,1,F,CS,CC,D
9:54:35,JSMR,RG,4200,1,F,CS,YP,D
9:54:31,JSMR,RG,4200,1,F,CS,YP,D
9:54:31,JSMR,RG,4200,6,F,CS,PD,D
9:54:31,JSMR,RG,4200,8,F,CS,BQ,D
9:54:29,JSMR,RG,4200,2,F,CS,BQ,D
9:54:29,JSMR,RG,4200,100,D,KK,BQ,D
9:54:11,JSMR,RG,4200,5,D,CC,BQ,D
9:54:04,JSMR,RG,4200,3,F,CS,BQ,D
9:53:53,JSMR,RG,4200,4,F,CS,BQ,D
9:53:43,JSMR,RG,4200,3,F,CS,BQ,D
9:53:42,JSMR,RG,4200,50,D,CC,BQ,D
9:53:14,JSMR,RG,4190,5,D,DR,XC,D
9:52:52,JSMR,RG,4200,4,F,CS,BQ,D
9:52:51,JSMR,RG,4190,24,D,DR,HP,D
9:52:12,JSMR,RG,4200,4,F,CS,BQ,D
9:52:01,JSMR,RG,4200,4,F,CS,BQ,D
9:51:53,JSMR,RG,4200,13,D,YP,BQ,D
9:51:53,JSMR,RG,4200,2,D,YP,XC,D
9:51:53,JSMR,RG,4200,3,D,YP,YP,D
9:51:53,JSMR,RG,4200,25,D,YP,CP,D
9:51:53,JSMR,RG,4200,1,D,YP,AZ,D
9:51:53,JSMR,RG,4200,2,D,YP,PD,D
9:51:53,JSMR,RG,4200,2,D,YP,BQ,D
9:51:31,JSMR,RG,4200,2,F,CS,BQ,D
9:51:31,JSMR,RG,4200,1,F,CS,BQ,D
9:51:21,JSMR,RG,4200,4,F,CS,BQ,D
9:51:14,JSMR,RG,4200,1,D,XC,BQ,D
9:51:10,JSMR,RG,4200,4,F,CS,BQ,D
9:51:03,JSMR,RG,4190,56,D,DR,NI,D
9:51:03,JSMR,RG,4190,4,D,DR,NI,D
9:50:29,JSMR,RG,4200,2,D,XL,BQ,D
9:49:32,JSMR,RG,4200,2,F,CS,BQ,D
9:49:32,JSMR,RG,4200,2,F,CS,BQ,D
9:48:45,JSMR,RG,4190,1,D,DR,CC,D
9:48:37,JSMR,RG,4200,9,F,CS,BQ,D
9:48:34,JSMR,RG,4200,14,F,CS,BQ,D
9:48:27,JSMR,RG,4200,57,D,YP,BQ,D
9:48:27,JSMR,RG,4200,14,D,YP,DR,D
9:48:27,JSMR,RG,4200,5,D,YP,XC,D
9:48:27,JSMR,RG,4200,77,D,YP,BQ,D
9:47:57,JSMR,RG,4200,1,F,CS,BQ,D
9:47:51,JSMR,RG,4200,2,F,CS,BQ,D
9:47:49,JSMR,RG,4200,18,D,XL,BQ,D
9:47:29,JSMR,RG,4200,1,D,PD,BQ,D
9:46:55,JSMR,RG,4200,1,F,CS,BQ,D
9:46:45,JSMR,RG,4200,3,F,CS,CC,D
9:46:34,JSMR,RG,4190,12,D,KK,EP,D
9:46:34,JSMR,RG,4190,8,D,KK,HP,D
9:46:15,JSMR,RG,4190,1,F,CS,HP,D
9:46:13,JSMR,RG,4180,1,D,NI,YB,D
9:46:13,JSMR,RG,4180,1,D,CC,YB,D
9:46:13,JSMR,RG,4180,3,D,DR,YB,D
9:45:26,JSMR,RG,4180,4,D,DR,EP,D
9:44:56,JSMR,RG,4190,1,F,CS,HP,D
9:44:45,JSMR,RG,4190,4,F,CS,HP,D
9:44:37,JSMR,RG,4190,25,D,PD,HP,D
9:42:43,JSMR,RG,4190,1,F,CS,HP,D
9:42:43,JSMR,RG,4190,1,F,CS,XC,D
9:42:36,JSMR,RG,4190,1,D,YP,YP,D
9:42:36,JSMR,RG,4190,9,D,YP,DR,D
9:42:32,JSMR,RG,4190,1,F,CS,DR,D
9:42:31,JSMR,RG,4190,4,D,YP,DR,D
9:42:24,JSMR,RG,4190,2,F,CS,DR,D
9:42:21,JSMR,RG,4190,9,D,YP,DR,D
9:42:21,JSMR,RG,4190,1,D,YP,YP,D
9:42:21,JSMR,RG,4190,5,D,YP,BQ,D
9:40:24,JSMR,RG,4190,1,F,CS,BQ,D
9:40:15,JSMR,RG,4180,10,D,DR,CC,D
9:38:29,JSMR,RG,4190,10,D,PD,BQ,D
9:37:17,JSMR,RG,4190,1,D,YP,BQ,D
9:37:09,JSMR,RG,4190,3,D,PD,BQ,D
9:36:50,JSMR,RG,4190,3,D,YP,BQ,D
9:36:50,JSMR,RG,4190,2,D,KK,BQ,D
9:36:50,JSMR,RG,4190,5,D,NI,BQ,D
9:36:50,JSMR,RG,4190,34,D,CC,BQ,D
9:36:50,JSMR,RG,4190,23,D,YP,BQ,D
9:36:50,JSMR,RG,4190,71,D,DR,BQ,D
9:36:50,JSMR,RG,4190,1,D,YP,BQ,D
9:36:50,JSMR,RG,4190,41,D,CC,BQ,D
9:36:24,JSMR,RG,4190,1,D,CC,CC,D
9:35:24,JSMR,RG,4190,1,D,CC,YP,D
9:34:01,JSMR,RG,4190,1,D,CC,PD,D
9:33:20,JSMR,RG,4190,5,D,CC,YP,D
9:33:15,JSMR,RG,4190,3,D,CC,DR,D
9:33:13,JSMR,RG,4190,2,D,CC,PD,D
9:33:13,JSMR,RG,4190,5,D,CC,YP,D
9:33:13,JSMR,RG,4190,3,D,CC,XC,D
9:33:13,JSMR,RG,4190,38,D,CC,YP,D
9:32:48,JSMR,RG,4190,15,D,YP,YP,D
9:32:46,JSMR,RG,4190,2,D,NI,YP,D
9:32:25,JSMR,RG,4190,2,D,KK,YP,D
9:32:11,JSMR,RG,4190,3,D,NI,YP,D
9:32:00,JSMR,RG,4190,2,D,XC,YP,D
9:31:30,JSMR,RG,4190,1,D,YP,YP,D
9:31:08,JSMR,RG,4190,2,D,CC,YP,D
9:31:02,JSMR,RG,4190,5,D,CC,YP,D
9:29:18,JSMR,RG,4190,10,D,CC,BK,F
9:29:15,JSMR,RG,4190,9,D,LG,BK,F
9:29:15,JSMR,RG,4190,41,D,LG,BQ,D
9:29:04,JSMR,RG,4190,10,D,PD,BQ,D
9:28:59,JSMR,RG,4180,3,D,DR,PD,D
9:28:59,JSMR,RG,4180,1,D,YP,PD,D
9:28:59,JSMR,RG,4180,36,D,SQ,PD,D
9:28:57,JSMR,RG,4190,1,D,IN,BQ,D
9:27:58,JSMR,RG,4190,1,D,PD,BQ,D
9:27:29,JSMR,RG,4190,11,D,XC,BQ,D
9:27:10,JSMR,RG,4190,1,D,IP,BQ,D
9:27:09,JSMR,RG,4190,1,D,CC,BQ,D
9:27:03,JSMR,RG,4190,2,D,YP,BQ,D
9:27:01,JSMR,RG,4190,132,F,YU,BQ,D
9:26:59,JSMR,RG,4190,92,F,YU,BK,F
9:26:59,JSMR,RG,4190,29,D,DR,BK,F
9:26:55,JSMR,RG,4190,200,D,DR,BQ,D
9:25:57,JSMR,RG,4190,5,D,DR,PD,D
9:23:40,JSMR,RG,4190,50,D,DR,AZ,D
9:23:15,JSMR,RG,4190,39,D,DR,PD,D
9:23:15,JSMR,RG,4190,1,D,XC,PD,D
9:17:56,JSMR,RG,4190,5,D,YP,BQ,D
9:17:56,JSMR,RG,4190,1,D,CC,BQ,D
9:17:56,JSMR,RG,4190,5,D,KK,BQ,D
9:17:56,JSMR,RG,4190,4,D,PD,BQ,D
9:16:15,JSMR,RG,4200,97,D,CC,CC,D
9:16:15,JSMR,RG,4200,3,D,CC,PD,D
9:15:51,JSMR,RG,4200,1,D,CC,PD,D
9:15:10,JSMR,RG,4200,3,D,KK,PD,D
9:14:55,JSMR,RG,4200,4,D,OD,PD,D
9:14:55,JSMR,RG,4200,1,D,OD,YP,D
9:13:53,JSMR,RG,4190,16,D,PD,BQ,D
9:13:39,JSMR,RG,4190,5,D,PD,BQ,D
9:13:36,JSMR,RG,4190,1,D,KK,BQ,D
9:11:09,JSMR,RG,4180,13,D,SQ,YB,D
9:10:24,JSMR,RG,4190,2,D,PD,BQ,D
9:09:27,JSMR,RG,4190,26,D,DR,BQ,D
9:09:24,JSMR,RG,4190,2,D,DR,PD,D
9:09:21,JSMR,RG,4190,5,D,DR,XC,D
9:08:31,JSMR,RG,4190,92,D,DR,YP,D
9:07:44,JSMR,RG,4190,25,D,DR,YP,D
9:07:36,JSMR,RG,4180,1,D,SQ,XC,D
9:06:12,JSMR,RG,4180,5,D,CC,YP,D
9:05:56,JSMR,RG,4180,54,F,YU,YP,D
9:05:56,JSMR,RG,4180,20,D,KK,YP,D
9:05:56,JSMR,RG,4180,10,D,DX,YP,D
9:05:56,JSMR,RG,4180,20,D,NI,YP,D
9:05:56,JSMR,RG,4180,3,D,YP,YP,D
9:05:56,JSMR,RG,4180,4,D,EP,YP,D
9:05:56,JSMR,RG,4180,5,D,KK,YP,D
9:05:39,JSMR,RG,4180,2,D,KK,XC,D
9:05:36,JSMR,RG,4180,23,D,KK,XC,D
9:05:36,JSMR,RG,4180,1,D,XC,XC,D
9:05:04,JSMR,RG,4190,19,D,CC,CC,D
9:04:57,JSMR,RG,4190,1,D,DR,CC,D
9:04:57,JSMR,RG,4190,3,D,YP,CC,D
9:04:57,JSMR,RG,4190,2,D,DH,CC,D
9:04:57,JSMR,RG,4190,10,D,DX,CC,D
9:04:57,JSMR,RG,4190,1,D,PD,CC,D
9:04:57,JSMR,RG,4190,2,D,EP,CC,D
9:04:49,JSMR,RG,4190,1,D,KK,YP,D
9:04:45,JSMR,RG,4190,3,D,KK,XC,D
9:02:54,JSMR,RG,4190,10,D,KK,XC,D
9:00:43,JSMR,RG,4190,6,D,KK,PD,D
9:00:22,JSMR,RG,4200,2,D,CC,PD,D
9:00:15,JSMR,RG,4200,1,D,XC,PD,D
9:00:11,JSMR,RG,4200,1,D,XC,PD,D
9:00:11,JSMR,RG,4200,10,D,DX,PD,D
9:00:11,JSMR,RG,4200,5,D,CC,PD,D
9:00:11,JSMR,RG,4200,1,D,PD,PD,D
9:00:11,JSMR,RG,4200,10,D,KK,PD,D
9:00:02,JSMR,RG,4200,4,D,EP,EP,D
9:00:02,JSMR,RG,4200,1,D,XC,EP,D
8:55:00,JSMR,RG,4210,8,D,SQ,BQ,D
8:55:00,JSMR,RG,4210,1,D,XC,BQ,D
8:55:00,JSMR,RG,4210,10,D,CC,YP,D
8:55:00,JSMR,RG,4210,1,D,EP,YP,D
8:55:00,JSMR,RG,4210,1,D,YP,YP,D
8:55:00,JSMR,RG,4210,1,D,YP,PD,D
8:55:00,JSMR,RG,4210,1,D,PD,KK,D
8:55:00,JSMR,RG,4210,1,D,DX,XC,D