Time,Stock,Brd,Price,Qty,BT,BC,SC,ST
15:12:42,JSMR,RG,3330,1,D,XC,YP,D
15:11:05,JSMR,RG,3330,2,D,PD,YP,D
15:09:44,JSMR,RG,3330,2,D,PD,YP,D
15:09:44,JSMR,RG,3330,13,D,PD,YP,D
15:08:02,JSMR,RG,3330,2,D,YP,YP,D
15:03:23,JSMR,RG,3330,5,D,YU,YP,D
15:00:00,JSMR,RG,3330,91,F,YU,GR,D
15:00:00,JSMR,RG,3330,10,F,YU,YP,D
15:00:00,JSMR,RG,3330,200,F,YU,KK,D
15:00:00,JSMR,RG,3330,10,F,YU,YP,D
15:00:00,JSMR,RG,3330,10,F,YU,KK,D
15:00:00,JSMR,RG,3330,1,F,YU,YP,D
15:00:00,JSMR,RG,3330,6,F,YU,XC,D
15:00:00,JSMR,RG,3330,1,F,YU,NI,D
15:00:00,JSMR,RG,3330,10,F,YU,YP,D
15:00:00,JSMR,RG,3330,5,F,YU,BQ,D
15:00:00,JSMR,RG,3330,2,F,YU,PD,D
15:00:00,JSMR,RG,3330,1,F,YU,CC,D
15:00:00,JSMR,RG,3330,1,F,YU,PD,D
15:00:00,JSMR,RG,3330,10,F,YU,PD,D
15:00:00,JSMR,RG,3330,25,F,YU,SQ,D
15:00:00,JSMR,RG,3330,5,F,YU,YP,D
15:00:00,JSMR,RG,3330,2,F,YU,EP,D
15:00:00,JSMR,RG,3330,1,F,YU,PD,D
15:00:00,JSMR,RG,3330,1,F,YU,XL,D
15:00:00,JSMR,RG,3330,100,F,YU,YU,D
15:00:00,JSMR,RG,3330,200,F,YU,PD,D
15:00:00,JSMR,RG,3330,10,F,YU,YP,D
15:00:00,JSMR,RG,3330,1,F,YU,YP,D
15:00:00,JSMR,RG,3330,10,F,YU,YP,D
15:00:00,JSMR,RG,3330,10,F,YU,YP,D
15:00:00,JSMR,RG,3330,437,F,YU,YU,D
15:00:00,JSMR,RG,3330,251,F,ZP,YU,D
15:00:00,JSMR,RG,3330,66,F,ZP,YU,D
15:00:00,JSMR,RG,3330,100,F,ZP,YU,D
15:00:00,JSMR,RG,3330,46,F,ZP,YU,D
15:00:00,JSMR,RG,3330,135,F,ZP,YU,D
15:00:00,JSMR,RG,3330,148,F,ZP,YU,D
15:00:00,JSMR,RG,3330,38,F,ZP,YU,D
15:00:00,JSMR,RG,3330,18,F,ZP,YU,D
15:00:00,JSMR,RG,3330,45,F,ZP,YU,D
15:00:00,JSMR,RG,3330,33,F,ZP,YU,D
15:00:00,JSMR,RG,3330,22,F,ZP,YU,D
15:00:00,JSMR,RG,3330,378,D,CS,YU,D
15:00:00,JSMR,RG,3330,10,D,CS,YP,D
15:00:00,JSMR,RG,3330,193,D,CS,IP,D
15:00:00,JSMR,RG,3330,15,D,CS,AI,D
15:00:00,JSMR,RG,3330,5,D,CS,KK,D
15:00:00,JSMR,RG,3330,3,D,CS,KK,D
15:00:00,JSMR,RG,3330,25,D,CS,MG,D
15:00:00,JSMR,RG,3330,60,D,CS,YP,D
15:00:00,JSMR,RG,3330,1,F,ZP,YP,D
15:00:00,JSMR,RG,3330,4,F,ZP,YP,D
15:00:00,JSMR,RG,3330,4,F,ZP,YP,D
15:00:00,JSMR,RG,3330,6,F,ZP,YP,D
15:00:00,JSMR,RG,3330,4,F,ZP,YP,D
15:00:00,JSMR,RG,3330,3,F,ZP,YP,D
15:00:00,JSMR,RG,3330,918,D,LG,YP,D
15:00:00,JSMR,RG,3330,81,D,LG,AK,F
15:00:00,JSMR,RG,3330,248,D,LG,BK,F
15:00:00,JSMR,RG,3330,2,D,LG,AK,F
15:00:00,JSMR,RG,3330,2,D,LG,AK,F
15:00:00,JSMR,RG,3330,2,D,LG,AK,F
15:00:00,JSMR,RG,3330,85,D,LG,ZP,D
14:49:29,JSMR,RG,3300,7,D,PD,CC,D
14:49:13,JSMR,RG,3310,9,F,ZP,YU,D
14:49:13,JSMR,RG,3310,5,F,ZP,YU,D
14:49:12,JSMR,RG,3310,2,F,ZP,YU,D
14:49:12,JSMR,RG,3310,1,F,ZP,YU,D
14:48:59,JSMR,RG,3300,3,D,PD,BK,D
14:48:58,JSMR,RG,3300,25,D,PD,BK,D
14:48:43,JSMR,RG,3310,2,F,ZP,YU,D
14:48:39,JSMR,RG,3310,3,D,PD,YU,D
14:48:38,JSMR,RG,3310,1,F,CS,YU,D
14:48:37,JSMR,RG,3300,16,D,PD,BK,D
14:48:37,JSMR,RG,3310,1,F,CS,YU,D
14:48:36,JSMR,RG,3310,34,F,YU,YU,D
14:48:34,JSMR,RG,3310,2,F,CS,YU,D
14:48:34,JSMR,RG,3310,10,F,ZP,YU,D
14:48:34,JSMR,RG,3300,113,D,PD,BK,D
14:48:31,JSMR,RG,3310,1,F,CS,YU,D
14:48:31,JSMR,RG,3300,8,D,PD,BK,D
14:48:29,JSMR,RG,3300,14,D,PD,BK,D
14:48:29,JSMR,RG,3310,5,F,CS,YU,D
14:48:29,JSMR,RG,3310,3,F,ZP,YU,D
14:48:29,JSMR,RG,3310,2,F,ZP,YU,D
14:48:26,JSMR,RG,3300,3,D,PD,BK,D
14:48:21,JSMR,RG,3300,14,D,PD,BK,D
14:48:14,JSMR,RG,3300,16,D,PD,BK,D
14:48:09,JSMR,RG,3300,16,D,PD,BK,D
14:48:06,JSMR,RG,3300,3,D,PD,BK,D
14:48:03,JSMR,RG,3300,16,D,PD,BK,D
14:47:59,JSMR,RG,3310,3,F,CS,YU,D
14:47:59,JSMR,RG,3310,2,F,CS,YU,D
14:47:59,JSMR,RG,3310,5,F,CS,YU,D
14:47:59,JSMR,RG,3310,10,D,NI,YU,D
14:47:59,JSMR,RG,3310,45,F,ZP,YU,D
14:47:59,JSMR,RG,3310,1,D,CC,YU,D
14:47:59,JSMR,RG,3310,98,F,ZP,YU,D
14:47:59,JSMR,RG,3310,1,F,CS,YU,D
14:47:59,JSMR,RG,3310,3,F,CS,YU,D
14:47:59,JSMR,RG,3310,88,F,ZP,YU,D
14:47:54,JSMR,RG,3310,16,F,ZP,BK,D
14:47:51,JSMR,RG,3310,3,F,ZP,BK,D
14:47:48,JSMR,RG,3310,15,F,ZP,BK,D
14:47:43,JSMR,RG,3310,5,F,ZP,YP,D
14:47:42,JSMR,RG,3310,16,F,ZP,BK,D
14:47:40,JSMR,RG,3310,6,F,ZP,CP,D
14:47:40,JSMR,RG,3310,2,F,CS,CP,D
14:47:40,JSMR,RG,3310,20,D,MG,CP,D
14:47:40,JSMR,RG,3310,2,F,ZP,CP,D
14:47:40,JSMR,RG,3320,3,F,CS,YU,D
14:47:36,JSMR,RG,3310,16,F,ZP,BK,D
14:47:31,JSMR,RG,3310,1,F,ZP,BK,D
14:47:31,JSMR,RG,3310,14,F,ZP,BK,D
14:47:30,JSMR,RG,3320,4,F,CS,YU,D
14:47:28,JSMR,RG,3310,3,F,ZP,BK,D
14:47:22,JSMR,RG,3310,15,F,ZP,BK,D
14:47:19,JSMR,RG,3320,3,F,CS,YU,D
14:47:17,JSMR,RG,3310,14,F,ZP,BK,D
14:47:10,JSMR,RG,3310,3,F,ZP,BK,D
14:47:10,JSMR,RG,3310,14,F,ZP,BK,D
14:47:10,JSMR,RG,3320,1,F,CS,YU,D
14:47:07,JSMR,RG,3320,3,F,CS,YU,D
14:47:06,JSMR,RG,3310,14,F,ZP,BK,D
14:47:01,JSMR,RG,3310,14,F,ZP,BK,D
14:46:56,JSMR,RG,3320,4,F,CS,YU,D
14:46:56,JSMR,RG,3310,16,F,ZP,BK,D
14:46:51,JSMR,RG,3310,15,F,ZP,BK,D
14:46:48,JSMR,RG,3310,15,F,ZP,BK,D
14:46:47,JSMR,RG,3310,100,F,ZP,YU,D
14:46:47,JSMR,RG,3310,120,F,ZP,BK,F
14:46:47,JSMR,RG,3310,8,F,ZP,BK,F
14:46:47,JSMR,RG,3310,14,F,ZP,BK,F
14:46:47,JSMR,RG,3310,37,F,YU,BK,F
14:46:47,JSMR,RG,3310,10,D,CC,BK,F
14:46:44,JSMR,RG,3310,15,D,CC,BK,D
14:46:42,JSMR,RG,3320,20,D,MG,YU,D
14:46:40,JSMR,RG,3310,200,D,CC,YU,D
14:46:35,JSMR,RG,3320,1,F,CS,YU,D
14:46:35,JSMR,RG,3320,1,F,CS,YU,D
14:46:35,JSMR,RG,3320,3,F,CS,YU,D
14:46:35,JSMR,RG,3320,1,F,CS,YU,D
14:46:35,JSMR,RG,3310,3,D,CC,BK,D
14:46:35,JSMR,RG,3310,36,D,CC,BK,D
14:46:35,JSMR,RG,3310,1,D,CC,BK,D
14:46:35,JSMR,RG,3310,24,D,CC,BK,D
14:46:35,JSMR,RG,3310,2,D,CC,XC,D
14:46:35,JSMR,RG,3310,10,D,CC,YB,D
14:46:35,JSMR,RG,3310,119,D,CC,BK,F
14:46:35,JSMR,RG,3310,215,D,CC,YU,D
14:46:27,JSMR,RG,3310,3,F,CS,YU,D
14:46:17,JSMR,RG,3310,4,F,CS,YU,D
14:46:07,JSMR,RG,3310,2,F,CS,YU,D
14:46:00,JSMR,RG,3310,1,F,CS,YU,D
14:45:57,JSMR,RG,3310,4,F,CS,YU,D
14:45:44,JSMR,RG,3310,3,F,CS,YU,D
14:45:37,JSMR,RG,3310,3,F,CS,YU,D
14:45:27,JSMR,RG,3310,4,F,CS,YU,D
14:45:17,JSMR,RG,3310,3,F,CS,YU,D
14:45:05,JSMR,RG,3310,6,F,CS,YU,D
14:44:38,JSMR,RG,3300,60,D,PD,YB,D
14:44:38,JSMR,RG,3300,342,D,PD,YU,D
14:44:38,JSMR,RG,3300,15,D,PD,YU,D
14:44:38,JSMR,RG,3300,35,D,PD,YU,D
14:44:35,JSMR,RG,3300,5,D,CC,YU,D
14:44:23,JSMR,RG,3300,1,F,CS,YU,D
14:44:21,JSMR,RG,3300,2,F,CS,YU,D
14:44:21,JSMR,RG,3300,23,D,PD,YU,D
14:44:19,JSMR,RG,3300,4,F,CS,YU,D
14:44:15,JSMR,RG,3300,3,F,CS,YU,D
14:44:15,JSMR,RG,3300,10,D,ZP,YU,D
14:44:15,JSMR,RG,3300,36,F,YU,YU,D
14:44:15,JSMR,RG,3300,200,D,SQ,YU,D
14:44:15,JSMR,RG,3300,20,D,MG,YU,D
14:44:15,JSMR,RG,3300,5,F,ZP,YU,D
14:44:15,JSMR,RG,3300,1,D,NI,YU,D
14:44:15,JSMR,RG,3300,5,F,CS,YU,D
14:44:15,JSMR,RG,3300,192,F,ZP,YU,D
14:44:15,JSMR,RG,3300,30,D,DH,YU,D
14:44:15,JSMR,RG,3300,100,D,YP,YU,D
14:44:15,JSMR,RG,3300,10,D,DX,YU,D
14:44:15,JSMR,RG,3300,5,D,SQ,YU,D
14:44:15,JSMR,RG,3300,1,D,YP,YU,D
14:44:15,JSMR,RG,3300,8,F,ZP,YU,D
14:44:15,JSMR,RG,3300,1,D,PD,YU,D
14:44:15,JSMR,RG,3300,1,D,YP,YU,D
14:44:15,JSMR,RG,3300,87,D,NI,YU,D
14:44:15,JSMR,RG,3300,3,D,CC,YU,D
14:44:15,JSMR,RG,3300,2,D,NI,YU,D
14:44:15,JSMR,RG,3300,2,D,SQ,YU,D
14:44:15,JSMR,RG,3300,50,D,PD,YU,D
14:44:15,JSMR,RG,3300,1,D,YP,YU,D
14:44:15,JSMR,RG,3300,20,D,KK,YU,D
14:44:15,JSMR,RG,3300,69,F,AK,YU,D
14:44:15,JSMR,RG,3300,35,F,YU,YU,D
14:44:15,JSMR,RG,3300,11,F,ZP,YU,D
14:44:15,JSMR,RG,3300,22,D,PD,YU,D
14:44:03,JSMR,RG,3310,4,F,CS,YU,D
14:43:52,JSMR,RG,3310,3,F,CS,YU,D
14:43:50,JSMR,RG,3310,1,D,XC,YU,D
14:43:45,JSMR,RG,3310,25,D,PD,YU,D
14:43:41,JSMR,RG,3310,3,F,CS,YU,D
14:43:31,JSMR,RG,3310,3,F,CS,YU,D
14:43:22,JSMR,RG,3310,4,F,CS,YU,D
14:43:12,JSMR,RG,3310,4,F,CS,YU,D
14:42:57,JSMR,RG,3310,3,F,CS,YU,D
14:42:51,JSMR,RG,3310,2,F,CS,YU,D
14:42:51,JSMR,RG,3310,1,F,CS,NI,D
14:42:41,JSMR,RG,3310,3,F,CS,NI,D
14:42:31,JSMR,RG,3310,4,F,CS,YU,D
14:42:19,JSMR,RG,3310,3,F,CS,YU,D
14:42:09,JSMR,RG,3310,1,F,CS,YU,D
14:42:09,JSMR,RG,3310,3,F,CS,YU,D
14:42:00,JSMR,RG,3310,2,F,CS,YU,D
14:41:48,JSMR,RG,3310,2,D,PD,YU,D
14:41:35,JSMR,RG,3310,11,F,ZP,YU,D
14:41:35,JSMR,RG,3310,6,F,ZP,YU,D
14:41:35,JSMR,RG,3310,55,F,AK,YU,D
14:41:35,JSMR,RG,3310,1,F,CS,YU,D
14:41:35,JSMR,RG,3310,366,F,ZP,YU,D
14:41:35,JSMR,RG,3310,6,F,CS,YU,D
14:41:35,JSMR,RG,3310,1,F,CS,YU,D
14:41:35,JSMR,RG,3310,39,F,YU,YU,D
14:41:33,JSMR,RG,3320,25,D,PD,YU,D
14:41:32,JSMR,RG,3320,4,F,CS,YU,D
14:41:32,JSMR,RG,3320,36,F,YU,YU,D
14:41:20,JSMR,RG,3320,1,F,CS,YU,D
14:41:17,JSMR,RG,3320,2,F,CS,YU,D
14:41:11,JSMR,RG,3320,5,F,CS,YU,D
14:40:54,JSMR,RG,3320,5,F,CS,YU,D
14:40:40,JSMR,RG,3320,7,F,CS,YU,D
14:40:24,JSMR,RG,3320,4,F,ZP,YU,D
14:40:24,JSMR,RG,3310,1,F,ZP,PD,D
14:40:19,JSMR,RG,3310,3,F,CS,PD,D
14:40:09,JSMR,RG,3310,3,F,CS,PD,D
14:40:00,JSMR,RG,3310,2,F,CS,PD,D
14:39:54,JSMR,RG,3310,2,F,CS,PD,D
14:39:54,JSMR,RG,3310,19,D,YP,PD,D
14:39:54,JSMR,RG,3310,3,D,YP,NI,D
14:39:54,JSMR,RG,3310,28,D,YP,YU,D
14:39:50,JSMR,RG,3310,1,F,CS,YU,D
14:39:47,JSMR,RG,3310,1,F,CS,YU,D
14:39:47,JSMR,RG,3310,1,F,CS,BK,F
14:39:46,JSMR,RG,3310,12,F,ZP,BK,F
14:39:44,JSMR,RG,3310,1,D,YP,BK,F
14:39:42,JSMR,RG,3310,15,D,PD,BK,F
14:39:39,JSMR,RG,3310,3,F,CS,BK,F
14:39:36,JSMR,RG,3310,1,D,YP,BK,F
14:39:30,JSMR,RG,3310,4,F,CS,BK,F
14:39:25,JSMR,RG,3310,1,D,YP,BK,F
14:39:21,JSMR,RG,3310,35,F,YU,BK,F
14:39:20,JSMR,RG,3310,4,F,CS,BK,F
14:39:15,JSMR,RG,3310,1,D,YP,BK,F
14:39:07,JSMR,RG,3310,3,F,CS,BK,F
14:38:58,JSMR,RG,3310,1,D,YP,BK,F
14:38:58,JSMR,RG,3310,2,F,CS,BK,F
14:38:52,JSMR,RG,3310,2,F,CS,BK,F
14:38:47,JSMR,RG,3310,1,F,CS,BK,F
14:38:43,JSMR,RG,3310,2,F,CS,BK,F
14:38:40,JSMR,RG,3310,1,D,YP,BK,F
14:38:38,JSMR,RG,3310,29,D,LG,BK,F
14:38:38,JSMR,RG,3310,21,D,LG,YP,D
14:38:37,JSMR,RG,3310,3,D,XC,YP,D
14:38:36,JSMR,RG,3310,5,F,CS,YP,D
14:38:28,JSMR,RG,3310,1,D,YP,YP,D
14:38:22,JSMR,RG,3310,2,F,CS,YP,D
14:38:14,JSMR,RG,3310,4,F,CS,YP,D
14:38:04,JSMR,RG,3310,3,F,CS,YP,D
14:37:54,JSMR,RG,3310,1,F,CS,YP,D
14:37:54,JSMR,RG,3310,2,F,CS,NI,D
14:37:44,JSMR,RG,3310,5,F,CS,NI,D
14:37:32,JSMR,RG,3300,5,D,PD,BK,D
14:37:32,JSMR,RG,3300,36,D,PD,BK,D
14:37:30,JSMR,RG,3310,1,F,ZP,NI,D
14:37:30,JSMR,RG,3310,6,F,ZP,YP,D
14:37:30,JSMR,RG,3310,4,F,ZP,YP,D
14:37:30,JSMR,RG,3310,5,F,ZP,NI,D
14:37:30,JSMR,RG,3310,2,F,CS,NI,D
14:37:30,JSMR,RG,3300,1,D,PD,AK,F
14:37:30,JSMR,RG,3300,7,D,PD,BK,D
14:37:30,JSMR,RG,3300,1,D,PD,AK,F
14:37:30,JSMR,RG,3300,3,D,PD,BK,D
14:37:30,JSMR,RG,3300,25,D,PD,BK,D
14:37:24,JSMR,RG,3300,1,F,CS,BK,D
14:37:22,JSMR,RG,3300,1,F,CS,BK,D
14:37:17,JSMR,RG,3300,1,F,CS,BK,D
14:37:17,JSMR,RG,3300,31,F,AK,BK,D
14:37:17,JSMR,RG,3300,7,F,AK,YP,D
14:37:15,JSMR,RG,3300,42,F,AK,YP,D
14:37:15,JSMR,RG,3300,16,F,AK,YP,D
14:37:15,JSMR,RG,3300,87,F,AK,YP,D
14:37:15,JSMR,RG,3300,612,F,AK,YP,D
14:37:14,JSMR,RG,3300,2,F,CS,YP,D
14:37:08,JSMR,RG,3300,2,F,CS,YP,D
14:37:08,JSMR,RG,3290,16,D,EP,BK,D
14:37:04,JSMR,RG,3300,3,F,CS,YP,D
14:36:54,JSMR,RG,3300,3,F,CS,YP,D
14:36:46,JSMR,RG,3290,1,D,EP,AK,F
14:36:44,JSMR,RG,3300,1,F,AK,YP,D
14:36:44,JSMR,RG,3290,14,D,EP,BK,D
14:36:44,JSMR,RG,3300,4,F,CS,YP,D
14:36:34,JSMR,RG,3300,3,F,CS,YP,D
14:36:24,JSMR,RG,3300,4,F,CS,YP,D
14:36:17,JSMR,RG,3300,20,D,YP,YP,D
14:36:13,JSMR,RG,3300,3,F,CS,YP,D
14:36:02,JSMR,RG,3300,3,F,CS,YP,D
14:35:58,JSMR,RG,3300,25,D,PD,YP,D
14:35:52,JSMR,RG,3300,5,F,CS,YP,D
14:35:33,JSMR,RG,3300,25,D,SQ,YP,D
14:34:39,JSMR,RG,3300,4,D,EP,YP,D
14:34:39,JSMR,RG,3300,5,D,YP,YP,D
14:34:39,JSMR,RG,3300,234,F,ZP,YP,D
14:34:39,JSMR,RG,3300,4,F,ZP,YP,D
14:34:39,JSMR,RG,3300,2,F,ZP,YP,D
14:34:39,JSMR,RG,3300,1,F,CS,YP,D
14:34:39,JSMR,RG,3300,35,F,YU,YP,D
14:34:39,JSMR,RG,3300,43,D,BQ,YP,D
14:33:16,JSMR,RG,3300,1,D,BQ,AK,F
14:33:16,JSMR,RG,3300,1,D,BQ,AK,F
14:33:16,JSMR,RG,3300,55,D,BQ,BK,D
14:32:50,JSMR,RG,3300,1,D,CC,BK,D
14:32:37,JSMR,RG,3300,1,D,SQ,BK,D
14:32:24,JSMR,RG,3300,99,D,YP,BK,D
14:32:24,JSMR,RG,3300,1,D,YP,BK,D
14:32:07,JSMR,RG,3300,1,F,AK,BK,D
14:32:07,JSMR,RG,3300,2,F,AK,BK,D
14:32:07,JSMR,RG,3300,4,F,AK,BK,D
14:32:07,JSMR,RG,3290,267,D,EP,OD,D
14:32:01,JSMR,RG,3300,10,D,PD,OD,D
14:32:00,JSMR,RG,3300,7,F,AK,OD,D
14:31:59,JSMR,RG,3300,15,F,AK,OD,D
14:31:58,JSMR,RG,3300,30,F,AK,OD,D
14:31:58,JSMR,RG,3300,56,F,ZP,OD,D
14:31:58,JSMR,RG,3300,26,F,ZP,OD,D
14:31:58,JSMR,RG,3300,1,D,XC,OD,D
14:31:58,JSMR,RG,3300,1,D,YB,OD,D
14:31:58,JSMR,RG,3300,5,D,LG,OD,D
14:31:58,JSMR,RG,3300,10,D,DR,OD,D
14:31:58,JSMR,RG,3300,100,D,OD,OD,D
14:31:58,JSMR,RG,3300,1,D,PD,OD,D
14:31:58,JSMR,RG,3300,1,D,CC,OD,D
14:31:58,JSMR,RG,3300,5,D,PD,OD,D
14:31:58,JSMR,RG,3300,2,D,OD,OD,D
14:31:58,JSMR,RG,3300,5,D,YP,OD,D
14:31:58,JSMR,RG,3300,40,D,YP,OD,D
14:31:58,JSMR,RG,3300,1,D,KK,OD,D
14:31:58,JSMR,RG,3300,60,D,YP,OD,D
14:31:58,JSMR,RG,3300,1,D,YP,OD,D
14:31:58,JSMR,RG,3300,2,D,XC,OD,D
14:31:58,JSMR,RG,3300,17,F,YU,OD,D
14:31:58,JSMR,RG,3300,1,D,ZP,OD,D
14:31:58,JSMR,RG,3300,40,D,YP,OD,D
14:31:58,JSMR,RG,3300,5,D,CC,OD,D
14:31:58,JSMR,RG,3300,1,D,SQ,OD,D
14:31:58,JSMR,RG,3300,3,D,SQ,OD,D
14:31:58,JSMR,RG,3300,2,D,NI,OD,D
14:31:58,JSMR,RG,3300,10,D,KK,OD,D
14:31:58,JSMR,RG,3300,10,D,KK,OD,D
14:31:58,JSMR,RG,3300,30,D,YP,OD,D
14:31:58,JSMR,RG,3300,10,D,NI,OD,D
14:31:58,JSMR,RG,3300,8,D,YP,OD,D
14:31:58,JSMR,RG,3300,5,D,YP,OD,D
14:31:58,JSMR,RG,3300,1,D,YP,OD,D
14:31:58,JSMR,RG,3300,16,D,YP,OD,D
14:31:58,JSMR,RG,3300,1,D,XC,OD,D
14:31:58,JSMR,RG,3300,2,D,YP,OD,D
14:31:58,JSMR,RG,3300,27,D,PD,OD,D
14:31:58,JSMR,RG,3300,151,D,EP,OD,D
14:31:58,JSMR,RG,3300,25,D,NI,OD,D
14:31:58,JSMR,RG,3300,1,D,SQ,OD,D
14:31:58,JSMR,RG,3300,1,D,KK,OD,D
14:31:58,JSMR,RG,3300,167,D,YP,OD,D
14:31:58,JSMR,RG,3300,5,D,SQ,OD,D
14:31:58,JSMR,RG,3300,2,D,XC,OD,D
14:31:58,JSMR,RG,3300,8,D,PD,OD,D
14:31:58,JSMR,RG,3300,50,D,SQ,OD,D
14:31:58,JSMR,RG,3300,3,D,PD,OD,D
14:31:58,JSMR,RG,3300,7,D,LG,OD,D
14:31:56,JSMR,RG,3300,13,D,LG,BK,D
14:31:56,JSMR,RG,3300,1,F,ZP,BK,D
14:31:52,JSMR,RG,3310,1,D,XL,OD,D
14:31:50,JSMR,RG,3310,32,F,YU,OD,D
14:31:50,JSMR,RG,3310,67,F,ZP,OD,D
14:30:46,JSMR,RG,3310,2,F,ZP,BK,D
14:30:46,JSMR,RG,3310,1,F,CS,BK,D
14:30:46,JSMR,RG,3310,5,F,ZP,BK,D
14:30:46,JSMR,RG,3310,14,F,ZP,BK,D
14:30:35,JSMR,RG,3310,1,F,ZP,XC,D
14:30:28,JSMR,RG,3310,2,F,ZP,YU,D
14:30:28,JSMR,RG,3310,14,D,XC,YU,D
14:30:28,JSMR,RG,3310,6,D,NI,YU,D
14:30:28,JSMR,RG,3310,77,F,ZP,YU,D
14:30:28,JSMR,RG,3310,50,D,LG,YU,D
14:30:28,JSMR,RG,3310,2,F,ZP,YU,D
14:30:28,JSMR,RG,3310,6,F,ZP,YU,D
14:30:28,JSMR,RG,3310,1,D,YP,YU,D
14:30:28,JSMR,RG,3310,40,F,YU,YU,D
14:30:28,JSMR,RG,3310,86,F,ZP,YU,D
14:30:28,JSMR,RG,3310,1,F,CS,YU,D
14:30:28,JSMR,RG,3310,15,D,PD,YU,D
14:30:20,JSMR,RG,3310,5,D,PD,PD,D
14:30:00,JSMR,RG,3310,5,D,PD,BK,D
14:30:00,JSMR,RG,3310,10,F,ZP,BK,D
14:28:39,JSMR,RG,3310,4,F,ZP,NI,D
14:28:33,JSMR,RG,3320,27,F,YU,YU,D
14:28:33,JSMR,RG,3320,6,F,YU,BK,D
14:27:58,JSMR,RG,3320,2,D,NI,BK,D
14:27:54,JSMR,RG,3310,10,F,ZP,BK,D
14:26:28,JSMR,RG,3320,29,D,AZ,BK,D
14:26:25,JSMR,RG,3310,23,F,ZP,YB,D
14:26:12,JSMR,RG,3310,2,F,ZP,YP,D
14:25:56,JSMR,RG,3310,71,F,ZP,YU,D
14:25:56,JSMR,RG,3310,1,F,CS,YU,D
14:25:56,JSMR,RG,3310,100,D,OD,YU,D
14:25:56,JSMR,RG,3310,16,F,AK,YU,D
14:25:56,JSMR,RG,3310,7,F,ZP,YU,D
14:25:56,JSMR,RG,3310,5,F,ZP,YU,D
14:25:50,JSMR,RG,3310,155,F,AK,YU,D
14:25:50,JSMR,RG,3310,5,D,YP,YU,D
14:25:50,JSMR,RG,3310,18,F,ZP,YU,D
14:25:50,JSMR,RG,3310,34,F,YU,YU,D
14:25:50,JSMR,RG,3310,1,D,KK,YU,D
14:25:50,JSMR,RG,3310,1,D,PD,YU,D
14:25:50,JSMR,RG,3310,161,F,ZP,YU,D
14:25:50,JSMR,RG,3310,11,F,ZP,YU,D
14:25:50,JSMR,RG,3310,1,F,CS,YU,D
14:25:50,JSMR,RG,3310,13,F,YU,YU,D
14:25:25,JSMR,RG,3320,3,D,LG,BK,D
14:25:25,JSMR,RG,3320,3,D,LG,XC,D
14:25:25,JSMR,RG,3320,6,D,LG,XC,D
14:25:25,JSMR,RG,3320,1,D,LG,PD,D
14:25:25,JSMR,RG,3320,1,D,LG,NI,D
14:25:25,JSMR,RG,3320,10,D,LG,CC,D
14:25:25,JSMR,RG,3320,1,D,LG,AZ,D
14:25:25,JSMR,RG,3320,25,D,LG,YP,D
14:24:54,JSMR,RG,3320,5,D,YP,YP,D
14:23:06,JSMR,RG,3310,23,F,YU,OD,D
14:23:06,JSMR,RG,3310,3,D,XC,OD,D
14:23:06,JSMR,RG,3310,9,D,XL,OD,D
14:23:06,JSMR,RG,3310,24,F,ZP,OD,D
14:23:06,JSMR,RG,3310,403,F,ZP,OD,D
14:23:06,JSMR,RG,3310,1,F,CS,OD,D
14:23:06,JSMR,RG,3310,18,F,YU,OD,D
14:23:06,JSMR,RG,3310,1,D,SQ,OD,D
14:21:37,JSMR,RG,3310,1,D,SQ,AK,F
14:20:44,JSMR,RG,3320,25,D,PD,YP,D
14:20:14,JSMR,RG,3320,22,D,PD,YP,D
14:20:14,JSMR,RG,3320,1,D,PD,YP,D
14:20:14,JSMR,RG,3320,2,D,PD,PD,D
14:20:08,JSMR,RG,3310,25,D,NI,BK,D
14:20:08,JSMR,RG,3310,2,D,NI,NI,D
14:20:08,JSMR,RG,3310,1,D,NI,CC,D
14:20:08,JSMR,RG,3310,25,D,NI,BK,D
14:20:08,JSMR,RG,3310,4,D,NI,NI,D
14:20:08,JSMR,RG,3310,26,D,NI,BK,D
14:20:08,JSMR,RG,3310,20,D,NI,LG,D
14:20:08,JSMR,RG,3310,1,D,NI,AK,F
14:20:08,JSMR,RG,3310,2,D,NI,BK,D
14:19:45,JSMR,RG,3310,2,D,KK,BK,D
14:19:31,JSMR,RG,3310,3,D,YP,BK,D
14:19:15,JSMR,RG,3310,1,D,PD,BK,D
14:18:42,JSMR,RG,3310,2,F,AK,BK,D
14:18:42,JSMR,RG,3310,28,F,AK,BK,D
14:18:42,JSMR,RG,3310,10,F,AK,BK,F
14:18:41,JSMR,RG,3310,68,F,ZP,BK,F
14:18:21,JSMR,RG,3310,22,F,ZP,BK,F
14:17:48,JSMR,RG,3310,40,D,YP,BK,F
14:17:32,JSMR,RG,3310,25,D,AZ,BK,F
14:17:20,JSMR,RG,3310,27,D,PD,BK,F
14:16:36,JSMR,RG,3310,2,F,ZP,BK,F
14:16:36,JSMR,RG,3310,1,F,ZP,NI,D
14:16:36,JSMR,RG,3310,23,F,ZP,BK,D
14:16:36,JSMR,RG,3310,23,F,ZP,BK,D
14:16:36,JSMR,RG,3310,21,F,ZP,BK,D
14:16:36,JSMR,RG,3310,7,F,ZP,NI,D
14:16:36,JSMR,RG,3310,5,F,ZP,YP,D
14:16:36,JSMR,RG,3310,46,F,ZP,LG,D
14:16:36,JSMR,RG,3310,24,F,ZP,BK,D
14:16:36,JSMR,RG,3310,1,F,ZP,XL,D
14:16:32,JSMR,RG,3310,4,D,GR,XL,D
14:16:19,JSMR,RG,3300,16,F,ZP,BK,D
14:15:20,JSMR,RG,3310,1,D,CC,XL,D
14:15:00,JSMR,RG,3310,1,D,PD,XL,D
14:15:00,JSMR,RG,3310,4,D,PD,BK,D
14:14:24,JSMR,RG,3310,5,D,NI,BK,D
14:14:24,JSMR,RG,3300,9,F,ZP,BK,D
14:13:16,JSMR,RG,3300,643,F,AK,OD,D
14:13:16,JSMR,RG,3300,1,D,PD,OD,D
14:13:16,JSMR,RG,3300,25,D,YP,OD,D
14:13:16,JSMR,RG,3300,2,D,YP,OD,D
14:13:16,JSMR,RG,3300,40,D,CC,OD,D
14:13:16,JSMR,RG,3300,1,D,YB,OD,D
14:13:16,JSMR,RG,3300,1,D,EP,OD,D
14:13:16,JSMR,RG,3300,35,D,YP,OD,D
14:13:16,JSMR,RG,3300,1,F,CS,OD,D
14:13:16,JSMR,RG,3300,10,D,YP,OD,D
14:13:16,JSMR,RG,3300,205,D,OD,OD,D
14:12:13,JSMR,RG,3300,1,D,OD,NI,D
14:11:47,JSMR,RG,3310,1,D,PD,BK,D
14:11:47,JSMR,RG,3310,4,D,PD,NI,D
14:11:32,JSMR,RG,3300,1,D,OD,DH,D
14:11:22,JSMR,RG,3310,3,D,PD,NI,D
14:11:22,JSMR,RG,3310,7,D,PD,YP,D
14:11:17,JSMR,RG,3310,2,D,XC,YP,D
14:11:06,JSMR,RG,3310,2,D,CC,YP,D
14:11:06,JSMR,RG,3310,1,D,CC,AK,F
14:11:06,JSMR,RG,3310,2,D,CC,BK,D
14:11:00,JSMR,RG,3300,1,D,OD,AK,F
14:10:02,JSMR,RG,3310,5,D,NI,BK,D
14:09:14,JSMR,RG,3310,25,D,PD,BK,D
14:08:51,JSMR,RG,3310,100,D,DR,BK,D
14:08:41,JSMR,RG,3300,16,D,OD,BK,D
14:07:49,JSMR,RG,3300,16,D,OD,BK,D
14:07:35,JSMR,RG,3300,5,D,OD,YP,D
14:07:00,JSMR,RG,3300,15,D,OD,BK,D
14:06:13,JSMR,RG,3300,15,D,OD,BK,D
14:06:10,JSMR,RG,3300,10,D,OD,BK,D
14:05:54,JSMR,RG,3310,2,D,NI,BK,D
14:05:09,JSMR,RG,3300,19,D,OD,BK,D
14:04:00,JSMR,RG,3300,22,D,OD,BK,D
14:03:45,JSMR,RG,3310,2,D,KK,BK,D
14:03:30,JSMR,RG,3300,1,D,OD,AK,F
14:02:48,JSMR,RG,3300,22,D,OD,BK,D
14:02:33,JSMR,RG,3300,182,D,OD,OD,D
14:02:33,JSMR,RG,3300,48,F,ZP,OD,D
14:02:33,JSMR,RG,3300,1,D,XC,OD,D
14:02:33,JSMR,RG,3300,10,D,GR,OD,D
14:02:33,JSMR,RG,3300,4,F,ZP,OD,D
14:02:33,JSMR,RG,3300,50,D,OD,OD,D
14:02:33,JSMR,RG,3300,3,D,XC,OD,D
14:02:33,JSMR,RG,3300,10,D,YP,OD,D
14:02:33,JSMR,RG,3300,5,D,CC,OD,D
14:02:33,JSMR,RG,3300,71,F,ZP,OD,D
14:02:33,JSMR,RG,3300,4,F,ZP,OD,D
14:02:33,JSMR,RG,3300,94,F,AK,OD,D
14:01:58,JSMR,RG,3300,16,F,AK,BK,D
14:00:59,JSMR,RG,3300,19,F,AK,BK,D
14:00:13,JSMR,RG,3300,1,F,AK,AK,F
14:00:12,JSMR,RG,3300,15,F,AK,BK,D
13:59:24,JSMR,RG,3300,16,F,AK,BK,D
13:58:39,JSMR,RG,3300,15,F,AK,BK,D
13:57:49,JSMR,RG,3300,7,F,AK,BK,D
13:57:49,JSMR,RG,3300,5,D,NI,BK,D
13:57:49,JSMR,RG,3300,2,D,EP,BK,D
13:57:49,JSMR,RG,3300,2,D,XC,BK,D
13:56:45,JSMR,RG,3310,14,D,XC,BK,D
13:56:45,JSMR,RG,3310,9,D,XC,BK,D
13:56:45,JSMR,RG,3310,4,D,XC,YU,D
13:56:22,JSMR,RG,3300,3,D,XC,BK,D
13:56:22,JSMR,RG,3300,5,D,YP,BK,D
13:56:22,JSMR,RG,3300,2,D,OD,BK,D
13:56:22,JSMR,RG,3300,5,D,NI,BK,D
13:55:40,JSMR,RG,3300,15,F,ZP,BK,D
13:54:52,JSMR,RG,3300,15,F,ZP,BK,D
13:54:01,JSMR,RG,3300,18,F,ZP,BK,D
13:53:47,JSMR,RG,3300,5,F,ZP,YP,D
13:52:57,JSMR,RG,3300,21,F,ZP,BK,D
13:52:05,JSMR,RG,3300,15,F,ZP,BK,D
13:52:05,JSMR,RG,3300,1,F,CS,BK,D
13:52:05,JSMR,RG,3300,1,D,KK,BK,D
13:52:05,JSMR,RG,3300,1,F,ZP,BK,D
13:51:51,JSMR,RG,3300,6,F,ZP,BK,D
13:51:51,JSMR,RG,3300,3,D,CC,BK,D
13:51:21,JSMR,RG,3300,12,D,PD,BK,D
13:51:21,JSMR,RG,3300,2,D,XC,BK,D
13:50:57,JSMR,RG,3300,34,F,ZP,DR,D
13:50:57,JSMR,RG,3300,40,F,ZP,DR,D
13:50:57,JSMR,RG,3300,20,D,CP,DR,D
13:50:57,JSMR,RG,3300,1,D,NI,DR,D
13:50:57,JSMR,RG,3300,1,D,GR,DR,D
13:50:57,JSMR,RG,3300,8,D,XC,DR,D
13:50:57,JSMR,RG,3300,444,D,PD,DR,D
13:50:57,JSMR,RG,3300,50,D,YP,DR,D
13:50:57,JSMR,RG,3300,5,D,SQ,DR,D
13:50:57,JSMR,RG,3300,1,D,LS,DR,D
13:50:57,JSMR,RG,3300,1,D,GR,DR,D
13:50:57,JSMR,RG,3300,5,D,YP,DR,D
13:50:57,JSMR,RG,3300,100,D,KI,DR,D
13:50:57,JSMR,RG,3300,7,D,DH,DR,D
13:50:57,JSMR,RG,3300,5,D,XC,DR,D
13:50:57,JSMR,RG,3300,7,D,NI,DR,D
13:50:57,JSMR,RG,3300,3,D,AI,DR,D
13:50:57,JSMR,RG,3300,18,D,YP,DR,D
13:50:36,JSMR,RG,3300,12,D,YP,BK,D
13:50:36,JSMR,RG,3300,3,D,CC,BK,D
13:50:15,JSMR,RG,3310,2,D,CC,YU,D
13:49:40,JSMR,RG,3300,11,F,AK,BK,D
13:49:40,JSMR,RG,3300,2,D,PD,BK,D
13:49:40,JSMR,RG,3300,5,D,EP,BK,D
13:49:40,JSMR,RG,3300,1,F,ZP,BK,D
13:49:29,JSMR,RG,3310,1,D,CC,YU,D
13:49:19,JSMR,RG,3310,2,D,CC,YU,D
13:49:17,JSMR,RG,3310,85,F,ZP,YU,D
13:49:17,JSMR,RG,3310,6,F,ZP,YU,D
13:49:16,JSMR,RG,3310,10,F,ZP,YP,D
13:49:03,JSMR,RG,3310,44,F,ZP,YU,D
13:49:03,JSMR,RG,3310,10,F,ZP,YU,D
13:49:03,JSMR,RG,3310,16,D,XC,YU,D
13:49:03,JSMR,RG,3310,95,F,ZP,YU,D
13:49:03,JSMR,RG,3310,235,D,PD,YU,D
13:48:59,JSMR,RG,3310,14,D,PD,BK,D
13:48:57,JSMR,RG,3320,15,D,PD,PD,D
13:48:56,JSMR,RG,3310,195,D,PD,YU,D
13:48:56,JSMR,RG,3310,40,F,ZP,YU,D
13:48:56,JSMR,RG,3310,4,F,ZP,YU,D
13:48:56,JSMR,RG,3310,9,F,ZP,YU,D
13:48:56,JSMR,RG,3310,1,F,CS,YU,D
13:48:56,JSMR,RG,3310,50,D,KI,YU,D
13:48:56,JSMR,RG,3310,1,D,AI,YU,D
13:47:59,JSMR,RG,3310,2,D,AI,YU,D
13:47:59,JSMR,RG,3310,7,F,ZP,YU,D
13:47:59,JSMR,RG,3310,21,F,ZP,BK,D
13:47:19,JSMR,RG,3310,6,F,ZP,YU,D
13:47:19,JSMR,RG,3310,14,F,ZP,BK,D
13:46:36,JSMR,RG,3310,7,F,ZP,YU,D
13:46:36,JSMR,RG,3310,15,F,ZP,BK,D
13:46:00,JSMR,RG,3310,1,F,ZP,YP,D
13:45:23,JSMR,RG,3310,2,F,ZP,YU,D
13:45:23,JSMR,RG,3310,4,F,ZP,YP,D
13:44:56,JSMR,RG,3310,4,F,ZP,YU,D
13:44:56,JSMR,RG,3310,10,F,ZP,YP,D
13:44:44,JSMR,RG,3310,9,F,ZP,YU,D
13:44:43,JSMR,RG,3310,20,F,ZP,YP,D
13:43:36,JSMR,RG,3320,1,D,SQ,YB,D
13:40:58,JSMR,RG,3300,1,F,ZP,YU,D
13:40:58,JSMR,RG,3320,1,D,LS,YB,D
13:40:21,JSMR,RG,3300,35,F,ZP,YU,D
13:40:21,JSMR,RG,3300,45,F,ZP,YU,D
13:40:21,JSMR,RG,3300,1,F,CS,YU,D
13:40:21,JSMR,RG,3300,17,D,YP,YU,D
13:40:21,JSMR,RG,3310,5,F,ZP,BK,D
13:40:21,JSMR,RG,3310,14,F,ZP,BK,F
13:40:21,JSMR,RG,3310,63,F,ZP,BK,F
13:40:21,JSMR,RG,3300,1,D,YP,YU,D
13:40:21,JSMR,RG,3310,42,F,ZP,BK,F
13:40:21,JSMR,RG,3310,10,F,ZP,XC,D
13:40:21,JSMR,RG,3310,6,F,ZP,XC,D
13:40:21,JSMR,RG,3310,1,F,ZP,PD,D
13:40:21,JSMR,RG,3310,30,F,ZP,YP,D
13:40:21,JSMR,RG,3310,48,F,ZP,YP,D
13:40:21,JSMR,RG,3310,5,F,ZP,PD,D
13:40:21,JSMR,RG,3310,5,F,ZP,YB,D
13:40:21,JSMR,RG,3310,2,F,ZP,YP,D
13:40:21,JSMR,RG,3310,1,F,ZP,OD,D
13:39:16,JSMR,RG,3300,2,D,YP,YP,D
13:37:50,JSMR,RG,3290,23,D,EP,YU,D
13:37:50,JSMR,RG,3300,2,F,ZP,YU,D
13:37:50,JSMR,RG,3300,2,F,ZP,YU,D
13:37:50,JSMR,RG,3290,99,D,EP,YU,D
13:37:50,JSMR,RG,3300,2,D,YP,YU,D
13:37:50,JSMR,RG,3300,1,D,YP,AK,F
13:37:50,JSMR,RG,3300,9,D,YP,BK,D
13:37:50,JSMR,RG,3300,52,D,YP,BK,D
13:37:50,JSMR,RG,3300,236,D,YP,OD,D
13:37:21,JSMR,RG,3290,9,D,EP,YU,D
13:37:21,JSMR,RG,3290,17,D,EP,YU,D
13:37:21,JSMR,RG,3300,196,F,ZP,OD,D
13:37:19,JSMR,RG,3300,50,F,ZP,OD,D
13:37:15,JSMR,RG,3290,79,D,EP,YU,D
13:37:15,JSMR,RG,3290,185,D,EP,YU,D
13:37:15,JSMR,RG,3290,482,D,EP,OD,D
13:36:59,JSMR,RG,3290,22,D,EP,YU,D
13:36:59,JSMR,RG,3290,52,D,EP,YU,D
13:36:59,JSMR,RG,3310,192,F,ZP,OD,D
13:36:44,JSMR,RG,3290,30,D,EP,YU,D
13:36:43,JSMR,RG,3290,224,D,EP,YU,D
13:36:43,JSMR,RG,3290,3,D,EP,YU,D
13:36:43,JSMR,RG,3290,122,D,EP,YU,D
13:36:43,JSMR,RG,3300,8,D,YP,BK,D
13:36:43,JSMR,RG,3300,22,D,YP,BK,D
13:36:43,JSMR,RG,3300,24,D,YP,BK,D
13:36:43,JSMR,RG,3300,1,D,YP,AK,F
13:36:43,JSMR,RG,3300,91,D,YP,BK,D
13:36:43,JSMR,RG,3300,60,D,YP,CC,D
13:36:43,JSMR,RG,3300,2,D,YP,XC,D
13:36:43,JSMR,RG,3300,300,D,YP,YU,D
13:36:43,JSMR,RG,3300,13,D,YP,YP,D
13:36:43,JSMR,RG,3300,1,D,YP,PD,D
13:36:43,JSMR,RG,3300,2,D,YP,NI,D
13:36:43,JSMR,RG,3300,15,D,YP,YP,D
13:36:43,JSMR,RG,3300,150,D,YP,YP,D
13:36:43,JSMR,RG,3300,1,D,YP,XC,D
13:36:43,JSMR,RG,3300,3,D,YP,XC,D
13:36:43,JSMR,RG,3300,1,D,YP,YP,D
13:36:43,JSMR,RG,3300,1,D,YP,CC,D
13:36:43,JSMR,RG,3300,7,D,YP,NI,D
13:36:43,JSMR,RG,3300,7,D,YP,NI,D
13:36:43,JSMR,RG,3300,291,D,YP,OD,D
13:36:36,JSMR,RG,3290,3,D,EP,YU,D
13:36:36,JSMR,RG,3290,6,D,EP,YU,D
13:36:36,JSMR,RG,3290,2,D,EP,YU,D
13:36:36,JSMR,RG,3290,14,D,EP,BK,D
13:36:36,JSMR,RG,3290,1,F,ZP,BK,D
13:36:36,JSMR,RG,3290,5,F,ZP,BK,D
13:35:41,JSMR,RG,3290,17,F,ZP,BK,D
13:35:41,JSMR,RG,3290,1,F,CS,BK,D
13:35:41,JSMR,RG,3290,3,F,ZP,BK,D
13:34:21,JSMR,RG,3290,1,F,ZP,AK,F
13:30:11,JSMR,RG,3290,10,F,ZP,YU,D
13:30:11,JSMR,RG,3290,24,F,ZP,YU,D
13:30:11,JSMR,RG,3300,61,F,ZP,OD,D
13:30:10,JSMR,RG,3290,2,F,ZP,YU,D
13:30:10,JSMR,RG,3290,31,F,ZP,YU,D
13:30:10,JSMR,RG,3290,3,F,ZP,YU,D
13:30:10,JSMR,RG,3290,4,F,ZP,YU,D
13:30:09,JSMR,RG,3290,1,F,ZP,YU,D
13:30:09,JSMR,RG,3290,27,D,OD,YU,D
13:30:08,JSMR,RG,3290,42,D,OD,KK,F
13:30:08,JSMR,RG,3290,23,D,CC,KK,F
13:30:08,JSMR,RG,3290,1,D,CC,YU,D
13:30:07,JSMR,RG,3290,1,D,CC,YU,D
13:30:07,JSMR,RG,3290,2,D,YP,YU,D
13:30:07,JSMR,RG,3290,1,D,NI,YU,D
13:30:07,JSMR,RG,3290,10,D,PD,YU,D
13:30:07,JSMR,RG,3290,1,D,PD,YU,D
13:30:07,JSMR,RG,3290,1,D,SQ,YU,D
13:30:07,JSMR,RG,3290,24,D,BR,YU,D
13:30:07,JSMR,RG,3290,2,D,BR,AK,F
13:30:03,JSMR,RG,3290,1,D,BR,CC,D
13:30:03,JSMR,RG,3290,1,D,BR,CC,D
13:30:03,JSMR,RG,3290,3,D,BR,OD,D
13:30:02,JSMR,RG,3290,40,D,BR,YP,D
13:30:02,JSMR,RG,3290,40,D,BR,YP,D
13:30:02,JSMR,RG,3290,2,D,BR,XC,D
13:30:02,JSMR,RG,3290,1,D,BR,XC,D
13:30:01,JSMR,RG,3290,3,D,BR,PD,D
13:30:01,JSMR,RG,3290,3,D,BR,KK,D
13:30:01,JSMR,RG,3290,16,D,BR,BK,D
13:30:01,JSMR,RG,3290,9,D,BR,BK,D
13:30:01,JSMR,RG,3290,5,D,BR,YU,D
13:30:01,JSMR,RG,3290,50,D,BR,YU,D
13:30:00,JSMR,RG,3290,1,D,IF,YU,D
11:29:38,JSMR,RG,3280,100,D,NI,KI,D
11:29:37,JSMR,RG,3280,16,D,NI,BK,D
11:29:22,JSMR,RG,3290,1,F,ZP,YU,D
11:29:16,JSMR,RG,3290,5,D,TP,YU,D
11:29:10,JSMR,RG,3290,2,D,YP,YU,D
11:28:35,JSMR,RG,3290,1,D,YP,YU,D
11:28:20,JSMR,RG,3290,1,F,ZP,YU,D
11:28:20,JSMR,RG,3290,8,F,ZP,YU,D
11:28:20,JSMR,RG,3290,1,F,CS,YU,D
11:28:20,JSMR,RG,3290,17,D,PD,YU,D
11:28:20,JSMR,RG,3290,16,D,PD,BK,D
11:28:20,JSMR,RG,3290,1,D,PD,XC,D
11:28:20,JSMR,RG,3290,6,D,PD,YU,D
11:28:14,JSMR,RG,3290,1,D,CC,YU,D
11:27:28,JSMR,RG,3290,50,D,SQ,YU,D
11:27:10,JSMR,RG,3290,1,F,ZP,YU,D
11:27:10,JSMR,RG,3290,9,F,ZP,BK,F
11:27:10,JSMR,RG,3290,24,F,ZP,BK,F
11:27:10,JSMR,RG,3290,119,D,CP,BK,F
11:27:10,JSMR,RG,3290,92,D,CP,YU,D
11:27:10,JSMR,RG,3290,5,D,CP,NI,D
11:27:10,JSMR,RG,3290,16,D,CP,BK,D
11:27:10,JSMR,RG,3290,68,D,CP,BK,D
11:27:05,JSMR,RG,3280,16,D,NI,BK,D
11:26:44,JSMR,RG,3280,14,D,NI,BK,D
11:26:28,JSMR,RG,3280,14,D,NI,BK,D
11:26:07,JSMR,RG,3280,15,D,NI,BK,D
11:25:44,JSMR,RG,3280,15,D,NI,BK,D
11:25:27,JSMR,RG,3280,15,D,NI,BK,D
11:25:02,JSMR,RG,3280,16,D,NI,BK,D
11:24:39,JSMR,RG,3280,15,D,NI,BK,D
11:24:17,JSMR,RG,3280,16,D,NI,BK,D
11:24:11,JSMR,RG,3280,3,D,NI,CC,D
11:23:57,JSMR,RG,3280,14,D,NI,BK,D
11:23:29,JSMR,RG,3280,16,D,NI,BK,D
11:22:46,JSMR,RG,3280,16,D,NI,BK,D
11:22:36,JSMR,RG,3290,2,D,PD,BK,D
11:22:32,JSMR,RG,3280,1,D,NI,YP,D
11:22:00,JSMR,RG,3290,1,D,KK,BK,D
11:21:42,JSMR,RG,3290,1,D,PD,BK,D
11:20:34,JSMR,RG,3290,1,D,PD,BK,D
11:20:15,JSMR,RG,3290,132,D,LG,BK,D
11:20:15,JSMR,RG,3290,68,D,LG,YU,D
11:20:02,JSMR,RG,3290,1,D,CC,YU,D
11:19:55,JSMR,RG,3280,22,D,NI,BK,D
11:19:08,JSMR,RG,3280,2,D,NI,PD,D
11:18:58,JSMR,RG,3280,21,D,NI,BK,D
11:18:27,JSMR,RG,3290,10,D,PD,YU,D
11:18:23,JSMR,RG,3290,5,D,YP,YU,D
11:18:20,JSMR,RG,3290,1,D,YP,YU,D
11:18:11,JSMR,RG,3290,7,D,NI,YU,D
11:17:43,JSMR,RG,3280,1,D,NI,YP,D
11:17:34,JSMR,RG,3280,230,D,NI,OD,D
11:17:34,JSMR,RG,3280,1,D,KK,OD,D
11:17:34,JSMR,RG,3280,1,D,NI,OD,D
11:17:34,JSMR,RG,3280,1,D,YP,OD,D
11:17:34,JSMR,RG,3280,1,D,CC,OD,D
11:17:34,JSMR,RG,3280,1,D,EP,OD,D
11:17:34,JSMR,RG,3280,10,D,YP,OD,D
11:17:34,JSMR,RG,3280,1,D,PD,OD,D
11:17:34,JSMR,RG,3280,20,D,CC,OD,D
11:17:34,JSMR,RG,3280,10,D,YB,OD,D
11:17:34,JSMR,RG,3280,2,D,NI,OD,D
11:17:34,JSMR,RG,3280,100,D,YP,OD,D
11:17:34,JSMR,RG,3280,30,D,PD,OD,D
11:17:34,JSMR,RG,3280,18,D,YP,OD,D
11:17:34,JSMR,RG,3280,1,D,SQ,OD,D
11:17:34,JSMR,RG,3280,1,F,ZP,OD,D
11:17:34,JSMR,RG,3280,30,D,NI,OD,D
11:17:34,JSMR,RG,3280,3,D,CC,OD,D
11:17:34,JSMR,RG,3280,10,D,NI,OD,D
11:17:34,JSMR,RG,3280,1,D,KK,OD,D
11:17:34,JSMR,RG,3280,10,D,AZ,OD,D
11:17:34,JSMR,RG,3280,1,D,AZ,OD,D
11:17:34,JSMR,RG,3280,1,D,PD,OD,D
11:17:34,JSMR,RG,3280,1,D,GR,OD,D
11:17:34,JSMR,RG,3280,300,D,CP,OD,D
11:17:34,JSMR,RG,3280,5,D,YP,OD,D
11:17:34,JSMR,RG,3280,1,D,KK,OD,D
11:17:34,JSMR,RG,3280,2,D,PD,OD,D
11:17:34,JSMR,RG,3280,2,D,PD,OD,D
11:17:34,JSMR,RG,3280,88,D,DR,OD,D
11:17:34,JSMR,RG,3290,2,F,ZP,OD,D
11:17:34,JSMR,RG,3290,60,F,ZP,OD,D
11:17:34,JSMR,RG,3290,19,D,CC,OD,D
11:17:12,JSMR,RG,3290,32,D,CC,BK,D
11:17:00,JSMR,RG,3290,24,D,CC,YU,D
11:17:00,JSMR,RG,3290,1,D,YU,YU,D
11:17:00,JSMR,RG,3290,60,F,ZP,YU,D
11:17:00,JSMR,RG,3290,2,F,ZP,YU,D
11:17:00,JSMR,RG,3290,21,D,YP,YU,D
11:16:00,JSMR,RG,3290,4,D,YP,YU,D
11:16:00,JSMR,RG,3290,5,F,ZP,YU,D
11:16:00,JSMR,RG,3290,1,D,YP,YU,D
11:16:00,JSMR,RG,3290,1,F,CS,YU,D
11:16:00,JSMR,RG,3290,54,F,ZP,YU,D
11:15:57,JSMR,RG,3290,23,F,ZP,BK,D
11:15:27,JSMR,RG,3290,15,F,ZP,YB,D
11:15:02,JSMR,RG,3290,3,F,ZP,NI,D
11:14:45,JSMR,RG,3290,5,F,ZP,BK,D
11:14:45,JSMR,RG,3290,2,F,ZP,BK,D
11:14:45,JSMR,RG,3290,7,F,ZP,BK,D
11:14:42,JSMR,RG,3290,2,F,ZP,BK,D
11:14:42,JSMR,RG,3290,1,D,DR,BK,D
11:14:42,JSMR,RG,3290,1,D,GR,BK,D
11:14:42,JSMR,RG,3290,5,D,SQ,BK,D
11:14:42,JSMR,RG,3290,7,D,SQ,BK,D
11:14:42,JSMR,RG,3290,1,F,CS,BK,D
11:14:42,JSMR,RG,3290,5,D,PD,BK,D
11:14:37,JSMR,RG,3290,1,D,NI,EP,D
11:14:37,JSMR,RG,3290,71,F,ZP,EP,D
11:13:14,JSMR,RG,3290,26,F,ZP,BK,D
11:12:37,JSMR,RG,3290,1,F,ZP,AZ,D
11:12:02,JSMR,RG,3290,7,F,ZP,NI,D
11:11:13,JSMR,RG,3290,14,F,ZP,AK,F
11:11:13,JSMR,RG,3290,8,F,ZP,AK,F
11:11:13,JSMR,RG,3290,25,F,ZP,AK,F
11:11:12,JSMR,RG,3290,3,D,YP,YU,D
11:11:12,JSMR,RG,3290,3,D,YU,YU,D
11:11:12,JSMR,RG,3290,10,D,PD,YU,D
11:11:12,JSMR,RG,3290,1,D,CC,YU,D
11:11:12,JSMR,RG,3290,2,D,LS,YU,D
11:11:12,JSMR,RG,3290,50,D,CC,YU,D
11:11:12,JSMR,RG,3290,9,D,YP,YU,D
11:11:12,JSMR,RG,3290,50,D,LG,YU,D
11:11:12,JSMR,RG,3290,20,D,SQ,YU,D
11:11:12,JSMR,RG,3290,100,D,OD,YU,D
11:11:12,JSMR,RG,3290,10,D,NI,YU,D
11:11:12,JSMR,RG,3290,189,F,ZP,YU,D
11:11:12,JSMR,RG,3290,2,F,ZP,YU,D
11:11:12,JSMR,RG,3290,4,F,ZP,YU,D
11:11:12,JSMR,RG,3290,1,F,CS,YU,D
11:11:12,JSMR,RG,3290,86,D,OD,YU,D
11:08:10,JSMR,RG,3290,5,D,OD,YU,D
11:03:14,JSMR,RG,3300,15,D,EP,OD,D
10:59:37,JSMR,RG,3290,1,D,OD,CC,F
10:59:37,JSMR,RG,3290,8,D,OD,YU,D
10:58:59,JSMR,RG,3290,24,F,ZP,YU,D
10:58:59,JSMR,RG,3290,29,F,ZP,YU,D
10:58:59,JSMR,RG,3290,1,F,ZP,DH,D
10:58:59,JSMR,RG,3290,1,F,ZP,AK,F
10:58:59,JSMR,RG,3290,35,F,ZP,YU,D
10:58:59,JSMR,RG,3290,22,F,ZP,BK,D
10:58:59,JSMR,RG,3290,9,F,ZP,BK,D
10:58:56,JSMR,RG,3290,12,F,ZP,BK,D
10:58:56,JSMR,RG,3290,9,D,AZ,BK,D
10:58:56,JSMR,RG,3290,151,D,AZ,BK,F
10:58:56,JSMR,RG,3290,67,D,AZ,BK,D
10:58:56,JSMR,RG,3290,93,D,AZ,YU,D
10:58:49,JSMR,RG,3290,10,D,IF,YU,D
10:57:01,JSMR,RG,3290,4,F,ZP,YU,D
10:57:01,JSMR,RG,3290,100,D,CC,YU,D
10:56:36,JSMR,RG,3290,43,D,EP,YU,D
10:56:36,JSMR,RG,3290,10,D,EP,YU,D
10:56:36,JSMR,RG,3290,47,D,EP,YU,D
10:56:05,JSMR,RG,3290,44,D,CC,YU,D
10:56:05,JSMR,RG,3290,15,D,CC,NI,D
10:56:05,JSMR,RG,3290,1,D,CC,AK,F
10:56:05,JSMR,RG,3290,15,D,CC,BK,D
10:56:05,JSMR,RG,3290,25,D,CC,BK,D
10:56:00,JSMR,RG,3280,10,D,DR,GR,D
10:55:27,JSMR,RG,3290,25,D,SQ,BK,D
10:55:17,JSMR,RG,3280,289,D,DR,OD,D
10:55:05,JSMR,RG,3280,96,D,DR,OD,D
10:55:05,JSMR,RG,3280,98,D,DR,OD,D
10:54:44,JSMR,RG,3290,50,D,SQ,BK,D
10:54:34,JSMR,RG,3290,16,D,XC,BK,D
10:54:29,JSMR,RG,3290,94,D,OD,BK,D
10:54:29,JSMR,RG,3290,2,D,OD,YU,D
10:54:29,JSMR,RG,3290,54,D,OD,OD,D
10:54:09,JSMR,RG,3290,6,F,ZP,OD,D
10:54:02,JSMR,RG,3290,3,D,SQ,OD,D
10:53:48,JSMR,RG,3290,1,D,PD,OD,D
10:53:41,JSMR,RG,3290,1,D,YP,OD,D
10:53:18,JSMR,RG,3290,2,F,ZP,OD,D
10:53:17,JSMR,RG,3290,10,D,XC,OD,D
10:53:16,JSMR,RG,3280,32,D,DR,BK,D
10:53:07,JSMR,RG,3290,1,D,KK,OD,D
10:51:59,JSMR,RG,3280,23,D,DR,BK,D
10:51:57,JSMR,RG,3290,10,D,LS,OD,D
10:50:51,JSMR,RG,3280,21,D,DR,BK,D
10:50:43,JSMR,RG,3290,1,D,KK,OD,D
10:50:26,JSMR,RG,3290,5,F,ZP,OD,D
10:50:26,JSMR,RG,3290,14,F,ZP,OD,D
10:50:26,JSMR,RG,3290,3,D,XC,OD,D
10:50:25,JSMR,RG,3290,1,D,CC,OD,D
10:50:05,JSMR,RG,3280,14,D,DR,BK,D
10:49:44,JSMR,RG,3290,1,D,EP,OD,D
10:49:12,JSMR,RG,3280,31,D,DR,BK,D
10:49:05,JSMR,RG,3290,152,D,SQ,OD,D
10:48:15,JSMR,RG,3290,3,D,NI,OD,D
10:48:07,JSMR,RG,3280,20,D,DR,BK,D
10:47:35,JSMR,RG,3290,5,D,PD,OD,D
10:47:17,JSMR,RG,3290,2,D,PD,OD,D
10:46:48,JSMR,RG,3290,2,D,YP,OD,D
10:46:47,JSMR,RG,3280,25,D,DR,BK,D
10:46:40,JSMR,RG,3290,20,D,YP,OD,D
10:46:20,JSMR,RG,3290,1,D,PD,OD,D
10:46:17,JSMR,RG,3290,10,D,YP,OD,D
10:46:10,JSMR,RG,3290,53,D,YB,OD,D
10:46:10,JSMR,RG,3290,2,F,ZP,OD,D
10:46:10,JSMR,RG,3290,7,D,CC,OD,D
10:46:10,JSMR,RG,3290,3,F,ZP,OD,D
10:46:10,JSMR,RG,3290,76,F,ZP,OD,D
10:46:10,JSMR,RG,3290,3,D,GR,OD,D
10:46:10,JSMR,RG,3290,20,D,YB,OD,D
10:46:10,JSMR,RG,3290,1,D,PD,OD,D
10:46:10,JSMR,RG,3290,3,D,YP,OD,D
10:46:10,JSMR,RG,3290,1,D,KK,OD,D
10:46:10,JSMR,RG,3290,5,D,XC,OD,D
10:45:25,JSMR,RG,3290,10,F,ZP,YU,D
10:45:25,JSMR,RG,3290,24,F,ZP,BK,D
10:44:21,JSMR,RG,3290,3,F,ZP,YU,D
10:44:21,JSMR,RG,3290,7,F,ZP,NI,D
10:44:11,JSMR,RG,3290,5,F,ZP,YU,D
10:44:11,JSMR,RG,3290,6,F,ZP,YU,D
10:44:11,JSMR,RG,3290,11,F,ZP,BK,D
10:44:11,JSMR,RG,3290,13,F,ZP,BK,D
10:43:27,JSMR,RG,3290,8,F,ZP,YU,D
10:43:27,JSMR,RG,3290,45,F,ZP,YU,D
10:43:27,JSMR,RG,3290,3,F,ZP,YU,D
10:43:27,JSMR,RG,3290,17,F,ZP,AK,F
10:43:27,JSMR,RG,3290,5,D,YP,AK,F
10:43:27,JSMR,RG,3290,1,D,XC,AK,F
10:43:27,JSMR,RG,3290,1,D,YP,AK,F
10:43:27,JSMR,RG,3290,1,F,CS,AK,F
10:43:27,JSMR,RG,3290,60,D,DR,AK,F
10:43:27,JSMR,RG,3290,1,D,PD,AK,F
10:43:27,JSMR,RG,3290,6,D,XL,AK,F
10:43:27,JSMR,RG,3290,1,D,NI,AK,F
10:43:27,JSMR,RG,3290,32,F,ZP,AK,F
10:43:27,JSMR,RG,3290,6,D,YP,AK,F
10:43:16,JSMR,RG,3290,14,D,YP,YU,D
10:43:16,JSMR,RG,3290,7,D,XL,YU,D
10:43:16,JSMR,RG,3290,8,F,ZP,YU,D
10:43:16,JSMR,RG,3290,33,D,AO,YU,D
10:43:16,JSMR,RG,3290,26,D,AO,YU,D
10:43:16,JSMR,RG,3290,250,D,AO,AK,F
10:42:47,JSMR,RG,3300,2,D,PD,OD,D
10:42:33,JSMR,RG,3290,20,D,AO,YU,D
10:42:33,JSMR,RG,3290,46,D,AO,YU,D
10:42:33,JSMR,RG,3290,2,D,AO,YU,D
10:42:33,JSMR,RG,3290,45,D,AO,YU,D
10:42:33,JSMR,RG,3290,78,D,AO,BK,F
10:42:33,JSMR,RG,3290,17,F,ZP,BK,F
10:42:33,JSMR,RG,3290,1,D,KK,BK,F
10:42:33,JSMR,RG,3290,8,D,YU,BK,F
10:42:33,JSMR,RG,3290,1,D,CC,BK,F
10:42:33,JSMR,RG,3290,1,F,CS,BK,F
10:42:33,JSMR,RG,3290,1,D,KK,BK,F
10:42:33,JSMR,RG,3290,5,D,PD,BK,F
10:42:33,JSMR,RG,3290,107,D,PG,BK,F
10:42:32,JSMR,RG,3290,1,D,PG,YU,D
10:42:32,JSMR,RG,3290,1,D,PG,YU,D
10:42:32,JSMR,RG,3290,5,D,PG,YP,D
10:41:41,JSMR,RG,3290,1,D,PG,YU,D
10:41:40,JSMR,RG,3290,1,D,PG,YU,D
10:41:40,JSMR,RG,3300,5,D,YP,OD,D
10:39:36,JSMR,RG,3300,1,D,XC,OD,D
10:39:33,JSMR,RG,3290,1,D,PG,DH,D
10:38:37,JSMR,RG,3300,10,D,YP,OD,D
10:36:57,JSMR,RG,3300,10,D,YP,OD,D
10:35:31,JSMR,RG,3300,48,F,ZP,OD,D
10:34:24,JSMR,RG,3290,31,D,PG,YU,D
10:34:24,JSMR,RG,3290,2,D,PG,YU,D
10:34:24,JSMR,RG,3290,73,D,CC,YU,D
10:34:24,JSMR,RG,3290,2,D,CC,YU,D
10:34:24,JSMR,RG,3290,25,D,CC,YU,D
10:34:24,JSMR,RG,3290,5,F,ZP,YU,D
10:34:24,JSMR,RG,3290,20,D,PD,BK,F
10:34:24,JSMR,RG,3290,50,D,SQ,BK,F
10:34:24,JSMR,RG,3290,12,F,ZP,BK,F
10:34:24,JSMR,RG,3290,5,D,NI,BK,F
10:34:24,JSMR,RG,3290,5,D,PD,BK,F
10:34:24,JSMR,RG,3290,4,D,PD,BK,F
10:34:24,JSMR,RG,3290,1,D,PD,BK,F
10:34:24,JSMR,RG,3290,1,D,NI,BK,F
10:34:24,JSMR,RG,3290,1,D,CC,BK,F
10:34:24,JSMR,RG,3290,50,D,LS,BK,F
10:34:24,JSMR,RG,3290,2,D,YP,BK,F
10:34:24,JSMR,RG,3290,3,D,YP,BK,F
10:34:24,JSMR,RG,3290,10,D,LG,BK,F
10:34:24,JSMR,RG,3290,1,D,AZ,BK,F
10:34:24,JSMR,RG,3290,10,D,PD,BK,F
10:34:24,JSMR,RG,3290,5,D,AR,BK,F
10:34:24,JSMR,RG,3290,1,D,KK,BK,F
10:34:24,JSMR,RG,3290,69,F,ZP,BK,F
10:34:23,JSMR,RG,3290,1,F,ZP,YU,D
10:34:23,JSMR,RG,3290,1,D,YP,YU,D
10:34:23,JSMR,RG,3290,1,D,YP,YU,D
10:34:23,JSMR,RG,3290,3,D,YP,XC,D
10:34:23,JSMR,RG,3290,1,F,CS,XC,D
10:34:23,JSMR,RG,3290,4,F,ZP,XC,D
10:32:20,JSMR,RG,3290,2,F,ZP,YU,D
10:32:20,JSMR,RG,3300,12,D,RG,OD,D
10:31:25,JSMR,RG,3300,1,D,NI,OD,D
10:31:11,JSMR,RG,3300,1,D,NI,OD,D
10:29:08,JSMR,RG,3290,3,F,ZP,YU,D
10:29:08,JSMR,RG,3290,1,F,ZP,YU,D
10:29:08,JSMR,RG,3290,11,F,ZP,YU,D
10:29:08,JSMR,RG,3290,13,F,ZP,YU,D
10:29:08,JSMR,RG,3290,1,F,CS,YU,D
10:29:08,JSMR,RG,3290,6,D,PD,YU,D
10:29:08,JSMR,RG,3300,25,F,ZP,OD,D
10:29:08,JSMR,RG,3300,71,F,ZP,BK,D
10:29:03,JSMR,RG,3290,7,D,PD,YU,D
10:29:03,JSMR,RG,3290,30,D,PD,YP,D
10:29:03,JSMR,RG,3290,24,D,PD,YU,D
10:29:03,JSMR,RG,3290,7,D,PD,NI,D
10:29:03,JSMR,RG,3290,1,D,PD,AK,F
10:29:03,JSMR,RG,3290,16,D,PD,BK,D
10:29:03,JSMR,RG,3290,9,D,PD,YU,D
10:29:03,JSMR,RG,3290,10,D,PD,YU,D
10:28:50,JSMR,RG,3290,5,D,YP,YU,D
10:28:18,JSMR,RG,3290,5,D,YP,YU,D
10:28:12,JSMR,RG,3290,1,D,KK,YU,D
10:28:12,JSMR,RG,3290,8,D,YP,YU,D
10:28:12,JSMR,RG,3290,2,D,YP,YU,D
10:28:05,JSMR,RG,3290,4,D,YP,YU,D
10:28:05,JSMR,RG,3290,6,D,YP,BK,F
10:28:01,JSMR,RG,3290,10,D,YP,BK,F
10:28:01,JSMR,RG,3290,20,D,YP,BK,F
10:27:59,JSMR,RG,3290,10,D,YP,BK,F
10:27:57,JSMR,RG,3290,5,D,YP,BK,F
10:27:56,JSMR,RG,3290,4,D,YP,BK,F
10:27:53,JSMR,RG,3290,10,D,YP,BK,F
10:27:28,JSMR,RG,3290,10,D,KK,BK,F
10:27:28,JSMR,RG,3290,5,D,YP,BK,F
10:27:08,JSMR,RG,3290,11,D,YB,BK,F
10:27:07,JSMR,RG,3290,2,D,YP,BK,F
10:27:05,JSMR,RG,3290,1,F,ZP,BK,F
10:27:05,JSMR,RG,3290,5,F,ZP,BK,F
10:27:05,JSMR,RG,3290,21,D,EP,BK,F
10:27:05,JSMR,RG,3290,8,D,EP,BK,F
10:27:05,JSMR,RG,3290,11,D,EP,BK,F
10:27:05,JSMR,RG,3290,11,D,EP,BK,F
10:27:05,JSMR,RG,3290,1,D,EP,BK,D
10:27:05,JSMR,RG,3290,7,D,EP,BK,D
10:27:04,JSMR,RG,3290,1,D,DH,BK,D
10:27:02,JSMR,RG,3290,1,D,PD,BK,D
10:26:51,JSMR,RG,3290,4,D,NI,BK,D
10:26:51,JSMR,RG,3290,1,D,YP,CC,F
10:26:51,JSMR,RG,3290,1,D,YP,YU,D
10:26:39,JSMR,RG,3290,10,D,PD,YU,D
10:26:27,JSMR,RG,3290,10,D,PD,YU,D
10:26:26,JSMR,RG,3290,25,D,PD,YU,D
10:26:26,JSMR,RG,3290,80,D,SQ,YU,D
10:26:21,JSMR,RG,3290,2,D,KK,YU,D
10:26:14,JSMR,RG,3290,60,D,YP,YU,D
10:25:59,JSMR,RG,3290,1,F,ZP,YU,D
10:25:51,JSMR,RG,3290,5,D,YP,YU,D
10:25:29,JSMR,RG,3290,2,F,ZP,YU,D
10:25:28,JSMR,RG,3290,1,D,XA,YU,D
10:25:26,JSMR,RG,3290,26,D,YP,YU,D
10:25:25,JSMR,RG,3290,22,D,XC,YU,D
10:25:16,JSMR,RG,3290,25,D,NI,YU,D
10:25:12,JSMR,RG,3290,2,D,YP,YU,D
10:25:01,JSMR,RG,3290,2,D,YP,YU,D
10:24:41,JSMR,RG,3290,5,D,YU,YU,D
10:24:33,JSMR,RG,3290,3,D,YP,YU,D
10:24:28,JSMR,RG,3290,50,F,ZP,YU,D
10:24:28,JSMR,RG,3290,107,D,YP,YU,D
10:24:27,JSMR,RG,3290,2,D,YP,YU,D
10:24:22,JSMR,RG,3290,30,D,PD,YU,D
10:24:13,JSMR,RG,3290,5,D,PS,BK,D
10:24:10,JSMR,RG,3290,9,F,ZP,BK,D
10:24:10,JSMR,RG,3290,69,F,ZP,YU,D
10:24:10,JSMR,RG,3290,32,F,ZP,PD,D
10:24:00,JSMR,RG,3290,1,F,CS,PD,D
10:23:58,JSMR,RG,3290,15,D,YP,PD,D
10:23:31,JSMR,RG,3290,2,D,XC,PD,D
10:23:31,JSMR,RG,3290,3,D,XC,PD,D
10:23:30,JSMR,RG,3290,14,F,NI,PD,D
10:23:22,JSMR,RG,3290,1,F,ZP,PD,D
10:23:22,JSMR,RG,3290,2,F,ZP,PD,D
10:23:22,JSMR,RG,3290,1,D,YP,AK,F
10:23:22,JSMR,RG,3290,119,D,YP,OD,D
10:23:13,JSMR,RG,3290,1,D,PD,OD,D
10:23:04,JSMR,RG,3290,5,D,YU,OD,D
10:23:00,JSMR,RG,3290,7,D,PD,OD,D
10:22:56,JSMR,RG,3290,50,F,ZP,OD,D
10:22:54,JSMR,RG,3290,13,D,YP,OD,D
10:22:53,JSMR,RG,3290,1,D,NI,OD,D
10:22:48,JSMR,RG,3290,1,D,PD,OD,D
10:22:46,JSMR,RG,3290,11,D,YP,OD,D
10:22:44,JSMR,RG,3290,81,D,YP,OD,D
10:22:44,JSMR,RG,3290,25,D,YP,DR,D
10:22:44,JSMR,RG,3290,19,D,YP,YU,D
10:22:44,JSMR,RG,3290,3,D,YP,XC,D
10:22:44,JSMR,RG,3290,1,D,YP,AK,F
10:22:44,JSMR,RG,3290,7,D,YP,NI,D
10:22:44,JSMR,RG,3290,28,D,YP,YU,D
10:22:44,JSMR,RG,3290,1,D,YP,YB,D
10:22:44,JSMR,RG,3290,77,D,YP,AK,F
10:22:44,JSMR,RG,3290,1,D,YP,AK,F
10:22:44,JSMR,RG,3290,31,D,YP,BK,D
10:22:44,JSMR,RG,3290,30,D,YP,KK,D
10:22:44,JSMR,RG,3290,37,D,YP,BK,D
10:22:44,JSMR,RG,3290,51,F,ZP,BK,D
10:22:40,JSMR,RG,3290,3,F,ZP,BK,F
10:22:40,JSMR,RG,3290,12,F,ZP,BK,F
10:22:40,JSMR,RG,3290,74,D,PD,BK,F
10:22:40,JSMR,RG,3290,82,D,PD,BK,D
10:22:40,JSMR,RG,3290,16,D,PD,BK,D
10:22:40,JSMR,RG,3290,31,D,PD,BK,D
10:22:40,JSMR,RG,3290,29,D,PD,BK,D
10:22:40,JSMR,RG,3290,1,D,PD,XC,D
10:22:40,JSMR,RG,3290,29,D,PD,BK,D
10:22:40,JSMR,RG,3290,32,D,PD,BK,D
10:22:40,JSMR,RG,3290,9,D,PD,BK,F
10:22:24,JSMR,RG,3290,48,F,ZP,BK,F
10:22:23,JSMR,RG,3280,26,D,DR,YP,D
10:22:20,JSMR,RG,3290,10,D,GR,BK,F
10:21:57,JSMR,RG,3280,16,D,DR,BK,D
10:21:53,JSMR,RG,3290,1,D,OD,BK,F
10:21:12,JSMR,RG,3280,16,D,DR,BK,D
10:21:07,JSMR,RG,3290,38,F,ZP,BK,F
10:20:30,JSMR,RG,3290,2,F,ZP,BK,F
10:20:23,JSMR,RG,3280,17,D,DR,BK,D
10:20:13,JSMR,RG,3290,57,D,OD,BK,F
10:20:13,JSMR,RG,3290,43,D,OD,BK,F
10:20:03,JSMR,RG,3290,2,D,KK,BK,F
10:19:42,JSMR,RG,3280,15,D,DR,BK,D
10:19:32,JSMR,RG,3290,4,F,ZP,BK,F
10:19:03,JSMR,RG,3290,1,D,YP,BK,F
10:18:53,JSMR,RG,3290,3,D,XC,BK,F
10:18:18,JSMR,RG,3290,1,D,XL,BK,F
10:18:06,JSMR,RG,3280,35,D,DR,BK,D
10:17:40,JSMR,RG,3290,3,F,ZP,BK,F
10:17:37,JSMR,RG,3290,3,D,PD,BK,F
10:17:36,JSMR,RG,3290,1,D,XC,BK,F
10:17:30,JSMR,RG,3290,25,D,CC,BK,F
10:17:13,JSMR,RG,3290,30,D,YP,BK,F
10:16:51,JSMR,RG,3290,1,F,CS,BK,F
10:16:48,JSMR,RG,3290,14,D,CC,BK,F
10:16:28,JSMR,RG,3290,5,D,YB,BK,F
10:16:26,JSMR,RG,3280,34,D,DR,BK,D
10:15:45,JSMR,RG,3280,16,D,DR,BK,D
10:14:58,JSMR,RG,3280,16,D,DR,BK,D
10:14:35,JSMR,RG,3290,1,D,YP,BK,F
10:14:13,JSMR,RG,3280,16,D,DR,BK,D
10:14:03,JSMR,RG,3290,2,D,YP,BK,F
10:13:52,JSMR,RG,3280,1,D,DR,YB,D
10:13:43,JSMR,RG,3280,15,D,DR,BK,D
10:13:27,JSMR,RG,3280,17,D,DR,BK,D
10:12:31,JSMR,RG,3290,2,D,YP,BK,F
10:12:22,JSMR,RG,3290,2,D,YP,BK,F
10:12:09,JSMR,RG,3280,13,D,DR,BK,D
10:12:09,JSMR,RG,3280,5,D,NI,BK,D
10:12:09,JSMR,RG,3280,11,D,NI,BK,D
10:11:29,JSMR,RG,3280,9,D,NI,BK,D
10:11:29,JSMR,RG,3280,5,D,NI,BK,D
10:11:29,JSMR,RG,3280,1,D,DR,BK,D
10:11:14,JSMR,RG,3280,5,D,DR,YP,D
10:11:07,JSMR,RG,3290,1,D,XC,BK,F
10:10:00,JSMR,RG,3280,4,D,DR,BK,D
10:10:00,JSMR,RG,3280,1,D,YP,BK,D
10:10:00,JSMR,RG,3280,29,D,GR,BK,D
10:10:00,JSMR,RG,3280,2,D,GR,OD,D
10:10:00,JSMR,RG,3280,29,D,NI,OD,D
10:10:00,JSMR,RG,3280,5,D,PD,OD,D
10:10:00,JSMR,RG,3280,1,D,DX,OD,D
10:10:00,JSMR,RG,3280,1,D,ZP,OD,D
10:10:00,JSMR,RG,3280,2,D,EP,OD,D
10:10:00,JSMR,RG,3280,1,D,AZ,OD,D
10:10:00,JSMR,RG,3280,1,D,YU,OD,D
10:10:00,JSMR,RG,3280,1,D,PD,OD,D
10:10:00,JSMR,RG,3280,2,D,LS,OD,D
10:10:00,JSMR,RG,3280,2,D,YP,OD,D
10:10:00,JSMR,RG,3280,100,D,NI,OD,D
10:10:00,JSMR,RG,3280,10,D,YP,OD,D
10:10:00,JSMR,RG,3280,10,D,YP,OD,D
10:10:00,JSMR,RG,3280,1,D,YP,OD,D
10:10:00,JSMR,RG,3280,3,D,YP,OD,D
10:10:00,JSMR,RG,3280,2,D,PD,OD,D
10:10:00,JSMR,RG,3280,2,D,PD,OD,D
10:10:00,JSMR,RG,3280,1,D,PD,OD,D
10:10:00,JSMR,RG,3280,1,D,PD,OD,D
10:10:00,JSMR,RG,3280,1,D,PD,OD,D
10:10:00,JSMR,RG,3280,10,D,CC,OD,D
10:10:00,JSMR,RG,3280,2,D,YP,OD,D
10:10:00,JSMR,RG,3280,31,D,XC,OD,D
10:10:00,JSMR,RG,3280,48,D,YP,OD,D
10:10:00,JSMR,RG,3280,9,D,SQ,OD,D
10:10:00,JSMR,RG,3280,204,D,CD,OD,D
10:09:16,JSMR,RG,3290,1,D,KK,BK,F
10:08:50,JSMR,RG,3280,23,D,CD,BK,D
10:08:50,JSMR,RG,3280,2,D,CD,BK,D
10:08:22,JSMR,RG,3290,2,D,BQ,BK,F
10:07:57,JSMR,RG,3290,1,D,KK,BK,F
10:07:41,JSMR,RG,3290,2,D,NI,BK,F
10:07:30,JSMR,RG,3290,1,D,LG,BK,F
10:07:25,JSMR,RG,3280,33,D,CD,BK,D
10:06:58,JSMR,RG,3290,1,D,KK,BK,F
10:06:44,JSMR,RG,3290,1,D,XC,BK,F
10:06:37,JSMR,RG,3280,18,D,CD,BK,D
10:05:58,JSMR,RG,3290,15,D,PD,BK,F
10:05:48,JSMR,RG,3290,20,D,EP,BK,F
10:05:43,JSMR,RG,3280,20,D,CD,BK,D
10:05:23,JSMR,RG,3280,2,D,CD,YP,D
10:05:13,JSMR,RG,3280,2,D,CD,XC,D
10:05:02,JSMR,RG,3280,13,D,CD,BK,D
10:05:02,JSMR,RG,3280,4,D,KK,BK,D
10:04:08,JSMR,RG,3280,21,D,KK,BK,D
10:03:27,JSMR,RG,3280,15,D,KK,BK,D
10:03:01,JSMR,RG,3280,1,D,KK,YP,D
10:02:47,JSMR,RG,3280,15,D,KK,BK,D
10:02:47,JSMR,RG,3280,16,D,KK,BK,D
10:02:35,JSMR,RG,3290,1,D,XL,BK,F
10:02:13,JSMR,RG,3290,1,D,YP,BK,F
10:01:17,JSMR,RG,3280,35,D,KK,BK,D
10:00:28,JSMR,RG,3280,6,D,KK,YP,D
09:59:45,JSMR,RG,3290,13,F,ZP,BK,F
09:59:45,JSMR,RG,3290,29,F,ZP,BK,D
09:59:45,JSMR,RG,3290,52,F,ZP,SQ,D
09:59:35,JSMR,RG,3280,54,D,KK,PD,D
09:59:21,JSMR,RG,3280,19,D,KK,BK,D
09:59:13,JSMR,RG,3290,11,D,CC,SQ,D
09:58:41,JSMR,RG,3280,14,D,KK,BK,D
09:58:41,JSMR,RG,3280,2,D,NI,BK,D
09:58:08,JSMR,RG,3290,1,D,XL,SQ,D
09:57:59,JSMR,RG,3290,1,D,XL,SQ,D
09:57:50,JSMR,RG,3290,1,D,YP,SQ,D
09:57:45,JSMR,RG,3280,22,D,NI,BK,D
09:56:45,JSMR,RG,3280,26,D,NI,BK,D
09:55:57,JSMR,RG,3280,19,D,NI,BK,D
09:55:48,JSMR,RG,3280,3,D,NI,PD,D
09:55:20,JSMR,RG,3290,10,D,NI,SQ,D
09:54:45,JSMR,RG,3290,1,D,EP,SQ,D
09:54:43,JSMR,RG,3290,16,D,OD,SQ,D
09:54:04,JSMR,RG,3280,1,D,NI,XL,D
09:52:59,JSMR,RG,3290,11,D,YP,SQ,D
09:52:57,JSMR,RG,3290,46,D,SQ,SQ,D
09:52:57,JSMR,RG,3290,4,D,SQ,NI,D
09:52:40,JSMR,RG,3290,1,D,YP,NI,D
09:52:23,JSMR,RG,3290,1,D,KK,NI,D
09:52:20,JSMR,RG,3290,2,D,LG,NI,D
09:52:18,JSMR,RG,3290,1,D,YP,NI,D
09:51:52,JSMR,RG,3290,2,D,YP,NI,D
09:49:53,JSMR,RG,3280,201,D,NI,OD,D
09:49:53,JSMR,RG,3280,20,F,AG,OD,D
09:49:53,JSMR,RG,3280,50,D,CC,OD,D
09:49:53,JSMR,RG,3280,60,D,AZ,OD,D
09:49:53,JSMR,RG,3280,25,D,KK,OD,D
09:49:53,JSMR,RG,3280,50,D,NI,OD,D
09:49:53,JSMR,RG,3280,5,D,KK,OD,D
09:49:53,JSMR,RG,3280,250,D,CD,OD,D
09:49:53,JSMR,RG,3280,1,D,YB,OD,D
09:49:53,JSMR,RG,3280,13,D,CD,OD,D
09:49:52,JSMR,RG,3290,1,D,CC,NI,D
09:49:52,JSMR,RG,3290,4,D,CC,BK,D
09:49:48,JSMR,RG,3290,3,D,YP,BK,D
09:49:04,JSMR,RG,3290,1,D,PD,BK,D
09:49:01,JSMR,RG,3290,10,D,GR,BK,D
09:48:30,JSMR,RG,3290,1,F,ZP,BK,D
09:48:30,JSMR,RG,3290,3,F,ZP,BK,D
09:48:24,JSMR,RG,3290,1,D,XC,BK,D
09:48:18,JSMR,RG,3290,1,D,CC,BK,D
09:48:11,JSMR,RG,3290,4,D,DH,BK,D
09:48:11,JSMR,RG,3290,96,D,DH,BK,F
09:48:04,JSMR,RG,3290,3,F,ZP,BK,F
09:48:03,JSMR,RG,3290,1,D,NI,BK,F
09:47:53,JSMR,RG,3290,2,D,YP,BK,F
09:47:38,JSMR,RG,3290,1,D,XC,BK,F
09:47:24,JSMR,RG,3290,13,F,ZP,BK,F
09:47:19,JSMR,RG,3290,3,D,KK,BK,F
09:47:11,JSMR,RG,3290,1,D,CC,BK,F
09:46:53,JSMR,RG,3290,2,D,GR,BK,F
09:46:48,JSMR,RG,3290,1,D,KK,BK,F
09:46:35,JSMR,RG,3290,1,D,XC,BK,F
09:46:14,JSMR,RG,3290,1,D,XC,BK,F
09:46:04,JSMR,RG,3290,3,F,ZP,BK,F
09:45:36,JSMR,RG,3290,10,D,YP,BK,F
09:45:28,JSMR,RG,3290,2,F,ZP,BK,F
09:45:13,JSMR,RG,3290,1,D,PD,BK,F
09:45:08,JSMR,RG,3290,5,D,PD,BK,F
09:44:53,JSMR,RG,3290,2,D,CC,BK,F
09:44:03,JSMR,RG,3290,4,D,SQ,BK,F
09:43:53,JSMR,RG,3290,6,D,PD,BK,F
09:43:53,JSMR,RG,3290,14,D,PD,BK,D
09:43:53,JSMR,RG,3290,1,D,PD,BK,D
09:43:38,JSMR,RG,3290,5,D,NI,BK,D
09:43:36,JSMR,RG,3290,9,D,LG,BK,D
09:43:36,JSMR,RG,3290,1,D,LG,AK,F
09:43:36,JSMR,RG,3290,34,D,LG,BK,D
09:43:36,JSMR,RG,3290,34,D,LG,BK,F
09:43:36,JSMR,RG,3290,14,D,LG,BK,D
09:43:36,JSMR,RG,3290,108,D,LG,BK,F
09:43:25,JSMR,RG,3290,1,D,YP,BK,F
09:42:57,JSMR,RG,3290,2,D,YP,BK,F
09:42:55,JSMR,RG,3290,15,D,NI,BK,F
09:42:49,JSMR,RG,3290,64,D,DR,BK,F
09:42:49,JSMR,RG,3290,16,D,DR,BK,D
09:42:41,JSMR,RG,3290,10,D,YP,BK,D
09:42:34,JSMR,RG,3290,1,D,CC,BK,D
09:42:27,JSMR,RG,3290,65,D,SQ,BK,D
09:42:27,JSMR,RG,3290,35,D,SQ,OD,D
09:42:22,JSMR,RG,3290,20,D,YP,OD,D
09:42:18,JSMR,RG,3290,4,D,XC,OD,D
09:42:15,JSMR,RG,3290,10,D,YP,OD,D
09:42:13,JSMR,RG,3290,2,D,BQ,OD,D
09:42:04,JSMR,RG,3290,2,D,YP,OD,D
09:42:01,JSMR,RG,3290,10,D,GR,OD,D
09:41:58,JSMR,RG,3290,1,D,BQ,OD,D
09:41:53,JSMR,RG,3290,2,D,YP,OD,D
09:41:46,JSMR,RG,3290,20,D,GR,OD,D
09:41:44,JSMR,RG,3290,2,D,BQ,OD,D
09:41:44,JSMR,RG,3290,1,D,YP,OD,D
09:41:42,JSMR,RG,3290,1,D,DH,OD,D
09:41:34,JSMR,RG,3290,2,D,YP,OD,D
09:41:22,JSMR,RG,3290,5,D,YU,OD,D
09:41:00,JSMR,RG,3290,10,D,YP,OD,D
09:40:55,JSMR,RG,3290,5,D,YU,OD,D
09:40:52,JSMR,RG,3290,2,D,AT,OD,D
09:40:40,JSMR,RG,3290,5,D,PD,OD,D
09:40:40,JSMR,RG,3290,3,F,ZP,OD,D
09:40:40,JSMR,RG,3290,9,F,ZP,OD,D
09:40:40,JSMR,RG,3290,1,D,YP,OD,D
09:40:40,JSMR,RG,3290,12,D,CC,OD,D
09:40:40,JSMR,RG,3290,2,D,CC,OD,D
09:40:40,JSMR,RG,3290,50,D,YP,OD,D
09:40:40,JSMR,RG,3290,2,D,CC,OD,D
09:40:40,JSMR,RG,3290,1,D,NI,OD,D
09:40:40,JSMR,RG,3290,50,D,YP,OD,D
09:40:40,JSMR,RG,3290,115,F,ZP,OD,D
09:40:40,JSMR,RG,3290,1,D,OD,OD,D
09:40:40,JSMR,RG,3290,4,D,YP,OD,D
09:40:40,JSMR,RG,3290,1,D,KK,OD,D
09:40:40,JSMR,RG,3290,1,D,DR,OD,D
09:40:40,JSMR,RG,3290,91,F,ZP,OD,D
09:40:38,JSMR,RG,3290,5,F,ZP,AZ,D
09:40:01,JSMR,RG,3290,1,F,ZP,XC,D
09:39:07,JSMR,RG,3290,48,F,ZP,CC,D
09:39:07,JSMR,RG,3290,1,F,ZP,CC,D
09:39:07,JSMR,RG,3290,2,F,ZP,CC,D
09:39:07,JSMR,RG,3290,49,D,KI,CC,D
09:38:34,JSMR,RG,3290,1,D,KI,AK,F
09:38:34,JSMR,RG,3290,7,D,KI,YP,D
09:38:34,JSMR,RG,3290,29,D,KI,BK,D
09:38:34,JSMR,RG,3290,12,D,KI,NI,D
09:38:34,JSMR,RG,3290,2,D,KI,CC,F
09:38:31,JSMR,RG,3290,1,D,CC,CC,F
09:38:17,JSMR,RG,3290,1,D,DR,AK,F
09:38:15,JSMR,RG,3290,1,D,PD,AK,F
09:38:15,JSMR,RG,3290,99,D,PD,BK,D
09:38:13,JSMR,RG,3290,5,D,XC,BK,D
09:38:13,JSMR,RG,3290,1,D,LG,BK,D
09:38:05,JSMR,RG,3290,10,D,TP,BK,D
09:37:44,JSMR,RG,3290,5,D,GR,BK,D
09:37:38,JSMR,RG,3290,1,D,SQ,BK,D
09:37:36,JSMR,RG,3290,1,D,DR,BK,D
09:37:15,JSMR,RG,3290,5,D,YU,BK,D
09:37:08,JSMR,RG,3290,1,D,PD,BK,D
09:37:04,JSMR,RG,3290,100,D,NI,BK,D
09:36:59,JSMR,RG,3290,40,D,YJ,BK,D
09:36:59,JSMR,RG,3290,2,D,YJ,CC,F
09:36:59,JSMR,RG,3290,7,D,YJ,NI,D
09:36:56,JSMR,RG,3280,31,D,CD,BK,D
09:36:33,JSMR,RG,3300,2,D,KK,BK,D
09:36:29,JSMR,RG,3300,2,D,KK,BK,D
09:36:23,JSMR,RG,3290,1,D,YP,AK,F
09:36:23,JSMR,RG,3290,2,D,YP,AK,F
09:36:23,JSMR,RG,3290,4,D,YP,AK,F
09:36:20,JSMR,RG,3300,2,D,KK,BK,D
09:36:16,JSMR,RG,3290,1,F,CS,BK,F
09:36:16,JSMR,RG,3290,113,F,ZP,BK,F
09:36:16,JSMR,RG,3290,2,D,PD,BK,F
09:36:16,JSMR,RG,3290,10,D,XC,BK,F
09:36:16,JSMR,RG,3290,5,D,DR,BK,F
09:36:16,JSMR,RG,3290,1,D,PD,BK,F
09:36:16,JSMR,RG,3290,11,D,PD,BK,F
09:36:16,JSMR,RG,3290,3,D,NI,BK,F
09:36:16,JSMR,RG,3290,1,D,PD,BK,F
09:36:16,JSMR,RG,3290,18,F,ZP,BK,F
09:36:15,JSMR,RG,3290,31,F,ZP,DR,D
09:36:15,JSMR,RG,3290,15,D,CC,DR,D
09:36:15,JSMR,RG,3290,3,F,ZP,DR,D
09:36:15,JSMR,RG,3290,14,F,ZP,DR,D
09:36:15,JSMR,RG,3290,5,D,CC,DR,D
09:36:15,JSMR,RG,3290,1,D,YU,DR,D
09:36:15,JSMR,RG,3290,236,D,PD,DR,D
09:36:15,JSMR,RG,3290,64,D,PD,BK,F
09:36:15,JSMR,RG,3290,15,D,YP,BK,F
09:36:15,JSMR,RG,3290,2,D,YP,BK,F
09:36:15,JSMR,RG,3290,1,D,SQ,BK,F
09:36:15,JSMR,RG,3290,1,D,KK,BK,F
09:36:15,JSMR,RG,3290,1,D,NI,BK,F
09:36:15,JSMR,RG,3290,1,D,PD,BK,F
09:36:15,JSMR,RG,3290,1,D,NI,BK,F
09:36:15,JSMR,RG,3290,5,D,PD,BK,F
09:36:15,JSMR,RG,3290,1,D,YP,BK,F
09:36:15,JSMR,RG,3290,10,D,PD,BK,F
09:36:15,JSMR,RG,3290,2,D,XC,BK,F
09:36:15,JSMR,RG,3290,10,D,YP,BK,F
09:36:15,JSMR,RG,3290,20,D,CC,BK,F
09:36:15,JSMR,RG,3290,15,D,SQ,BK,F
09:36:15,JSMR,RG,3290,10,D,DR,BK,F
09:36:15,JSMR,RG,3290,10,D,XL,BK,F
09:36:15,JSMR,RG,3290,10,D,YP,BK,F
09:36:15,JSMR,RG,3290,3,D,PD,BK,F
09:36:15,JSMR,RG,3290,2,F,ZP,BK,F
09:36:15,JSMR,RG,3290,6,F,ZP,BK,F
09:36:15,JSMR,RG,3290,2,D,KK,BK,F
09:36:15,JSMR,RG,3290,10,D,YP,BK,F
09:36:15,JSMR,RG,3290,10,D,YP,BK,F
09:36:15,JSMR,RG,3290,1,D,KK,BK,F
09:36:15,JSMR,RG,3290,2,D,YP,BK,F
09:36:15,JSMR,RG,3290,10,D,AZ,BK,F
09:36:15,JSMR,RG,3290,7,D,DX,BK,F
09:36:15,JSMR,RG,3290,5,D,CC,BK,F
09:36:15,JSMR,RG,3290,2,D,PD,BK,F
09:36:15,JSMR,RG,3290,11,D,DR,BK,F
09:36:01,JSMR,RG,3290,9,D,DR,AK,F
09:35:58,JSMR,RG,3290,250,D,DR,BK,F
09:35:58,JSMR,RG,3290,19,D,DR,BK,D
09:35:57,JSMR,RG,3290,500,D,DR,YU,D
09:35:53,JSMR,RG,3290,17,D,DR,AK,F
09:35:53,JSMR,RG,3290,100,D,DR,BK,D
09:35:52,JSMR,RG,3290,13,D,DR,AK,F
09:35:52,JSMR,RG,3290,21,D,DR,AK,F
09:35:52,JSMR,RG,3290,60,D,DR,YU,D
09:35:52,JSMR,RG,3290,16,D,EP,YU,D
09:35:52,JSMR,RG,3290,424,D,SQ,YU,D
09:35:23,JSMR,RG,3300,2,F,ZP,BK,D
09:34:50,JSMR,RG,3300,3,F,ZP,BK,D
09:34:05,JSMR,RG,3300,32,F,ZP,BK,D
09:34:04,JSMR,RG,3300,29,F,ZP,BK,D
09:34:04,JSMR,RG,3300,15,F,ZP,BK,D
09:34:04,JSMR,RG,3300,50,F,ZP,AK,F
09:34:04,JSMR,RG,3300,6,F,ZP,NI,D
09:34:00,JSMR,RG,3290,18,D,SQ,XL,D
09:33:47,JSMR,RG,3290,31,D,SQ,BK,D
09:33:44,JSMR,RG,3290,21,D,SQ,BK,D
09:33:39,JSMR,RG,3310,100,F,ZP,BK,F
09:33:17,JSMR,RG,3290,6,D,SQ,BK,D
09:33:17,JSMR,RG,3290,10,D,SH,BK,D
09:33:17,JSMR,RG,3290,1,D,NI,BK,D
09:33:17,JSMR,RG,3290,2,D,LS,BK,D
09:33:17,JSMR,RG,3290,1,D,YP,BK,D
09:33:17,JSMR,RG,3290,8,D,YP,BK,D
09:33:17,JSMR,RG,3290,1,D,YP,YP,D
09:33:13,JSMR,RG,3290,1,D,YP,BK,D
09:33:13,JSMR,RG,3290,5,D,YP,BK,D
09:33:13,JSMR,RG,3290,2,D,YP,BK,D
09:33:13,JSMR,RG,3290,1,D,PD,BK,D
09:33:13,JSMR,RG,3290,1,D,PD,BK,D
09:33:13,JSMR,RG,3290,2,D,PD,BK,D
09:33:13,JSMR,RG,3290,1,D,PD,BK,D
09:33:13,JSMR,RG,3290,25,D,IP,BK,D
09:33:13,JSMR,RG,3290,1,D,PD,BK,D
09:33:13,JSMR,RG,3290,5,D,YB,BK,D
09:33:13,JSMR,RG,3290,35,D,IP,BK,D
09:33:13,JSMR,RG,3290,45,D,YP,BK,D
09:33:13,JSMR,RG,3290,250,D,CD,BK,D
09:33:13,JSMR,RG,3290,1,D,KK,BK,D
09:33:13,JSMR,RG,3290,1,D,OD,BK,D
09:33:13,JSMR,RG,3290,10,D,CP,BK,D
09:33:13,JSMR,RG,3290,30,D,KK,BK,D
09:33:13,JSMR,RG,3290,8,D,EP,BK,D
09:33:13,JSMR,RG,3290,20,D,KK,BK,D
09:33:11,JSMR,RG,3300,1,D,NI,BK,F
09:33:11,JSMR,RG,3300,1,D,YU,BK,F
09:33:11,JSMR,RG,3300,1,D,DR,BK,F
09:33:11,JSMR,RG,3300,1,D,PD,BK,F
09:33:11,JSMR,RG,3300,3,D,YP,BK,F
09:33:11,JSMR,RG,3300,1,F,CS,BK,F
09:33:11,JSMR,RG,3300,1,D,LG,BK,F
09:33:11,JSMR,RG,3300,1,D,SQ,BK,F
09:33:11,JSMR,RG,3300,3,D,NI,BK,F
09:33:11,JSMR,RG,3300,5,D,PD,BK,F
09:33:11,JSMR,RG,3300,10,F,ZP,BK,F
09:33:11,JSMR,RG,3300,5,D,YP,BK,F
09:33:11,JSMR,RG,3300,1,D,PD,BK,F
09:33:11,JSMR,RG,3300,5,D,YP,BK,F
09:33:11,JSMR,RG,3300,1,F,CS,BK,F
09:33:11,JSMR,RG,3300,9,D,KK,BK,F
09:33:11,JSMR,RG,3300,2,D,YP,BK,F
09:33:11,JSMR,RG,3300,3,D,NI,BK,F
09:33:11,JSMR,RG,3300,10,D,LG,BK,F
09:33:11,JSMR,RG,3300,1,D,YP,BK,F
09:33:11,JSMR,RG,3300,2,D,CC,BK,F
09:33:11,JSMR,RG,3300,5,D,PD,BK,F
09:33:11,JSMR,RG,3300,5,D,YP,BK,F
09:33:11,JSMR,RG,3300,10,D,CC,BK,F
09:33:11,JSMR,RG,3300,2,D,XL,BK,F
09:33:11,JSMR,RG,3300,3,D,NI,BK,F
09:33:11,JSMR,RG,3300,1,D,YP,BK,F
09:33:11,JSMR,RG,3300,10,F,ZP,BK,F
09:33:11,JSMR,RG,3300,30,F,ZP,BK,F
09:33:11,JSMR,RG,3300,1,D,KK,BK,F
09:33:11,JSMR,RG,3300,2,D,NI,BK,F
09:33:11,JSMR,RG,3300,1,D,NI,BK,F
09:33:11,JSMR,RG,3300,8,D,LG,BK,F
09:33:11,JSMR,RG,3300,50,D,DR,BK,F
09:33:11,JSMR,RG,3300,1,D,KK,BK,F
09:33:11,JSMR,RG,3300,1,D,XL,BK,F
09:33:11,JSMR,RG,3300,1,D,KK,BK,F
09:33:11,JSMR,RG,3300,1,D,XA,BK,F
09:33:11,JSMR,RG,3300,2,D,YP,BK,F
09:33:11,JSMR,RG,3300,5,D,YB,BK,F
09:33:11,JSMR,RG,3300,5,D,AZ,BK,F
09:33:11,JSMR,RG,3300,80,D,SQ,BK,F
09:33:11,JSMR,RG,3300,20,D,PD,BK,F
09:33:11,JSMR,RG,3300,1,D,GR,BK,F
09:33:11,JSMR,RG,3300,1,D,NI,BK,F
09:33:11,JSMR,RG,3300,1,D,KK,BK,F
09:33:11,JSMR,RG,3300,5,D,NI,BK,F
09:33:11,JSMR,RG,3300,1,D,KK,BK,F
09:33:11,JSMR,RG,3300,2,D,PD,BK,F
09:33:11,JSMR,RG,3300,1,D,YP,BK,F
09:33:11,JSMR,RG,3300,4,D,NI,BK,F
09:33:11,JSMR,RG,3300,40,D,DH,BK,F
09:33:11,JSMR,RG,3300,25,D,NI,BK,F
09:33:11,JSMR,RG,3300,2,D,YP,BK,F
09:33:11,JSMR,RG,3300,2,D,LS,BK,F
09:33:11,JSMR,RG,3300,7,D,XL,BK,F
09:33:11,JSMR,RG,3300,8,D,YP,BK,F
09:33:11,JSMR,RG,3300,10,D,YP,BK,F
09:33:11,JSMR,RG,3300,11,D,YP,BK,F
09:33:11,JSMR,RG,3300,15,D,YP,BK,F
09:33:11,JSMR,RG,3300,15,D,YP,BK,F
09:33:11,JSMR,RG,3300,1,D,PD,BK,F
09:33:11,JSMR,RG,3300,1,D,PD,BK,F
09:33:11,JSMR,RG,3300,2,D,YP,BK,F
09:33:11,JSMR,RG,3300,1,D,PD,BK,F
09:33:11,JSMR,RG,3300,2,D,CC,BK,F
09:33:11,JSMR,RG,3300,2,D,CC,BK,F
09:33:11,JSMR,RG,3300,6,D,CC,BK,F
09:33:11,JSMR,RG,3300,20,D,CC,BK,F
09:33:11,JSMR,RG,3300,1,D,CC,BK,F
09:33:11,JSMR,RG,3300,1,D,PD,BK,F
09:33:11,JSMR,RG,3300,1,D,PD,BK,F
09:33:11,JSMR,RG,3300,1,D,DH,BK,F
09:33:11,JSMR,RG,3300,2,D,PD,BK,F
09:33:11,JSMR,RG,3300,5,D,CC,BK,F
09:33:11,JSMR,RG,3300,2,D,PD,BK,F
09:33:11,JSMR,RG,3300,2,D,XL,BK,F
09:33:11,JSMR,RG,3300,1,D,RO,BK,F
09:33:11,JSMR,RG,3300,3,D,IP,BK,F
09:33:11,JSMR,RG,3300,1,D,OD,BK,F
09:33:11,JSMR,RG,3300,15,D,YB,BK,F
09:33:11,JSMR,RG,3300,44,D,YP,BK,F
09:33:11,JSMR,RG,3300,2,D,YB,BK,F
09:33:11,JSMR,RG,3300,3,D,CP,BK,F
09:33:11,JSMR,RG,3300,318,D,CD,BK,F
09:33:11,JSMR,RG,3300,60,D,CD,BK,F
09:33:11,JSMR,RG,3300,50,D,CD,BK,F
09:33:11,JSMR,RG,3300,1,D,KK,BK,F
09:33:11,JSMR,RG,3300,18,D,KK,BK,F
09:33:11,JSMR,RG,3300,16,D,KK,BK,D
09:32:53,JSMR,RG,3300,1,D,KK,XC,D
09:31:46,JSMR,RG,3300,2,D,KK,AK,F
09:31:46,JSMR,RG,3300,4,D,KK,NI,D
09:30:26,JSMR,RG,3300,17,D,KK,BK,D
09:30:26,JSMR,RG,3300,12,D,KK,EP,D
09:30:07,JSMR,RG,3300,5,D,KK,AK,F
09:29:49,JSMR,RG,3310,18,D,YP,BK,F
09:29:49,JSMR,RG,3310,2,D,YP,BK,F
09:29:39,JSMR,RG,3300,2,D,KK,YP,D
09:28:30,JSMR,RG,3300,1,D,KK,AK,F
09:28:29,JSMR,RG,3300,15,D,KK,BK,D
09:28:26,JSMR,RG,3300,22,D,KK,BK,D
09:28:26,JSMR,RG,3300,1,D,KK,AK,F
09:28:26,JSMR,RG,3310,48,F,ZP,BK,F
09:27:36,JSMR,RG,3310,1,D,XC,BK,F
09:26:55,JSMR,RG,3310,10,D,YU,BK,F
09:25:19,JSMR,RG,3310,1,D,NI,BK,F
09:25:16,JSMR,RG,3310,1,D,KK,BK,F
09:25:14,JSMR,RG,3310,25,D,DR,BK,F
09:24:20,JSMR,RG,3310,4,D,SQ,BK,F
09:24:09,JSMR,RG,3310,2,D,CC,BK,F
09:24:09,JSMR,RG,3300,35,D,KK,OD,D
09:24:09,JSMR,RG,3300,8,D,EP,OD,D
09:24:09,JSMR,RG,3300,3,D,KK,OD,D
09:24:09,JSMR,RG,3300,50,D,EP,OD,D
09:23:42,JSMR,RG,3310,10,D,YP,BK,F
09:23:04,JSMR,RG,3310,1,D,KK,BK,F
09:22:53,JSMR,RG,3310,16,D,YB,BK,F
09:21:49,JSMR,RG,3310,1,D,YP,BK,F
09:21:37,JSMR,RG,3310,2,D,YP,BK,F
09:21:27,JSMR,RG,3310,15,D,NI,BK,F
09:20:55,JSMR,RG,3310,10,D,NI,BK,F
09:20:45,JSMR,RG,3310,2,D,LG,BK,F
09:18:00,JSMR,RG,3300,1,D,YU,NI,D
09:17:32,JSMR,RG,3310,1,D,YU,BK,F
09:17:02,JSMR,RG,3310,1,D,CC,BK,F
09:16:38,JSMR,RG,3310,33,D,OD,BK,F
09:16:38,JSMR,RG,3310,1,D,OD,AK,F
09:16:38,JSMR,RG,3310,66,D,OD,BK,D
09:16:23,JSMR,RG,3300,2,D,YU,LG,D
09:16:10,JSMR,RG,3310,20,D,OD,BK,D
09:16:07,JSMR,RG,3310,5,D,NI,BK,D
09:15:51,JSMR,RG,3310,1,D,KK,BK,D
09:15:45,JSMR,RG,3310,10,D,NI,BK,D
09:14:46,JSMR,RG,3310,10,D,NI,BK,D
09:14:34,JSMR,RG,3310,18,D,DH,BK,D
09:14:34,JSMR,RG,3310,7,D,DH,OD,D
09:14:30,JSMR,RG,3310,50,D,PD,OD,D
09:14:22,JSMR,RG,3300,2,D,YU,CC,D
09:14:22,JSMR,RG,3300,41,D,AZ,CC,D
09:13:54,JSMR,RG,3300,16,D,AZ,BK,D
09:13:47,JSMR,RG,3300,3,D,AZ,PD,D
09:12:25,JSMR,RG,3310,1,F,CS,OD,D
09:12:25,JSMR,RG,3310,1,F,CS,OD,D
09:12:25,JSMR,RG,3310,2,D,PD,OD,D
09:12:25,JSMR,RG,3310,35,F,ZP,OD,D
09:12:13,JSMR,RG,3310,10,F,ZP,DH,D
09:12:13,JSMR,RG,3310,1,F,CS,DH,D
09:12:13,JSMR,RG,3310,19,D,DR,DH,D
09:11:29,JSMR,RG,3310,3,D,DR,AK,F
09:11:29,JSMR,RG,3310,5,D,DR,NI,D
09:10:39,JSMR,RG,3310,3,F,ZP,AK,F
09:10:39,JSMR,RG,3310,35,F,ZP,AK,F
09:10:39,JSMR,RG,3310,2,F,ZP,AK,F
09:10:39,JSMR,RG,3310,1,F,ZP,AK,F
09:10:38,JSMR,RG,3320,27,F,ZP,YU,D
09:10:38,JSMR,RG,3310,1,F,ZP,AK,F
09:10:38,JSMR,RG,3310,1,F,ZP,AK,F
09:10:38,JSMR,RG,3310,1,F,CS,CC,F
09:10:23,JSMR,RG,3320,3,D,NI,YU,D
09:08:17,JSMR,RG,3320,3,D,DH,YU,D
09:04:09,JSMR,RG,3320,16,D,EP,YU,D
09:01:27,JSMR,RG,3310,96,D,PD,OD,D
09:01:27,JSMR,RG,3310,30,D,PD,CP,D
09:00:33,JSMR,RG,3310,7,F,ZP,YU,D
09:00:33,JSMR,RG,3310,1,F,CS,YU,D
09:00:33,JSMR,RG,3310,10,D,YP,YU,D
09:00:33,JSMR,RG,3310,10,D,YP,YU,D
09:00:33,JSMR,RG,3310,1,D,PD,YU,D
09:00:33,JSMR,RG,3310,1,D,YP,YU,D
09:00:33,JSMR,RG,3310,1,F,ZP,YU,D
09:00:33,JSMR,RG,3310,1,D,PD,YU,D
09:00:33,JSMR,RG,3310,5,D,PD,YU,D
09:00:33,JSMR,RG,3310,6,D,YP,YU,D
09:00:33,JSMR,RG,3310,31,D,CC,YU,D
09:00:33,JSMR,RG,3310,25,D,DH,YU,D
09:00:33,JSMR,RG,3310,4,D,PD,YU,D
09:00:33,JSMR,RG,3310,3,D,YB,YU,D
09:00:33,JSMR,RG,3310,30,D,YB,YU,D
09:00:33,JSMR,RG,3310,2,D,CP,YU,D
09:00:33,JSMR,RG,3310,50,D,TP,YU,D
09:00:33,JSMR,RG,3310,1,D,KK,YU,D
09:00:33,JSMR,RG,3310,8,D,EP,YU,D
09:00:25,JSMR,RG,3320,6,D,YP,AK,F
09:00:25,JSMR,RG,3320,4,D,YP,YU,D
09:00:25,JSMR,RG,3320,2,F,ZP,YU,D
09:00:25,JSMR,RG,3320,5,D,PD,YU,D
09:00:25,JSMR,RG,3320,55,F,ZP,YU,D
09:00:25,JSMR,RG,3320,2,F,ZP,YU,D
09:00:25,JSMR,RG,3320,6,D,EP,YU,D
09:00:13,JSMR,RG,3330,1,D,XL,OD,D
09:00:07,JSMR,RG,3330,10,D,PD,OD,D
09:00:06,JSMR,RG,3330,2,D,AZ,OD,D
09:00:05,JSMR,RG,3330,25,D,DH,OD,D
09:00:04,JSMR,RG,3330,51,F,ZP,OD,D
09:00:04,JSMR,RG,3320,2,D,EP,AK,F
09:00:04,JSMR,RG,3330,1,D,YB,OD,D
09:00:03,JSMR,RG,3330,2,D,EP,OD,D
09:00:02,JSMR,RG,3330,1,D,GR,OD,D
09:00:02,JSMR,RG,3330,1,D,ZP,OD,D
09:00:01,JSMR,RG,3330,1,D,XC,OD,D
09:00:01,JSMR,RG,3280,46,D,CD,OD,D
09:00:01,JSMR,RG,3280,5,D,TP,OD,D
09:00:01,JSMR,RG,3280,30,D,CP,OD,D
09:00:01,JSMR,RG,3290,2,D,KK,OD,D
09:00:01,JSMR,RG,3290,50,D,KI,OD,D
09:00:01,JSMR,RG,3290,20,D,CP,OD,D
09:00:01,JSMR,RG,3300,27,D,CD,OD,D
09:00:01,JSMR,RG,3300,45,D,CD,OD,D
09:00:01,JSMR,RG,3300,5,D,YB,OD,D
09:00:01,JSMR,RG,3310,2,D,KK,OD,D
09:00:01,JSMR,RG,3310,250,D,CD,OD,D
09:00:00,JSMR,RG,3370,1,D,SQ,IN,D
