Time,Stock,Brd,Price,Qty,BT,BC,SC,ST
15:14:43,JSMR,RG,3270,24,D,KK,PD,D
15:14:12,JSMR,RG,3270,25,D,KK,PD,D
15:14:01,JSMR,RG,3270,12,D,KK,XC,D
15:10:50,JSMR,RG,3270,16,D,KK,LG,D
15:10:45,JSMR,RG,3270,8,D,KK,NI,D
15:04:19,JSMR,RG,3270,50,D,KK,CC,D
15:00:00,JSMR,RG,3270,24,D,KK,CC,D
15:00:00,JSMR,RG,3270,1,D,PD,CC,D
15:00:00,JSMR,RG,3270,49,D,PD,AI,D
15:00:00,JSMR,RG,3270,1,D,YB,AI,D
15:00:00,JSMR,RG,3270,10,D,PD,AI,D
15:00:00,JSMR,RG,3270,1,D,NI,AI,D
15:00:00,JSMR,RG,3270,2,D,CC,AI,D
15:00:00,JSMR,RG,3270,1,D,AO,AI,D
15:00:00,JSMR,RG,3270,186,D,SQ,AI,D
15:00:00,JSMR,RG,3270,20,D,SQ,CC,D
15:00:00,JSMR,RG,3270,20,D,SQ,KK,D
15:00:00,JSMR,RG,3270,187,D,SQ,NI,D
15:00:00,JSMR,RG,3270,87,D,SQ,SQ,D
15:00:00,JSMR,RG,3270,1,D,NI,SQ,D
15:00:00,JSMR,RG,3270,1,D,YP,SQ,D
15:00:00,JSMR,RG,3270,11,D,XC,SQ,D
15:00:00,JSMR,RG,3270,59,D,XC,OD,D
15:00:00,JSMR,RG,3270,1,D,YP,OD,D
15:00:00,JSMR,RG,3270,20,D,YP,OD,D
15:00:00,JSMR,RG,3270,5,D,SQ,OD,D
15:00:00,JSMR,RG,3270,12,D,CC,OD,D
15:00:00,JSMR,RG,3270,5,D,PD,OD,D
15:00:00,JSMR,RG,3270,10,D,PD,OD,D
15:00:00,JSMR,RG,3270,20,D,YP,OD,D
15:00:00,JSMR,RG,3270,15,D,OD,OD,D
15:00:00,JSMR,RG,3270,5,D,XL,OD,D
15:00:00,JSMR,RG,3270,21,D,CC,OD,D
15:00:00,JSMR,RG,3270,3,D,YP,OD,D
15:00:00,JSMR,RG,3270,9,D,YP,OD,D
15:00:00,JSMR,RG,3270,1,D,YP,OD,D
15:00:00,JSMR,RG,3270,1,D,YP,OD,D
15:00:00,JSMR,RG,3270,1,D,NI,OD,D
15:00:00,JSMR,RG,3270,8,F,BK,OD,D
15:00:00,JSMR,RG,3270,92,F,AK,OD,D
15:00:00,JSMR,RG,3270,21,F,AK,OD,D
15:00:00,JSMR,RG,3270,3,F,AK,OD,D
15:00:00,JSMR,RG,3270,10,F,AK,OD,D
15:00:00,JSMR,RG,3270,1,F,AK,OD,D
15:00:00,JSMR,RG,3270,2,F,AK,OD,D
15:00:00,JSMR,RG,3270,9,D,ZP,OD,D
15:00:00,JSMR,RG,3270,47,D,ZP,BQ,D
14:49:45,JSMR,RG,3280,1,F,AK,OD,D
14:49:25,JSMR,RG,3270,1,D,CC,BK,F
14:49:00,JSMR,RG,3270,78,D,CC,AK,D
14:49:00,JSMR,RG,3270,3,D,YB,AK,D
14:49:00,JSMR,RG,3270,1,D,BQ,AK,D
14:49:00,JSMR,RG,3270,50,D,DR,AK,D
14:49:00,JSMR,RG,3270,4,D,BQ,AK,D
14:49:00,JSMR,RG,3270,5,D,XL,AK,D
14:49:00,JSMR,RG,3270,1,D,EP,AK,D
14:49:00,JSMR,RG,3270,2,D,YP,AK,D
14:49:00,JSMR,RG,3270,3,F,AK,AK,D
14:49:00,JSMR,RG,3270,50,D,YP,AK,D
14:49:00,JSMR,RG,3270,3,D,NI,AK,D
14:49:00,JSMR,RG,3270,10,D,YP,AK,D
14:49:00,JSMR,RG,3270,5,D,CC,AK,D
14:49:00,JSMR,RG,3270,5,D,NI,AK,D
14:49:00,JSMR,RG,3270,10,D,PD,AK,D
14:49:00,JSMR,RG,3270,1,D,AO,AK,D
14:49:00,JSMR,RG,3270,3,D,OD,AK,D
14:49:00,JSMR,RG,3270,30,D,YU,AK,D
14:49:00,JSMR,RG,3270,1,D,YP,AK,D
14:49:00,JSMR,RG,3270,2,D,OD,AK,D
14:49:00,JSMR,RG,3270,3,D,OD,AK,D
14:49:00,JSMR,RG,3270,2,D,OD,AK,D
14:49:00,JSMR,RG,3270,1,D,OD,AK,D
14:49:00,JSMR,RG,3270,2,D,OD,AK,D
14:49:00,JSMR,RG,3270,50,D,YP,AK,D
14:49:00,JSMR,RG,3270,10,D,MK,AK,D
14:49:00,JSMR,RG,3270,1,D,XC,AK,D
14:49:00,JSMR,RG,3270,1,D,YP,AK,D
14:49:00,JSMR,RG,3270,10,D,PD,AK,D
14:49:00,JSMR,RG,3270,86,D,DR,AK,D
14:49:00,JSMR,RG,3270,1,D,DR,AK,D
14:48:54,JSMR,RG,3280,1,F,ZP,OD,D
14:48:52,JSMR,RG,3280,4,F,ZP,OD,D
14:48:51,JSMR,RG,3270,159,D,DR,AK,D
14:48:51,JSMR,RG,3280,5,F,ZP,OD,D
14:48:42,JSMR,RG,3270,212,D,DR,AK,D
14:48:30,JSMR,RG,3270,96,D,DR,AK,D
14:48:30,JSMR,RG,3280,3,F,AK,OD,D
14:48:30,JSMR,RG,3270,5,D,DR,AK,D
14:48:15,JSMR,RG,3280,1,F,AK,OD,D
14:48:15,JSMR,RG,3270,1,D,DR,AK,D
14:48:00,JSMR,RG,3270,1,D,DR,AK,D
14:48:00,JSMR,RG,3280,1,F,AK,OD,D
14:47:45,JSMR,RG,3270,1,D,DR,AK,D
14:47:45,JSMR,RG,3280,3,F,AK,OD,D
14:47:30,JSMR,RG,3270,1,D,DR,AK,D
14:47:30,JSMR,RG,3280,1,F,AK,OD,D
14:47:28,JSMR,RG,3280,1,D,BK,OD,D
14:47:15,JSMR,RG,3270,1,D,DR,AK,D
14:47:14,JSMR,RG,3280,1,D,IP,OD,D
14:47:00,JSMR,RG,3270,1,D,DR,AK,D
14:47:00,JSMR,RG,3280,2,F,AK,OD,D
14:46:15,JSMR,RG,3280,1,F,AK,OD,D
14:45:46,JSMR,RG,3270,53,D,DR,AK,D
14:45:46,JSMR,RG,3280,6,F,ZP,OD,D
14:45:46,JSMR,RG,3270,18,D,DR,AK,D
14:45:46,JSMR,RG,3280,6,D,YP,OD,D
14:45:46,JSMR,RG,3280,40,D,YP,OD,D
14:45:46,JSMR,RG,3280,98,D,YP,OD,D
14:45:46,JSMR,RG,3280,1,D,YP,BK,F
14:45:46,JSMR,RG,3280,37,D,YP,AK,D
14:45:46,JSMR,RG,3280,6,D,YP,AK,F
14:45:46,JSMR,RG,3280,6,D,YP,AK,D
14:45:46,JSMR,RG,3280,54,D,YP,CC,F
14:45:46,JSMR,RG,3280,2,D,YP,LG,D
14:45:45,JSMR,RG,3270,2,D,DR,AK,D
14:45:45,JSMR,RG,3280,2,F,BK,LG,D
14:45:45,JSMR,RG,3280,2,F,BK,AK,D
14:45:29,JSMR,RG,3270,9,D,DR,AK,D
14:45:29,JSMR,RG,3270,18,D,DR,CC,D
14:45:19,JSMR,RG,3270,1,D,DR,AK,D
14:45:18,JSMR,RG,3280,2,F,ZP,AK,D
14:44:35,JSMR,RG,3270,4,D,DR,AK,D
14:44:35,JSMR,RG,3270,7,D,DR,AK,D
14:44:13,JSMR,RG,3270,1,D,DR,DR,D
14:43:53,JSMR,RG,3270,189,D,DR,AK,D
14:43:52,JSMR,RG,3270,1,D,DR,OD,D
14:43:52,JSMR,RG,3270,18,D,DR,OD,D
14:43:52,JSMR,RG,3270,65,D,DR,OD,D
14:43:52,JSMR,RG,3270,148,D,DR,OD,D
14:43:52,JSMR,RG,3270,5,D,YP,OD,D
14:43:52,JSMR,RG,3270,10,D,YP,OD,D
14:43:52,JSMR,RG,3270,4,F,AK,OD,D
14:43:52,JSMR,RG,3270,5,D,CP,OD,D
14:43:52,JSMR,RG,3270,4,F,AK,OD,D
14:43:52,JSMR,RG,3270,1,F,AK,OD,D
14:43:52,JSMR,RG,3270,3,F,AK,OD,D
14:43:52,JSMR,RG,3270,1,D,GR,OD,D
14:43:52,JSMR,RG,3270,1,D,SQ,OD,D
14:43:52,JSMR,RG,3270,18,D,YP,OD,D
14:43:52,JSMR,RG,3270,1,D,PD,OD,D
14:43:52,JSMR,RG,3270,50,D,YP,OD,D
14:43:52,JSMR,RG,3270,10,D,YP,OD,D
14:43:52,JSMR,RG,3270,39,D,PD,OD,D
14:43:42,JSMR,RG,3270,1,D,PD,AK,D
14:43:41,JSMR,RG,3270,2,D,PD,DR,D
14:43:32,JSMR,RG,3270,8,D,PD,AK,D
14:43:32,JSMR,RG,3270,1,D,YP,AK,D
14:43:32,JSMR,RG,3270,1,D,XL,AK,D
14:43:32,JSMR,RG,3270,1,D,YP,AK,D
14:43:31,JSMR,RG,3280,11,D,PD,OD,D
14:43:31,JSMR,RG,3280,11,D,PD,OD,D
14:42:28,JSMR,RG,3270,1,D,YP,NI,D
14:42:13,JSMR,RG,3270,2,D,YP,PD,D
14:42:13,JSMR,RG,3270,42,D,YP,PD,D
14:42:10,JSMR,RG,3280,2,F,ZP,OD,D
14:41:35,JSMR,RG,3270,16,D,YP,AK,D
14:41:31,JSMR,RG,3280,5,D,CC,OD,D
14:41:08,JSMR,RG,3280,1,D,YP,OD,D
14:41:05,JSMR,RG,3270,3,D,YP,BK,F
14:40:42,JSMR,RG,3270,48,D,YP,DX,D
14:40:03,JSMR,RG,3280,4,F,BK,OD,D
14:39:27,JSMR,RG,3280,1,D,CC,OD,D
14:39:15,JSMR,RG,3280,2,F,AK,OD,D
14:38:30,JSMR,RG,3280,15,F,AK,OD,D
14:37:15,JSMR,RG,3270,17,D,YP,AK,D
14:37:15,JSMR,RG,3280,3,F,AK,OD,D
14:35:27,JSMR,RG,3280,5,D,NI,OD,D
14:35:00,JSMR,RG,3270,11,D,YP,AK,D
14:34:21,JSMR,RG,3280,5,D,OD,OD,D
14:34:19,JSMR,RG,3270,3,D,YP,BK,F
14:33:45,JSMR,RG,3280,1,F,AK,OD,D
14:33:38,JSMR,RG,3280,5,D,OD,OD,D
14:33:06,JSMR,RG,3270,160,D,YP,YP,D
14:33:06,JSMR,RG,3270,50,D,YP,YP,D
14:33:06,JSMR,RG,3270,10,D,YP,YP,D
14:33:06,JSMR,RG,3270,10,D,OD,YP,D
14:33:06,JSMR,RG,3270,1,D,PD,YP,D
14:33:06,JSMR,RG,3270,25,D,BQ,YP,D
14:33:06,JSMR,RG,3270,5,D,CC,YP,D
14:33:06,JSMR,RG,3270,10,D,YP,YP,D
14:33:06,JSMR,RG,3270,1,D,OD,YP,D
14:33:06,JSMR,RG,3270,10,D,PD,YP,D
14:33:06,JSMR,RG,3270,1,D,PD,YP,D
14:33:06,JSMR,RG,3270,2,D,YB,YP,D
14:33:06,JSMR,RG,3270,20,D,NI,YP,D
14:33:06,JSMR,RG,3270,84,D,CC,YP,D
14:33:06,JSMR,RG,3270,5,D,CC,YP,D
14:33:06,JSMR,RG,3270,1,D,XC,YP,D
14:33:06,JSMR,RG,3270,10,D,YP,YP,D
14:33:06,JSMR,RG,3270,3,D,NI,YP,D
14:33:06,JSMR,RG,3270,106,D,YP,YP,D
14:33:06,JSMR,RG,3270,1,D,HP,YP,D
14:33:06,JSMR,RG,3270,1,D,YP,YP,D
14:33:06,JSMR,RG,3270,1,D,YP,YP,D
14:33:06,JSMR,RG,3270,50,D,PD,YP,D
14:33:06,JSMR,RG,3270,30,D,PD,YP,D
14:33:06,JSMR,RG,3270,12,D,CC,YP,D
14:33:06,JSMR,RG,3270,1,D,PD,YP,D
14:33:06,JSMR,RG,3270,3,D,PD,YP,D
14:33:06,JSMR,RG,3270,1,D,CC,YP,D
14:33:06,JSMR,RG,3270,200,D,NI,YP,D
14:33:06,JSMR,RG,3270,7,D,NI,YP,D
14:33:06,JSMR,RG,3270,5,D,KK,YP,D
14:33:06,JSMR,RG,3270,5,D,YP,YP,D
14:33:06,JSMR,RG,3270,1,D,DR,YP,D
14:33:06,JSMR,RG,3270,50,D,SQ,YP,D
14:33:06,JSMR,RG,3270,1,D,NI,YP,D
14:33:06,JSMR,RG,3270,1,D,XC,YP,D
14:33:06,JSMR,RG,3270,100,D,NI,YP,D
14:33:06,JSMR,RG,3270,2,D,YP,YP,D
14:33:06,JSMR,RG,3270,1,D,CC,YP,D
14:33:06,JSMR,RG,3270,1,D,PD,YP,D
14:33:06,JSMR,RG,3270,2,D,PD,YP,D
14:33:06,JSMR,RG,3270,3,D,PD,YP,D
14:33:06,JSMR,RG,3270,4,D,PD,YP,D
14:33:06,JSMR,RG,3270,2,D,PD,YP,D
14:33:06,JSMR,RG,3270,300,D,YP,YP,D
14:33:06,JSMR,RG,3270,3,D,YP,YP,D
14:33:06,JSMR,RG,3270,15,D,CC,YP,D
14:33:06,JSMR,RG,3270,1,D,AO,YP,D
14:33:06,JSMR,RG,3270,1,D,XL,YP,D
14:33:06,JSMR,RG,3270,1,D,DH,YP,D
14:33:06,JSMR,RG,3270,20,D,DR,YP,D
14:33:06,JSMR,RG,3270,2,D,XC,YP,D
14:33:06,JSMR,RG,3270,1,D,YP,YP,D
14:33:06,JSMR,RG,3270,2,D,YP,YP,D
14:33:06,JSMR,RG,3270,1,D,YU,YP,D
14:33:06,JSMR,RG,3270,5,D,PD,YP,D
14:33:06,JSMR,RG,3270,27,D,YP,YP,D
14:33:06,JSMR,RG,3270,10,D,PD,YP,D
14:33:06,JSMR,RG,3270,20,D,KK,YP,D
14:33:06,JSMR,RG,3270,11,D,AZ,YP,D
14:33:06,JSMR,RG,3270,10,D,YP,YP,D
14:33:06,JSMR,RG,3270,10,D,CC,YP,D
14:33:06,JSMR,RG,3270,1,D,YP,YP,D
14:33:06,JSMR,RG,3270,5,D,YP,YP,D
14:33:06,JSMR,RG,3270,50,D,EP,YP,D
14:33:06,JSMR,RG,3270,1,D,YP,YP,D
14:33:06,JSMR,RG,3270,2,D,XL,YP,D
14:33:06,JSMR,RG,3270,7,D,YP,YP,D
14:32:53,JSMR,RG,3270,1,D,YP,CC,D
14:30:45,JSMR,RG,3270,1,D,YP,AK,D
14:30:45,JSMR,RG,3270,14,D,XL,AK,D
14:30:24,JSMR,RG,3280,1,F,ZP,OD,D
14:29:40,JSMR,RG,3280,1,F,ZP,OD,D
14:29:10,JSMR,RG,3280,25,D,NI,OD,D
14:27:50,JSMR,RG,3270,2,D,XL,AK,D
14:27:50,JSMR,RG,3270,1,D,PD,AK,D
14:27:50,JSMR,RG,3270,6,D,CC,AK,D
14:27:37,JSMR,RG,3280,1,D,DH,OD,D
14:27:27,JSMR,RG,3280,1,F,ZP,OD,D
14:26:13,JSMR,RG,3280,11,D,PD,OD,D
14:25:05,JSMR,RG,3270,4,D,CC,AK,D
14:25:05,JSMR,RG,3270,5,D,PD,AK,D
14:25:05,JSMR,RG,3270,2,D,PD,AK,D
14:25:05,JSMR,RG,3270,1,D,YP,AK,D
14:25:01,JSMR,RG,3280,10,D,NI,OD,D
14:24:29,JSMR,RG,3280,2,D,CC,OD,D
14:24:29,JSMR,RG,3280,1,D,YP,OD,D
14:24:29,JSMR,RG,3280,3,D,XC,OD,D
14:24:29,JSMR,RG,3280,1,F,ZP,OD,D
14:24:29,JSMR,RG,3280,4,D,CP,OD,D
14:22:06,JSMR,RG,3280,1,D,CP,YP,D
14:20:45,JSMR,RG,3280,5,F,AK,AK,D
14:20:45,JSMR,RG,3280,8,F,AK,AK,D
14:18:57,JSMR,RG,3280,3,F,AK,BK,F
14:18:57,JSMR,RG,3280,1,F,AK,OD,D
14:18:57,JSMR,RG,3280,42,F,AK,OD,D
14:18:49,JSMR,RG,3280,3,F,AK,OD,D
14:18:49,JSMR,RG,3280,3,F,AK,OD,D
14:18:49,JSMR,RG,3280,10,D,PD,OD,D
14:18:49,JSMR,RG,3280,10,D,IF,OD,D
14:18:49,JSMR,RG,3280,16,D,SQ,OD,D
14:18:49,JSMR,RG,3280,16,D,SQ,OD,D
14:18:49,JSMR,RG,3280,10,D,NI,OD,D
14:18:49,JSMR,RG,3280,39,D,NI,OD,D
14:18:18,JSMR,RG,3280,3,D,NI,BK,F
14:18:18,JSMR,RG,3280,3,D,NI,OD,D
14:18:18,JSMR,RG,3280,15,D,KK,OD,D
14:18:18,JSMR,RG,3280,1,F,AK,OD,D
14:18:18,JSMR,RG,3280,1,D,AT,OD,D
14:18:18,JSMR,RG,3280,8,F,BK,OD,D
14:18:18,JSMR,RG,3280,10,D,YP,OD,D
14:18:18,JSMR,RG,3280,162,D,NI,OD,D
14:18:13,JSMR,RG,3280,38,D,NI,OD,D
14:18:13,JSMR,RG,3280,1,D,SQ,OD,D
14:18:13,JSMR,RG,3280,1,D,BK,OD,D
14:18:13,JSMR,RG,3280,3,D,YP,OD,D
14:18:13,JSMR,RG,3280,1,D,CC,OD,D
14:18:13,JSMR,RG,3280,2,D,XC,OD,D
14:18:13,JSMR,RG,3280,10,D,SQ,OD,D
14:18:13,JSMR,RG,3280,3,F,AK,OD,D
14:18:13,JSMR,RG,3280,149,D,CC,OD,D
14:18:13,JSMR,RG,3280,3,F,AK,OD,D
14:18:13,JSMR,RG,3280,1,D,BK,OD,D
14:18:13,JSMR,RG,3280,3,D,XL,OD,D
14:18:13,JSMR,RG,3280,10,D,SQ,OD,D
14:18:13,JSMR,RG,3280,4,F,AK,OD,D
14:18:13,JSMR,RG,3280,1,D,XC,OD,D
14:18:13,JSMR,RG,3280,5,D,BQ,OD,D
14:18:13,JSMR,RG,3280,5,F,AK,OD,D
14:18:13,JSMR,RG,3280,1,F,AK,OD,D
14:18:13,JSMR,RG,3280,1,D,YP,OD,D
14:18:13,JSMR,RG,3280,10,D,CC,OD,D
14:18:13,JSMR,RG,3280,11,D,PD,OD,D
14:18:13,JSMR,RG,3280,2,D,XC,OD,D
14:18:13,JSMR,RG,3280,2,D,PD,OD,D
14:18:13,JSMR,RG,3280,2,D,PD,OD,D
14:18:13,JSMR,RG,3280,4,D,PD,OD,D
14:18:13,JSMR,RG,3280,2,D,XC,OD,D
14:18:13,JSMR,RG,3280,60,D,PD,OD,D
14:18:13,JSMR,RG,3280,1,D,XC,OD,D
14:18:13,JSMR,RG,3280,16,D,NI,OD,D
14:18:13,JSMR,RG,3280,1,D,SQ,OD,D
14:18:13,JSMR,RG,3280,1,D,CP,OD,D
14:18:13,JSMR,RG,3280,10,D,NI,OD,D
14:18:13,JSMR,RG,3280,10,D,NI,OD,D
14:18:13,JSMR,RG,3280,50,D,NI,OD,D
14:18:13,JSMR,RG,3280,20,D,KK,OD,D
14:18:13,JSMR,RG,3280,5,D,CC,OD,D
14:18:13,JSMR,RG,3280,10,D,YP,OD,D
14:18:13,JSMR,RG,3280,5,F,BK,OD,D
14:18:13,JSMR,RG,3280,8,F,ZP,OD,D
14:18:13,JSMR,RG,3280,1,D,BK,OD,D
14:18:13,JSMR,RG,3280,10,D,YP,OD,D
14:18:13,JSMR,RG,3280,1,D,CC,OD,D
14:18:13,JSMR,RG,3280,5,D,YP,OD,D
14:18:13,JSMR,RG,3280,10,D,YU,OD,D
14:18:13,JSMR,RG,3280,1,D,XC,OD,D
14:18:04,JSMR,RG,3280,4,D,XC,OD,D
14:18:04,JSMR,RG,3280,20,D,DR,OD,D
14:18:04,JSMR,RG,3280,6,D,YP,OD,D
14:18:04,JSMR,RG,3280,6,D,OD,OD,D
14:18:04,JSMR,RG,3280,31,D,DH,OD,D
14:18:04,JSMR,RG,3280,1,D,CC,OD,D
14:18:04,JSMR,RG,3280,1,D,PD,OD,D
14:18:04,JSMR,RG,3280,1,D,SQ,OD,D
14:18:04,JSMR,RG,3280,1,D,YP,OD,D
14:18:04,JSMR,RG,3280,295,D,XA,OD,D
14:18:04,JSMR,RG,3280,5,D,XA,OD,D
14:18:04,JSMR,RG,3280,1,D,NI,OD,D
14:18:04,JSMR,RG,3280,1,D,YP,OD,D
14:18:04,JSMR,RG,3280,2,D,YP,OD,D
14:18:04,JSMR,RG,3280,1,D,PD,OD,D
14:18:04,JSMR,RG,3280,25,D,NI,OD,D
14:18:04,JSMR,RG,3280,5,D,SQ,OD,D
14:18:04,JSMR,RG,3280,1,D,YP,OD,D
14:18:04,JSMR,RG,3280,3,D,CC,OD,D
14:18:04,JSMR,RG,3280,20,D,YP,OD,D
14:18:04,JSMR,RG,3280,70,D,YP,OD,D
14:18:04,JSMR,RG,3280,30,D,YP,OD,D
14:18:04,JSMR,RG,3280,200,D,GR,OD,D
14:18:04,JSMR,RG,3280,100,D,YP,OD,D
14:18:04,JSMR,RG,3280,1,F,ZP,OD,D
14:18:04,JSMR,RG,3280,35,D,YP,OD,D
14:18:04,JSMR,RG,3280,35,D,YP,OD,D
14:18:04,JSMR,RG,3280,29,D,YP,OD,D
14:18:04,JSMR,RG,3280,70,D,YP,OD,D
14:17:56,JSMR,RG,3280,11,D,YP,OD,D
14:17:56,JSMR,RG,3280,9,D,YP,OD,D
14:17:56,JSMR,RG,3280,2,D,DX,OD,D
14:17:56,JSMR,RG,3280,50,D,PD,OD,D
14:17:56,JSMR,RG,3280,3,D,YP,OD,D
14:17:56,JSMR,RG,3280,5,D,XC,OD,D
14:17:56,JSMR,RG,3280,1,D,YP,OD,D
14:17:56,JSMR,RG,3280,1,D,NI,OD,D
14:17:56,JSMR,RG,3280,618,D,OD,OD,D
14:17:45,JSMR,RG,3290,1,F,AK,OD,D
14:17:35,JSMR,RG,3290,10,D,PD,OD,D
14:17:00,JSMR,RG,3280,16,D,OD,AK,D
14:16:56,JSMR,RG,3280,366,D,OD,OD,D
14:16:56,JSMR,RG,3280,15,D,CC,OD,D
14:16:56,JSMR,RG,3280,1,D,PD,OD,D
14:16:56,JSMR,RG,3280,3,D,YP,OD,D
14:16:56,JSMR,RG,3280,1,D,YP,OD,D
14:16:56,JSMR,RG,3280,15,D,OD,OD,D
14:16:56,JSMR,RG,3280,29,D,OD,OD,D
14:16:45,JSMR,RG,3290,3,F,AK,OD,D
14:15:42,JSMR,RG,3280,15,D,OD,EP,D
14:14:51,JSMR,RG,3280,15,D,OD,DR,D
14:14:46,JSMR,RG,3280,1,D,OD,IF,D
14:14:39,JSMR,RG,3280,10,D,OD,AK,D
14:14:38,JSMR,RG,3290,10,D,YP,OD,D
14:14:16,JSMR,RG,3280,61,D,OD,YP,D
14:14:15,JSMR,RG,3290,3,F,AK,OD,D
14:12:00,JSMR,RG,3280,9,D,OD,AK,D
14:12:00,JSMR,RG,3290,1,F,AK,OD,D
14:11:41,JSMR,RG,3290,1,D,BK,OD,D
14:11:00,JSMR,RG,3290,3,F,AK,OD,D
14:10:54,JSMR,RG,3280,9,D,OD,CC,D
14:09:27,JSMR,RG,3290,10,D,YP,OD,D
14:09:25,JSMR,RG,3290,4,D,KK,OD,D
14:08:53,JSMR,RG,3290,11,D,PD,OD,D
14:08:49,JSMR,RG,3290,11,D,PD,OD,D
14:08:30,JSMR,RG,3290,2,F,ZP,OD,D
14:07:52,JSMR,RG,3290,18,D,YP,OD,D
14:07:30,JSMR,RG,3290,3,F,AK,OD,D
14:07:24,JSMR,RG,3290,5,F,ZP,OD,D
14:07:24,JSMR,RG,3290,139,D,YP,OD,D
14:07:24,JSMR,RG,3290,3,D,YP,BK,F
14:07:24,JSMR,RG,3290,1,D,YP,XL,D
14:07:24,JSMR,RG,3290,4,D,YP,AK,D
14:07:24,JSMR,RG,3290,10,D,YP,YP,D
14:07:24,JSMR,RG,3290,15,D,YP,DR,D
14:07:24,JSMR,RG,3290,1,D,YP,YP,D
14:07:24,JSMR,RG,3290,6,D,YP,YP,D
14:07:24,JSMR,RG,3290,125,D,YP,OD,D
14:05:06,JSMR,RG,3280,22,D,OD,AK,D
14:05:05,JSMR,RG,3280,2,D,OD,YP,D
14:05:03,JSMR,RG,3290,8,F,BK,OD,D
14:04:36,JSMR,RG,3280,60,D,OD,AI,D
14:02:51,JSMR,RG,3290,1,F,AK,OD,D
14:02:51,JSMR,RG,3280,103,D,OD,CC,D
14:02:45,JSMR,RG,3290,2,F,AK,OD,D
14:02:19,JSMR,RG,3290,15,F,ZP,OD,D
14:01:45,JSMR,RG,3290,1,F,AK,OD,D
14:00:59,JSMR,RG,3290,11,D,PD,OD,D
14:00:54,JSMR,RG,3290,1,D,XC,OD,D
14:00:53,JSMR,RG,3290,11,D,PD,OD,D
13:59:57,JSMR,RG,3290,5,D,CC,OD,D
13:59:45,JSMR,RG,3290,3,F,AK,OD,D
13:59:39,JSMR,RG,3290,16,D,NI,OD,D
13:59:39,JSMR,RG,3290,9,D,NI,YP,D
13:59:04,JSMR,RG,3280,23,D,OD,AK,D
13:59:04,JSMR,RG,3280,2,D,OD,YP,D
13:58:38,JSMR,RG,3280,3,D,OD,BK,F
13:58:00,JSMR,RG,3290,1,D,BK,YP,D
13:58:00,JSMR,RG,3280,11,D,OD,AK,F
13:58:00,JSMR,RG,3290,1,F,AK,BQ,D
13:58:00,JSMR,RG,3290,1,F,AK,PD,D
13:56:00,JSMR,RG,3290,3,F,AK,PD,D
13:56:00,JSMR,RG,3290,1,F,AK,OD,D
13:54:49,JSMR,RG,3280,5,D,OD,XC,D
13:54:45,JSMR,RG,3290,2,F,AK,OD,D
13:54:25,JSMR,RG,3280,1,D,OD,PD,D
13:53:52,JSMR,RG,3290,25,D,PD,OD,D
13:53:14,JSMR,RG,3280,1,D,OD,YP,D
13:52:52,JSMR,RG,3280,23,D,OD,AK,D
13:52:51,JSMR,RG,3290,3,F,AK,OD,D
13:52:26,JSMR,RG,3280,2,D,OD,YB,D
13:51:45,JSMR,RG,3290,1,F,AK,OD,D
13:50:36,JSMR,RG,3290,4,F,AK,OD,D
13:50:12,JSMR,RG,3280,3,D,OD,PD,D
13:48:37,JSMR,RG,3280,3,D,OD,BK,F
13:46:30,JSMR,RG,3280,7,D,OD,XL,D
13:46:30,JSMR,RG,3280,24,D,OD,AK,D
13:46:00,JSMR,RG,3290,1,F,AK,OD,D
13:45:15,JSMR,RG,3280,4,D,OD,AK,D
13:44:32,JSMR,RG,3280,70,D,OD,YP,D
13:44:25,JSMR,RG,3280,1,D,OD,AK,F
13:44:25,JSMR,RG,3290,10,D,PD,OD,D
13:41:32,JSMR,RG,3280,6,D,OD,AK,F
13:41:32,JSMR,RG,3290,52,D,KK,OD,D
13:38:45,JSMR,RG,3280,24,D,OD,AK,D
13:38:26,JSMR,RG,3280,10,D,OD,YP,D
13:37:45,JSMR,RG,3280,4,D,OD,AK,D
13:37:08,JSMR,RG,3280,2,D,OD,AK,F
13:37:07,JSMR,RG,3290,30,D,YP,OD,D
13:34:58,JSMR,RG,3290,11,D,PD,OD,D
13:34:05,JSMR,RG,3290,2,F,ZP,OD,D
13:33:39,JSMR,RG,3290,2,D,DR,OD,D
13:33:18,JSMR,RG,3290,3,D,CC,OD,D
13:32:16,JSMR,RG,3290,2,F,ZP,OD,D
13:31:32,JSMR,RG,3290,25,D,PD,OD,D
13:30:18,JSMR,RG,3290,1,F,ZP,OD,D
13:30:09,JSMR,RG,3290,1,D,IF,OD,D
13:30:06,JSMR,RG,3290,10,F,AK,OD,D
13:30:06,JSMR,RG,3290,1,F,AK,OD,D
13:30:05,JSMR,RG,3280,10,D,OD,AK,D
13:30:02,JSMR,RG,3290,11,D,PD,OD,D
13:30:01,JSMR,RG,3290,4,D,KK,OD,D
11:29:50,JSMR,RG,3280,1,D,OD,AK,D
11:29:49,JSMR,RG,3290,17,D,LG,OD,D
11:29:49,JSMR,RG,3290,3,D,LG,OD,D
11:29:41,JSMR,RG,3280,1,D,OD,AK,D
11:29:40,JSMR,RG,3290,1,F,ZP,OD,D
11:29:33,JSMR,RG,3290,9,F,BK,OD,D
11:29:20,JSMR,RG,3280,4,D,OD,AK,D
11:29:05,JSMR,RG,3280,1,D,OD,AK,D
11:28:52,JSMR,RG,3290,8,D,NI,OD,D
11:28:52,JSMR,RG,3290,2,D,NI,OD,D
11:28:46,JSMR,RG,3290,1,F,AK,OD,D
11:28:06,JSMR,RG,3290,1,D,SQ,OD,D
11:28:01,JSMR,RG,3290,1,F,AK,OD,D
11:27:19,JSMR,RG,3290,1,F,ZP,OD,D
11:27:16,JSMR,RG,3290,1,F,AK,OD,D
11:26:46,JSMR,RG,3290,1,F,AK,OD,D
11:25:17,JSMR,RG,3290,5,F,ZP,OD,D
11:25:16,JSMR,RG,3290,3,F,AK,OD,D
11:25:02,JSMR,RG,3290,1,D,PD,OD,D
11:25:02,JSMR,RG,3290,24,D,PD,OD,D
11:24:16,JSMR,RG,3290,1,F,AK,OD,D
11:24:01,JSMR,RG,3290,2,F,AK,OD,D
11:23:16,JSMR,RG,3290,15,D,PD,OD,D
11:23:16,JSMR,RG,3290,3,D,PD,OD,D
11:23:16,JSMR,RG,3290,3,D,PD,BK,F
11:23:16,JSMR,RG,3290,4,D,PD,OD,D
11:23:16,JSMR,RG,3290,1,F,AK,OD,D
11:21:46,JSMR,RG,3280,3,D,OD,BK,F
11:21:09,JSMR,RG,3290,10,D,SQ,OD,D
11:20:46,JSMR,RG,3290,3,F,AK,OD,D
11:19:52,JSMR,RG,3280,9,D,OD,OD,D
11:19:31,JSMR,RG,3290,2,F,AK,OD,D
11:19:14,JSMR,RG,3280,11,D,OD,OD,D
11:18:16,JSMR,RG,3280,12,D,OD,OD,D
11:17:14,JSMR,RG,3280,12,D,OD,OD,D
11:16:16,JSMR,RG,3280,11,D,OD,OD,D
11:15:16,JSMR,RG,3280,9,D,OD,OD,D
11:14:18,JSMR,RG,3280,5,D,OD,OD,D
11:13:20,JSMR,RG,3280,6,D,OD,OD,D
11:12:20,JSMR,RG,3280,6,D,OD,OD,D
11:11:18,JSMR,RG,3280,7,D,OD,OD,D
11:10:16,JSMR,RG,3280,5,D,OD,OD,D
11:09:18,JSMR,RG,3280,6,D,OD,OD,D
11:09:08,JSMR,RG,3290,1,D,YP,SQ,D
11:09:08,JSMR,RG,3290,1,F,AK,SQ,D
11:09:08,JSMR,RG,3290,2,F,AK,SQ,D
11:09:08,JSMR,RG,3290,1,D,YP,SQ,D
11:09:08,JSMR,RG,3290,5,D,PD,SQ,D
11:08:16,JSMR,RG,3290,6,D,PD,OD,D
11:08:07,JSMR,RG,3290,39,D,PD,YP,D
11:08:07,JSMR,RG,3290,1,D,YP,YP,D
11:08:07,JSMR,RG,3290,100,D,PD,YP,D
11:08:07,JSMR,RG,3290,1,F,AK,YP,D
11:08:07,JSMR,RG,3290,1,F,AK,YP,D
11:08:07,JSMR,RG,3290,2,F,AK,YP,D
11:08:07,JSMR,RG,3290,4,F,AK,YP,D
11:08:07,JSMR,RG,3290,8,F,BK,YP,D
11:08:07,JSMR,RG,3290,1,D,BK,YP,D
11:08:07,JSMR,RG,3290,8,F,ZP,YP,D
11:08:07,JSMR,RG,3290,14,F,AK,YP,D
11:08:07,JSMR,RG,3290,321,D,OD,YP,D
11:07:44,JSMR,RG,3290,18,D,OD,XC,D
11:06:33,JSMR,RG,3290,5,D,OD,OD,D
11:06:33,JSMR,RG,3290,200,D,OD,OD,D
11:06:33,JSMR,RG,3290,1,D,OD,XC,D
11:06:33,JSMR,RG,3290,100,D,OD,NI,D
11:06:33,JSMR,RG,3290,3,D,OD,YP,D
11:06:33,JSMR,RG,3290,3,D,OD,XC,D
11:06:33,JSMR,RG,3290,1,D,OD,BQ,D
11:06:33,JSMR,RG,3290,3,D,OD,BK,F
11:06:33,JSMR,RG,3290,279,D,OD,OD,D
11:06:33,JSMR,RG,3290,58,D,OD,YP,D
11:06:33,JSMR,RG,3290,8,D,OD,OD,D
11:06:18,JSMR,RG,3280,7,D,OD,OD,D
11:05:16,JSMR,RG,3280,5,D,OD,OD,D
11:05:01,JSMR,RG,3290,1,F,AK,OD,D
11:04:17,JSMR,RG,3290,4,F,AK,OD,D
11:04:16,JSMR,RG,3280,6,D,OD,OD,D
11:03:16,JSMR,RG,3280,5,D,OD,OD,D
11:02:16,JSMR,RG,3280,6,D,OD,OD,D
11:01:14,JSMR,RG,3280,6,D,OD,OD,D
11:00:16,JSMR,RG,3280,7,D,OD,OD,D
11:00:11,JSMR,RG,3290,30,D,XL,OD,D
10:59:20,JSMR,RG,3290,3,F,AK,OD,D
10:59:14,JSMR,RG,3280,6,D,OD,OD,D
10:58:12,JSMR,RG,3280,6,D,OD,OD,D
10:57:12,JSMR,RG,3280,6,D,OD,OD,D
10:56:12,JSMR,RG,3280,6,D,OD,OD,D
10:55:31,JSMR,RG,3290,1,F,AK,OD,D
10:55:14,JSMR,RG,3280,6,D,OD,OD,D
10:54:32,JSMR,RG,3290,3,F,ZP,OD,D
10:54:14,JSMR,RG,3290,3,F,AK,OD,D
10:54:14,JSMR,RG,3280,6,D,OD,OD,D
10:53:14,JSMR,RG,3280,6,D,OD,OD,D
10:52:14,JSMR,RG,3280,5,D,OD,OD,D
10:52:10,JSMR,RG,3280,10,D,OD,YB,D
10:51:14,JSMR,RG,3280,6,D,OD,OD,D
10:50:46,JSMR,RG,3290,3,F,AK,OD,D
10:50:10,JSMR,RG,3280,6,D,OD,OD,D
10:49:12,JSMR,RG,3280,6,D,OD,OD,D
10:48:14,JSMR,RG,3280,7,D,OD,OD,D
10:47:12,JSMR,RG,3280,6,D,OD,OD,D
10:46:24,JSMR,RG,3290,2,F,AK,OD,D
10:46:23,JSMR,RG,3290,1,D,YP,OD,D
10:46:23,JSMR,RG,3290,1,D,BK,OD,D
10:46:23,JSMR,RG,3290,86,D,YB,OD,D
10:46:23,JSMR,RG,3290,14,D,YB,OD,D
10:46:23,JSMR,RG,3290,11,D,YB,OD,D
10:46:23,JSMR,RG,3290,28,D,YB,OD,D
10:46:08,JSMR,RG,3290,219,D,YB,OD,D
10:46:08,JSMR,RG,3290,21,D,YB,OD,D
10:46:08,JSMR,RG,3290,5,D,YB,OD,D
10:46:08,JSMR,RG,3290,16,D,YB,OD,D
10:46:08,JSMR,RG,3290,1,D,YP,OD,D
10:46:08,JSMR,RG,3290,9,D,YP,OD,D
10:46:08,JSMR,RG,3290,1,D,BK,OD,D
10:46:08,JSMR,RG,3290,10,D,YP,OD,D
10:46:08,JSMR,RG,3290,1,D,YP,OD,D
10:46:08,JSMR,RG,3290,8,F,BK,OD,D
10:46:08,JSMR,RG,3290,2,F,ZP,OD,D
10:46:08,JSMR,RG,3290,11,D,PD,OD,D
10:45:31,JSMR,RG,3300,1,F,AK,KK,D
10:44:23,JSMR,RG,3290,6,D,PD,OD,D
10:44:23,JSMR,RG,3290,1,D,PD,AK,F
10:44:23,JSMR,RG,3290,10,D,PD,YP,D
10:44:23,JSMR,RG,3290,22,D,PD,NI,D
10:44:10,JSMR,RG,3280,7,D,OD,OD,D
10:43:46,JSMR,RG,3290,2,F,AK,NI,D
10:43:41,JSMR,RG,3280,12,D,OD,PD,D
10:43:26,JSMR,RG,3290,50,D,PD,NI,D
10:43:15,JSMR,RG,3290,46,D,PD,NI,D
10:43:15,JSMR,RG,3290,3,D,PD,AK,F
10:43:15,JSMR,RG,3290,1,D,PD,XL,D
10:43:12,JSMR,RG,3280,6,D,OD,OD,D
10:42:58,JSMR,RG,3280,7,D,OD,AK,F
10:42:58,JSMR,RG,3290,1,F,ZP,XL,D
10:42:58,JSMR,RG,3290,10,F,ZP,CC,D
10:42:58,JSMR,RG,3290,60,D,YP,CC,D
10:42:58,JSMR,RG,3290,5,D,YP,YP,D
10:42:58,JSMR,RG,3290,3,D,YP,PD,D
10:42:58,JSMR,RG,3290,27,D,YP,XC,D
10:42:58,JSMR,RG,3290,146,D,YP,OD,D
10:42:58,JSMR,RG,3290,14,D,YP,OD,D
10:42:58,JSMR,RG,3290,11,D,YP,OD,D
10:42:58,JSMR,RG,3290,28,D,YP,OD,D
10:42:58,JSMR,RG,3290,20,D,YP,LG,D
10:42:58,JSMR,RG,3290,300,D,YP,LG,D
10:42:58,JSMR,RG,3290,7,D,YP,NI,D
10:42:58,JSMR,RG,3290,1,D,YP,PD,D
10:42:58,JSMR,RG,3290,10,D,YP,CC,D
10:42:58,JSMR,RG,3290,146,D,YP,OD,D
10:42:58,JSMR,RG,3290,14,D,YP,OD,D
10:42:58,JSMR,RG,3290,11,D,YP,OD,D
10:42:58,JSMR,RG,3290,1,D,YP,AK,F
10:42:58,JSMR,RG,3290,28,D,YP,OD,D
10:42:58,JSMR,RG,3290,3,D,YP,AK,F
10:42:58,JSMR,RG,3290,100,D,YP,PD,D
10:42:58,JSMR,RG,3290,65,D,YP,YP,D
10:42:50,JSMR,RG,3280,1,D,OD,AK,F
10:42:50,JSMR,RG,3290,1,D,BK,YP,D
10:42:14,JSMR,RG,3290,2,F,AK,YP,D
10:42:14,JSMR,RG,3280,7,D,OD,OD,D
10:41:14,JSMR,RG,3280,7,D,OD,OD,D
10:40:14,JSMR,RG,3280,6,D,OD,OD,D
10:39:13,JSMR,RG,3280,6,D,OD,OD,D
10:38:23,JSMR,RG,3290,1,D,YB,YP,D
10:38:13,JSMR,RG,3280,7,D,OD,OD,D
10:37:31,JSMR,RG,3290,1,F,AK,YP,D
10:37:20,JSMR,RG,3290,5,F,AK,YP,D
10:37:13,JSMR,RG,3280,6,D,OD,OD,D
10:36:11,JSMR,RG,3280,6,D,OD,OD,D
10:35:44,JSMR,RG,3290,1,F,AK,YP,D
10:35:43,JSMR,RG,3280,1,D,OD,CC,D
10:35:13,JSMR,RG,3280,6,D,OD,OD,D
10:34:15,JSMR,RG,3280,6,D,OD,OD,D
10:33:17,JSMR,RG,3280,7,D,OD,OD,D
10:32:17,JSMR,RG,3280,7,D,OD,OD,D
10:31:15,JSMR,RG,3280,6,D,OD,OD,D
10:30:15,JSMR,RG,3280,7,D,OD,OD,D
10:30:05,JSMR,RG,3290,3,F,AK,YP,D
10:29:32,JSMR,RG,3280,3,D,OD,CC,D
10:29:15,JSMR,RG,3280,6,D,OD,OD,D
10:28:31,JSMR,RG,3290,10,D,YB,YP,D
10:28:15,JSMR,RG,3280,6,D,OD,OD,D
10:28:04,JSMR,RG,3280,1,D,OD,AK,F
10:28:02,JSMR,RG,3290,25,D,PD,YP,D
10:27:33,JSMR,RG,3280,10,D,OD,NI,D
10:27:31,JSMR,RG,3290,1,F,AK,YP,D
10:27:13,JSMR,RG,3280,7,D,OD,OD,D
10:26:15,JSMR,RG,3280,6,D,OD,OD,D
10:25:15,JSMR,RG,3280,6,D,OD,OD,D
10:24:50,JSMR,RG,3290,4,F,AK,YP,D
10:24:15,JSMR,RG,3280,6,D,OD,OD,D
10:21:36,JSMR,RG,3290,4,D,NI,YP,D
10:21:36,JSMR,RG,3290,6,D,NI,KK,D
10:20:59,JSMR,RG,3280,11,D,OD,CC,D
10:18:35,JSMR,RG,3290,1,F,AK,KK,D
10:18:35,JSMR,RG,3290,3,F,AK,XC,D
10:17:29,JSMR,RG,3280,10,D,OD,NI,D
10:17:19,JSMR,RG,3280,1,D,OD,DH,D
10:16:08,JSMR,RG,3280,6,D,OD,EP,D
10:14:16,JSMR,RG,3290,1,F,AK,SQ,D
10:13:01,JSMR,RG,3290,1,F,AK,DX,D
10:13:01,JSMR,RG,3290,1,F,AK,OD,D
10:12:48,JSMR,RG,3280,10,D,OD,NI,D
10:12:38,JSMR,RG,3290,2,F,ZP,OD,D
10:12:38,JSMR,RG,3290,3,F,ZP,OD,D
10:11:01,JSMR,RG,3290,1,F,AK,OD,D
10:09:52,JSMR,RG,3280,58,D,OD,XC,D
10:09:19,JSMR,RG,3280,1,D,OD,XC,D
10:09:08,JSMR,RG,3290,2,D,PD,OD,D
10:08:42,JSMR,RG,3290,4,D,YP,OD,D
10:08:42,JSMR,RG,3290,5,D,YP,PD,D
10:08:42,JSMR,RG,3290,3,D,YP,PD,D
10:08:42,JSMR,RG,3290,10,D,YP,YP,D
10:08:42,JSMR,RG,3290,1,D,YP,DR,D
10:08:42,JSMR,RG,3290,50,D,YP,YP,D
10:08:42,JSMR,RG,3290,6,D,YP,CC,F
10:08:42,JSMR,RG,3290,82,D,YP,PD,D
10:08:42,JSMR,RG,3290,10,D,YP,YP,D
10:08:42,JSMR,RG,3290,1,D,YP,AK,F
10:08:42,JSMR,RG,3290,3,D,YP,AK,F
10:08:42,JSMR,RG,3290,8,D,YP,YP,D
10:08:42,JSMR,RG,3290,2,D,YP,YP,D
10:08:42,JSMR,RG,3290,20,D,YP,YP,D
10:08:42,JSMR,RG,3290,1,D,YP,YP,D
10:08:42,JSMR,RG,3290,2,D,YP,YP,D
10:08:42,JSMR,RG,3290,92,D,YP,GR,D
10:07:26,JSMR,RG,3280,5,D,OD,NI,D
10:07:26,JSMR,RG,3280,1,D,SQ,NI,D
10:07:26,JSMR,RG,3280,4,F,BK,NI,D
10:07:09,JSMR,RG,3280,2,F,BK,XC,D
10:07:09,JSMR,RG,3280,16,D,CC,XC,D
10:07:09,JSMR,RG,3280,1,F,AK,XC,D
10:07:09,JSMR,RG,3280,1,D,YP,XC,D
10:02:30,JSMR,RG,3280,1,F,AK,AK,F
10:02:20,JSMR,RG,3290,3,F,AK,GR,D
10:00:13,JSMR,RG,3290,70,D,SQ,GR,D
09:59:06,JSMR,RG,3290,1,F,ZP,GR,D
09:58:03,JSMR,RG,3290,1,D,XL,GR,D
09:57:22,JSMR,RG,3290,2,D,PD,GR,D
09:56:50,JSMR,RG,3290,3,F,AK,GR,D
09:55:26,JSMR,RG,3290,1,F,ZP,GR,D
09:51:57,JSMR,RG,3290,1,D,XC,GR,D
09:51:51,JSMR,RG,3290,26,D,PD,GR,D
09:51:51,JSMR,RG,3290,1,D,PD,AK,F
09:51:51,JSMR,RG,3290,1,D,PD,AK,F
09:51:51,JSMR,RG,3290,22,D,PD,AK,F
09:47:52,JSMR,RG,3290,2,D,YP,AK,F
09:47:52,JSMR,RG,3290,1,D,YP,YP,D
09:47:37,JSMR,RG,3290,1,F,ZP,YP,D
09:47:37,JSMR,RG,3290,1,F,AK,YP,D
09:47:37,JSMR,RG,3290,1,F,AK,YP,D
09:47:36,JSMR,RG,3290,1,F,AK,OD,D
09:47:36,JSMR,RG,3290,10,D,YP,OD,D
09:47:36,JSMR,RG,3290,1,D,YP,OD,D
09:47:36,JSMR,RG,3290,5,D,SQ,OD,D
09:47:36,JSMR,RG,3290,1,D,PD,OD,D
09:47:36,JSMR,RG,3290,5,D,OD,OD,D
09:47:36,JSMR,RG,3290,1,F,AK,OD,D
09:47:36,JSMR,RG,3290,2,D,XC,OD,D
09:47:36,JSMR,RG,3290,3,D,YP,OD,D
09:47:36,JSMR,RG,3290,1,D,BK,OD,D
09:47:36,JSMR,RG,3290,61,D,DR,OD,D
09:47:36,JSMR,RG,3290,9,D,DR,OD,D
09:47:36,JSMR,RG,3290,7,D,DR,OD,D
09:47:36,JSMR,RG,3290,18,D,DR,OD,D
09:47:11,JSMR,RG,3290,31,D,DR,AK,F
09:47:10,JSMR,RG,3290,20,D,DR,OD,D
09:47:06,JSMR,RG,3290,3,D,DR,OD,D
09:46:30,JSMR,RG,3290,1,D,DR,XC,D
09:46:30,JSMR,RG,3290,1,F,ZP,XC,D
09:46:30,JSMR,RG,3290,2,F,AK,XC,D
09:44:50,JSMR,RG,3290,1,F,AK,YP,D
09:44:28,JSMR,RG,3290,1,F,AK,AK,F
09:44:28,JSMR,RG,3300,53,D,DR,KK,D
09:44:00,JSMR,RG,3300,5,F,AK,KK,D
09:44:00,JSMR,RG,3300,4,F,AK,KK,D
09:44:00,JSMR,RG,3300,4,F,AK,KK,D
09:43:41,JSMR,RG,3300,5,D,CC,KK,D
09:43:35,JSMR,RG,3300,2,F,AK,KK,D
09:43:09,JSMR,RG,3300,3,D,DH,KK,D
09:42:57,JSMR,RG,3290,1,F,BK,AK,F
09:42:57,JSMR,RG,3290,7,F,BK,PD,D
09:42:57,JSMR,RG,3290,1,D,YP,PD,D
09:42:57,JSMR,RG,3290,1,D,BK,PD,D
09:42:57,JSMR,RG,3290,6,F,AK,PD,D
09:42:57,JSMR,RG,3290,6,F,AK,PD,D
09:42:57,JSMR,RG,3290,2,F,ZP,PD,D
09:42:57,JSMR,RG,3290,7,D,YP,PD,D
09:42:49,JSMR,RG,3290,2,D,YP,KK,D
09:42:15,JSMR,RG,3290,2,D,YP,AK,F
09:42:15,JSMR,RG,3300,16,F,AK,KK,D
09:41:45,JSMR,RG,3300,1,D,YP,KK,D
09:41:34,JSMR,RG,3290,4,D,YP,AK,F
09:41:34,JSMR,RG,3290,1,D,YP,YP,D
09:41:34,JSMR,RG,3290,9,D,YP,XC,D
09:41:34,JSMR,RG,3290,8,D,YP,CC,D
09:41:34,JSMR,RG,3290,2,D,YP,XC,D
09:41:34,JSMR,RG,3290,2,D,YP,KK,D
09:41:34,JSMR,RG,3290,5,D,YP,PD,D
09:41:34,JSMR,RG,3290,10,D,YP,YP,D
09:41:34,JSMR,RG,3290,2,D,YP,XC,D
09:41:34,JSMR,RG,3290,4,D,YP,YP,D
09:40:45,JSMR,RG,3290,5,F,AK,YP,D
09:40:45,JSMR,RG,3290,17,F,AK,XL,D
09:40:27,JSMR,RG,3290,1,F,ZP,XL,D
09:39:58,JSMR,RG,3290,21,D,XC,XL,D
09:39:45,JSMR,RG,3290,2,F,AK,XL,D
09:39:30,JSMR,RG,3290,1,F,AK,XL,D
09:39:26,JSMR,RG,3290,4,D,NI,XL,D
09:39:26,JSMR,RG,3290,1,D,NI,XC,D
09:39:26,JSMR,RG,3290,20,D,NI,EP,D
09:39:16,JSMR,RG,3290,5,D,YP,EP,D
09:39:16,JSMR,RG,3290,50,D,YP,PD,D
09:39:16,JSMR,RG,3290,13,D,YP,SQ,D
09:39:16,JSMR,RG,3290,7,D,YP,CC,D
09:39:03,JSMR,RG,3290,2,D,DX,CC,D
09:39:00,JSMR,RG,3290,1,F,AK,CC,D
09:39:00,JSMR,RG,3290,1,F,AK,AK,F
09:39:00,JSMR,RG,3290,21,F,AK,GR,D
09:38:13,JSMR,RG,3290,18,D,NI,GR,D
09:38:02,JSMR,RG,3290,8,F,BK,GR,D
09:38:00,JSMR,RG,3290,2,D,YP,GR,D
09:37:26,JSMR,RG,3290,1,F,ZP,GR,D
09:37:13,JSMR,RG,3290,3,D,YP,XC,D
09:37:06,JSMR,RG,3290,1,F,AK,KK,D
09:37:06,JSMR,RG,3290,7,F,AK,AK,F
09:37:06,JSMR,RG,3290,6,F,AK,DR,D
09:37:06,JSMR,RG,3290,9,F,AK,GR,D
09:37:05,JSMR,RG,3290,1,D,XC,GR,D
09:37:05,JSMR,RG,3290,10,D,XC,YP,D
09:37:05,JSMR,RG,3290,1,D,XC,KK,D
09:37:05,JSMR,RG,3290,88,D,XC,OD,D
09:35:47,JSMR,RG,3280,3,D,DR,XL,D
09:35:36,JSMR,RG,3280,1,D,DR,BK,F
09:35:35,JSMR,RG,3280,4,D,DR,AK,F
09:35:34,JSMR,RG,3290,1,F,ZP,OD,D
09:35:34,JSMR,RG,3290,277,D,CC,OD,D
09:35:34,JSMR,RG,3290,35,D,CC,OD,D
09:35:34,JSMR,RG,3290,29,D,CC,OD,D
09:35:34,JSMR,RG,3290,9,D,CC,OD,D
09:35:18,JSMR,RG,3290,4,D,XC,OD,D
09:35:15,JSMR,RG,3290,25,F,AK,OD,D
09:33:15,JSMR,RG,3290,25,F,AK,OD,D
09:33:09,JSMR,RG,3290,5,F,ZP,OD,D
09:32:15,JSMR,RG,3290,2,F,AK,OD,D
09:32:15,JSMR,RG,3290,1,F,AK,BK,F
09:32:15,JSMR,RG,3290,1,F,AK,BK,F
09:31:15,JSMR,RG,3280,1,D,DR,AK,F
09:31:15,JSMR,RG,3290,2,F,AK,BK,F
09:31:15,JSMR,RG,3290,2,F,AK,PD,D
09:31:15,JSMR,RG,3290,22,F,AK,YP,D
09:29:30,JSMR,RG,3290,1,F,AK,YP,D
09:29:15,JSMR,RG,3290,25,F,AK,YP,D
09:28:51,JSMR,RG,3280,5,D,DR,PD,D
09:27:18,JSMR,RG,3280,1,D,DR,XC,D
09:27:15,JSMR,RG,3290,28,F,AK,YP,D
09:26:57,JSMR,RG,3280,1,F,ZP,YB,D
09:26:57,JSMR,RG,3280,1,D,YP,YB,D
09:26:57,JSMR,RG,3280,1,D,SQ,YB,D
09:26:43,JSMR,RG,3280,2,D,SQ,EP,D
09:25:00,JSMR,RG,3290,28,F,AK,YP,D
09:23:58,JSMR,RG,3290,1,D,XL,YP,D
09:23:53,JSMR,RG,3290,1,D,YP,YP,D
09:23:23,JSMR,RG,3290,1,D,IP,YP,D
09:22:45,JSMR,RG,3290,29,F,AK,YP,D
09:21:34,JSMR,RG,3290,15,D,XL,YP,D
09:20:30,JSMR,RG,3290,19,F,AK,YP,D
09:20:30,JSMR,RG,3290,9,F,AK,CC,D
09:20:18,JSMR,RG,3290,5,D,CC,CC,D
09:18:15,JSMR,RG,3290,29,F,AK,CC,D
09:15:33,JSMR,RG,3290,2,D,XL,CC,D
09:15:15,JSMR,RG,3290,5,F,AK,CC,D
09:15:15,JSMR,RG,3290,5,F,AK,YP,D
09:15:15,JSMR,RG,3290,2,F,AK,PD,D
09:15:15,JSMR,RG,3290,5,F,AK,YP,D
09:14:16,JSMR,RG,3280,2,D,SQ,BQ,D
09:14:16,JSMR,RG,3280,1,D,BK,BQ,D
09:14:16,JSMR,RG,3280,1,F,ZP,BQ,D
09:14:16,JSMR,RG,3280,4,D,CC,BQ,D
09:13:40,JSMR,RG,3280,2,D,CC,AK,F
09:13:40,JSMR,RG,3280,2,D,CC,NI,D
09:11:58,JSMR,RG,3280,3,D,CC,YP,F
09:10:14,JSMR,RG,3280,1,D,CC,BK,F
09:10:14,JSMR,RG,3280,2,D,CC,AK,F
09:10:14,JSMR,RG,3280,1,D,CC,AK,F
09:10:14,JSMR,RG,3280,5,D,CC,XL,D
09:07:24,JSMR,RG,3280,20,D,SQ,OD,D
09:07:24,JSMR,RG,3280,10,D,YP,OD,D
09:07:24,JSMR,RG,3280,1,D,YP,OD,D
09:07:24,JSMR,RG,3280,1,F,ZP,OD,D
09:07:24,JSMR,RG,3280,2,F,AK,OD,D
09:07:24,JSMR,RG,3280,20,D,CC,OD,D
09:07:24,JSMR,RG,3280,10,D,DR,OD,D
09:07:24,JSMR,RG,3280,6,D,DR,OD,D
09:07:24,JSMR,RG,3280,5,D,DR,OD,D
09:07:24,JSMR,RG,3280,12,D,DR,OD,D
09:05:28,JSMR,RG,3280,10,D,DR,DH,D
09:05:21,JSMR,RG,3280,1,D,DR,NI,D
09:05:21,JSMR,RG,3280,1,F,ZP,NI,D
09:05:21,JSMR,RG,3280,1,D,YP,NI,D
09:05:21,JSMR,RG,3280,2,F,AK,NI,D
09:05:21,JSMR,RG,3280,1,F,AK,NI,D
09:05:21,JSMR,RG,3280,4,F,BK,NI,D
09:05:20,JSMR,RG,3280,2,F,BK,YP,D
09:04:04,JSMR,RG,3280,2,F,BK,KK,D
09:03:17,JSMR,RG,3280,1,F,ZP,XC,D
09:02:15,JSMR,RG,3290,1,F,AK,YP,D
09:02:15,JSMR,RG,3290,8,F,AK,EP,D
09:02:14,JSMR,RG,3280,1,F,ZP,AK,F
09:02:14,JSMR,RG,3280,1,F,ZP,AK,F
09:02:14,JSMR,RG,3280,1,D,KI,AK,F
09:02:14,JSMR,RG,3280,3,D,KI,BK,F
09:02:14,JSMR,RG,3280,1,D,KI,AK,F
09:02:14,JSMR,RG,3280,20,D,KI,OD,D
09:02:14,JSMR,RG,3280,1,D,KI,BK,F
09:02:14,JSMR,RG,3280,3,D,KI,OD,D
09:02:14,JSMR,RG,3280,20,D,KI,YP,D
09:02:14,JSMR,RG,3280,1,D,KI,BK,F
09:02:13,JSMR,RG,3280,1,F,AK,YP,D
09:02:12,JSMR,RG,3280,1,D,XL,YP,D
09:02:12,JSMR,RG,3270,1,D,DR,XL,D
09:00:53,JSMR,RG,3270,5,D,DR,PD,D
09:00:53,JSMR,RG,3270,1,D,ZP,PD,D
09:00:53,JSMR,RG,3270,8,D,EP,PD,D
09:00:53,JSMR,RG,3270,1,D,KK,PD,D
09:00:11,JSMR,RG,3280,1,D,YP,YP,D
09:00:11,JSMR,RG,3280,1,D,YP,YP,D
