Time,Stock,Brd,Price,Qty,BT,BC,SC,ST
15:07:44,JSMR,RG,3700,15,D,DR,SQ,D
15:07:44,JSMR,RG,3700,30,D,DR,SQ,D
15:06:54,JSMR,RG,3700,57,D,DR,YP,D
15:05:31,JSMR,RG,3700,1,D,DR,YP,D
15:05:07,JSMR,RG,3700,1,D,DR,PD,D
15:05:05,JSMR,RG,3700,7,D,DR,YP,D
15:05:05,JSMR,RG,3700,8,D,CC,YP,D
15:05:05,JSMR,RG,3700,1,D,CC,YP,D
15:05:05,JSMR,RG,3700,1,D,PD,YP,D
15:05:05,JSMR,RG,3700,1,D,YP,YP,D
15:05:05,JSMR,RG,3700,5,D,AT,YP,D
15:05:05,JSMR,RG,3700,5,D,AT,YP,D
15:05:05,JSMR,RG,3700,1,D,PD,YP,D
15:05:05,JSMR,RG,3700,1,D,YP,YP,D
15:05:05,JSMR,RG,3700,26,D,EP,YP,D
15:04:45,JSMR,RG,3700,74,D,EP,BQ,D
15:04:45,JSMR,RG,3700,2,D,YP,BQ,D
15:04:45,JSMR,RG,3700,5,D,GR,BQ,D
15:04:45,JSMR,RG,3700,30,D,GR,BQ,D
15:04:45,JSMR,RG,3700,1,D,YB,BQ,D
15:04:45,JSMR,RG,3700,10,D,DX,BQ,D
15:04:45,JSMR,RG,3700,6,D,EP,BQ,D
15:04:45,JSMR,RG,3700,397,F,LG,BQ,D
15:04:16,JSMR,RG,3700,1,F,LG,KK,D
15:04:10,JSMR,RG,3700,25,F,LG,KK,D
15:03:22,JSMR,RG,3700,100,F,LG,ZP,D
15:01:57,JSMR,RG,3700,1000,F,LG,KI,D
15:01:53,JSMR,RG,3700,45,F,LG,YP,D
15:01:42,JSMR,RG,3700,15,F,LG,DR,D
15:01:41,JSMR,RG,3700,2,F,LG,YP,D
15:01:10,JSMR,RG,3700,21,F,LG,DH,D
15:00:00,JSMR,RG,3700,20,F,LG,PD,D
15:00:00,JSMR,RG,3700,33,F,LG,KK,D
15:00:00,JSMR,RG,3700,2305,F,LG,AK,D
15:00:00,JSMR,RG,3700,2,D,NI,AK,D
15:00:00,JSMR,RG,3700,1,D,PD,AK,D
15:00:00,JSMR,RG,3700,10,D,AT,AK,D
15:00:00,JSMR,RG,3700,20,D,OD,AK,D
15:00:00,JSMR,RG,3700,1,D,PD,AK,D
15:00:00,JSMR,RG,3700,20,D,OD,AK,D
15:00:00,JSMR,RG,3700,1,D,KK,AK,D
15:00:00,JSMR,RG,3700,2,D,YP,AK,D
15:00:00,JSMR,RG,3700,5,D,CD,AK,D
15:00:00,JSMR,RG,3700,50,D,YP,AK,D
15:00:00,JSMR,RG,3700,10,D,PD,AK,D
15:00:00,JSMR,RG,3700,1,D,OD,AK,D
15:00:00,JSMR,RG,3700,2,D,CC,AK,D
15:00:00,JSMR,RG,3700,10,D,AR,AK,D
15:00:00,JSMR,RG,3700,1,D,YP,AK,D
15:00:00,JSMR,RG,3700,100,D,CC,AK,D
15:00:00,JSMR,RG,3700,5,D,NI,AK,D
15:00:00,JSMR,RG,3700,25,D,PD,AK,D
15:00:00,JSMR,RG,3700,3,D,NI,AK,D
15:00:00,JSMR,RG,3700,3,D,PD,AK,D
15:00:00,JSMR,RG,3700,2,D,PD,AK,D
15:00:00,JSMR,RG,3700,200,D,KK,AK,D
15:00:00,JSMR,RG,3700,15,D,PD,AK,D
15:00:00,JSMR,RG,3700,2,D,SQ,AK,D
15:00:00,JSMR,RG,3700,1,D,YP,AK,D
15:00:00,JSMR,RG,3700,5,D,YB,AK,D
15:00:00,JSMR,RG,3700,30,D,KK,AK,D
15:00:00,JSMR,RG,3700,21,D,OD,AK,D
15:00:00,JSMR,RG,3700,5,D,XC,AK,D
15:00:00,JSMR,RG,3700,10,D,YP,AK,D
15:00:00,JSMR,RG,3700,1,D,PD,AK,D
15:00:00,JSMR,RG,3700,50,D,CC,AK,D
15:00:00,JSMR,RG,3700,1,D,CC,AK,D
15:00:00,JSMR,RG,3700,100,D,KK,AK,D
15:00:00,JSMR,RG,3700,1,D,YP,AK,D
15:00:00,JSMR,RG,3700,6,D,YU,AK,D
15:00:00,JSMR,RG,3700,3,D,TP,AK,D
15:00:00,JSMR,RG,3700,100,D,IT,AK,D
15:00:00,JSMR,RG,3700,250,D,IT,AK,D
15:00:00,JSMR,RG,3700,1,D,OD,AK,D
15:00:00,JSMR,RG,3700,50,D,DR,AK,D
15:00:00,JSMR,RG,3700,1,D,XL,AK,D
15:00:00,JSMR,RG,3700,10,D,CC,AK,D
15:00:00,JSMR,RG,3700,20,D,YP,AK,D
15:00:00,JSMR,RG,3700,20,D,LG,AK,D
15:00:00,JSMR,RG,3700,7,D,PD,AK,D
15:00:00,JSMR,RG,3700,10,D,SH,AK,D
15:00:00,JSMR,RG,3700,1,D,YP,AK,D
15:00:00,JSMR,RG,3700,3,D,PD,AK,D
15:00:00,JSMR,RG,3700,2991,F,LG,AK,D
15:00:00,JSMR,RG,3700,200,F,LG,YB,D
15:00:00,JSMR,RG,3700,15,F,LG,CP,D
15:00:00,JSMR,RG,3700,256,F,LG,ZP,F
15:00:00,JSMR,RG,3700,62,F,LG,HP,D
15:00:00,JSMR,RG,3700,928,F,LG,YU,D
15:00:00,JSMR,RG,3700,138,F,LG,DX,F
15:00:00,JSMR,RG,3700,410,F,LG,PD,D
15:00:00,JSMR,RG,3700,5,D,CC,PD,D
15:00:00,JSMR,RG,3700,5,D,SQ,PD,D
15:00:00,JSMR,RG,3700,1,D,CP,PD,D
15:00:00,JSMR,RG,3700,62,D,PD,PD,D
15:00:00,JSMR,RG,3700,1,D,YP,PD,D
15:00:00,JSMR,RG,3700,200,D,YP,PD,D
15:00:00,JSMR,RG,3700,5,D,AZ,PD,D
15:00:00,JSMR,RG,3700,40,D,SQ,PD,D
15:00:00,JSMR,RG,3700,10,D,OD,PD,D
15:00:00,JSMR,RG,3700,50,D,OD,PD,D
15:00:00,JSMR,RG,3700,1,D,EP,PD,D
15:00:00,JSMR,RG,3700,1,D,XC,PD,D
15:00:00,JSMR,RG,3700,100,D,YP,PD,D
15:00:00,JSMR,RG,3700,100,D,EP,PD,D
15:00:00,JSMR,RG,3700,40,D,KK,PD,D
15:00:00,JSMR,RG,3700,100,D,XC,PD,D
15:00:00,JSMR,RG,3700,20,D,OD,PD,D
15:00:00,JSMR,RG,3700,50,D,SQ,PD,D
15:00:00,JSMR,RG,3700,1,D,YP,PD,D
15:00:00,JSMR,RG,3700,4,D,XC,PD,D
15:00:00,JSMR,RG,3700,1,D,YP,PD,D
15:00:00,JSMR,RG,3700,1,D,YP,PD,D
15:00:00,JSMR,RG,3700,50,D,CC,PD,D
15:00:00,JSMR,RG,3700,150,D,DH,PD,D
15:00:00,JSMR,RG,3700,5,D,DR,PD,D
15:00:00,JSMR,RG,3700,10,D,PD,PD,D
15:00:00,JSMR,RG,3700,2,D,YP,PD,D
15:00:00,JSMR,RG,3700,4,D,AR,PD,D
15:00:00,JSMR,RG,3700,20,D,HP,PD,D
15:00:00,JSMR,RG,3700,1,D,NI,PD,D
15:00:00,JSMR,RG,3700,10,D,SQ,PD,D
15:00:00,JSMR,RG,3700,30,D,GR,PD,D
15:00:00,JSMR,RG,3700,100,D,KK,PD,D
15:00:00,JSMR,RG,3700,2,D,CC,PD,D
15:00:00,JSMR,RG,3700,100,D,DR,PD,D
15:00:00,JSMR,RG,3700,10,D,AR,PD,D
15:00:00,JSMR,RG,3700,49,D,KK,PD,D
15:00:00,JSMR,RG,3700,5,D,PD,PD,D
15:00:00,JSMR,RG,3700,250,D,IT,PD,D
15:00:00,JSMR,RG,3700,2,D,YP,PD,D
15:00:00,JSMR,RG,3700,1,D,XA,PD,D
15:00:00,JSMR,RG,3700,15,D,PD,PD,D
15:00:00,JSMR,RG,3700,1,D,YP,PD,D
15:00:00,JSMR,RG,3700,2,D,DH,PD,D
15:00:00,JSMR,RG,3700,10,D,NI,PD,D
15:00:00,JSMR,RG,3700,100,D,GR,PD,D
15:00:00,JSMR,RG,3700,1,D,YP,PD,D
15:00:00,JSMR,RG,3700,10,D,YU,PD,D
15:00:00,JSMR,RG,3700,3,D,CC,PD,D
15:00:00,JSMR,RG,3700,1,D,KK,PD,D
15:00:00,JSMR,RG,3700,2,D,NI,PD,D
15:00:00,JSMR,RG,3700,465,F,AK,PD,D
15:00:00,JSMR,RG,3700,56,F,AK,PD,D
15:00:00,JSMR,RG,3700,22,F,AK,PD,D
15:00:00,JSMR,RG,3700,196,F,BK,PD,D
15:00:00,JSMR,RG,3700,1,D,CC,PD,D
14:49:56,JSMR,RG,3720,1,D,KK,XL,D
14:49:54,JSMR,RG,3730,38,D,CC,HP,D
14:49:54,JSMR,RG,3730,35,D,CC,YP,D
14:49:54,JSMR,RG,3730,26,D,CC,DX,F
14:49:54,JSMR,RG,3730,1,D,CC,PD,D
14:49:54,JSMR,RG,3710,44,D,YU,AK,D
14:49:54,JSMR,RG,3710,5,D,AT,AK,D
14:49:54,JSMR,RG,3710,50,D,YP,AK,D
14:49:54,JSMR,RG,3710,2,D,KK,AK,D
14:49:54,JSMR,RG,3710,5,D,YP,AK,D
14:49:54,JSMR,RG,3710,1,D,PD,AK,D
14:49:54,JSMR,RG,3710,73,D,YP,AK,D
14:49:54,JSMR,RG,3710,1,D,PD,AK,D
14:49:54,JSMR,RG,3710,10,D,PD,AK,D
14:49:54,JSMR,RG,3710,20,D,YB,AK,D
14:49:54,JSMR,RG,3710,100,D,LG,AK,D
14:49:54,JSMR,RG,3710,50,D,SQ,AK,D
14:49:54,JSMR,RG,3710,5,D,CC,AK,D
14:49:54,JSMR,RG,3710,1,D,PD,AK,D
14:49:54,JSMR,RG,3710,2,D,EP,AK,D
14:49:54,JSMR,RG,3710,1,D,YP,AK,D
14:49:54,JSMR,RG,3710,1,D,YP,AK,D
14:49:54,JSMR,RG,3710,100,D,LG,AK,D
14:49:54,JSMR,RG,3710,116,F,AK,AK,D
14:49:54,JSMR,RG,3720,100,D,LG,AK,D
14:49:54,JSMR,RG,3720,10,D,CC,AK,D
14:49:54,JSMR,RG,3720,5,D,GR,AK,D
14:49:54,JSMR,RG,3720,3,D,DR,AK,D
14:49:54,JSMR,RG,3720,1,D,PD,AK,D
14:49:54,JSMR,RG,3720,1,D,PD,AK,D
14:49:54,JSMR,RG,3720,1,D,YP,AK,D
14:49:54,JSMR,RG,3720,20,D,CC,AK,D
14:49:54,JSMR,RG,3720,50,D,YP,AK,D
14:49:54,JSMR,RG,3720,2,D,PD,AK,D
14:49:54,JSMR,RG,3720,2,D,XC,AK,D
14:49:54,JSMR,RG,3720,20,D,NI,AK,D
14:49:54,JSMR,RG,3720,1,D,PD,AK,D
14:49:54,JSMR,RG,3720,1,D,PD,AK,D
14:49:54,JSMR,RG,3720,140,F,AK,AK,D
14:49:54,JSMR,RG,3720,56,D,LG,AK,D
14:49:28,JSMR,RG,3720,1,D,LG,CS,F
14:49:28,JSMR,RG,3720,9,D,LG,BK,F
14:49:22,JSMR,RG,3720,16,D,LG,ZP,F
14:49:22,JSMR,RG,3720,11,D,LG,ZP,F
14:49:14,JSMR,RG,3720,81,D,LG,BB,D
14:49:14,JSMR,RG,3720,33,D,LG,BB,D
14:49:10,JSMR,RG,3720,2,D,LG,BB,D
14:49:06,JSMR,RG,3730,5,D,DR,BB,D
14:49:06,JSMR,RG,3730,45,D,DR,BK,F
14:49:06,JSMR,RG,3720,1,D,LG,BB,D
14:49:03,JSMR,RG,3720,13,D,LG,BK,F
14:49:02,JSMR,RG,3720,7,D,LG,BB,D
14:48:53,JSMR,RG,3720,2,D,LG,ZP,D
14:48:43,JSMR,RG,3720,2,D,LG,XL,D
14:48:42,JSMR,RG,3720,1,D,LG,ZP,D
14:48:41,JSMR,RG,3720,1,D,LG,ZP,D
14:48:37,JSMR,RG,3730,1,D,YP,BK,F
14:48:33,JSMR,RG,3730,48,D,KK,BK,F
14:48:33,JSMR,RG,3730,1,D,KK,BB,D
14:48:33,JSMR,RG,3730,20,D,KK,NI,D
14:48:33,JSMR,RG,3730,2,D,KK,CS,F
14:48:33,JSMR,RG,3730,36,D,KK,ZP,F
14:48:33,JSMR,RG,3730,35,D,KK,BB,D
14:48:33,JSMR,RG,3730,25,D,KK,BK,F
14:48:33,JSMR,RG,3730,33,D,KK,YP,D
14:48:29,JSMR,RG,3730,5,D,XC,YP,D
14:48:26,JSMR,RG,3720,14,D,LG,BB,D
14:48:26,JSMR,RG,3720,1,D,PD,BB,D
14:48:23,JSMR,RG,3720,1,D,XC,BB,D
14:48:13,JSMR,RG,3720,4,D,XC,BB,D
14:48:13,JSMR,RG,3720,1,D,CC,BB,D
14:48:13,JSMR,RG,3720,1,D,PD,BB,D
14:48:13,JSMR,RG,3720,2,D,KK,BB,D
14:48:13,JSMR,RG,3720,1,D,NI,BB,D
14:48:13,JSMR,RG,3720,4,D,KK,BB,D
14:48:02,JSMR,RG,3720,1,D,KK,CS,F
14:48:02,JSMR,RG,3720,25,D,KK,BB,D
14:47:58,JSMR,RG,3720,47,F,AK,ZP,F
14:47:47,JSMR,RG,3720,1,F,AK,BB,D
14:47:39,JSMR,RG,3720,19,F,AK,BB,D
14:47:39,JSMR,RG,3720,5,D,PD,BB,D
14:47:36,JSMR,RG,3730,5,D,XL,YP,D
14:47:17,JSMR,RG,3730,3,F,AK,YP,D
14:47:05,JSMR,RG,3730,4,D,CC,YP,D
14:47:05,JSMR,RG,3730,12,D,CC,BK,F
14:47:05,JSMR,RG,3730,1,D,CC,CS,F
14:47:05,JSMR,RG,3730,33,D,CC,BB,D
14:47:01,JSMR,RG,3710,1,F,AK,BB,D
14:46:53,JSMR,RG,3720,46,F,AK,ZP,F
14:46:53,JSMR,RG,3720,4,F,AK,BB,D
14:46:53,JSMR,RG,3720,9,F,AK,AK,D
14:46:52,JSMR,RG,3720,1,D,YP,AK,D
14:46:52,JSMR,RG,3720,10,D,XC,AK,D
14:46:52,JSMR,RG,3720,1,D,XC,AK,D
14:46:52,JSMR,RG,3720,10,D,XC,AK,D
14:46:52,JSMR,RG,3720,71,F,BK,AK,D
14:46:52,JSMR,RG,3720,230,F,AK,AK,D
14:46:52,JSMR,RG,3720,899,D,CC,AK,D
14:46:50,JSMR,RG,3730,9,F,BK,ZP,F
14:46:48,JSMR,RG,3730,1,D,YP,ZP,F
14:46:48,JSMR,RG,3730,2,D,YP,EP,D
14:46:47,JSMR,RG,3720,35,D,CC,BB,D
14:46:39,JSMR,RG,3730,1,D,YP,EP,D
14:46:16,JSMR,RG,3720,1,D,CC,XL,D
14:46:14,JSMR,RG,3730,7,F,BK,EP,D
14:46:14,JSMR,RG,3730,1,F,BK,MG,D
14:46:14,JSMR,RG,3730,1,F,BK,BB,D
14:46:11,JSMR,RG,3720,1,D,CC,CS,F
14:46:10,JSMR,RG,3720,48,D,CC,BK,F
14:46:10,JSMR,RG,3720,1,D,CC,CS,F
14:46:10,JSMR,RG,3720,15,D,CC,ZP,F
14:46:07,JSMR,RG,3720,9,F,BK,ZP,F
14:46:04,JSMR,RG,3710,1,F,AK,BB,D
14:46:03,JSMR,RG,3720,18,D,LG,ZP,F
14:46:03,JSMR,RG,3720,13,D,LG,BK,F
14:46:03,JSMR,RG,3720,24,D,LG,BB,D
14:46:03,JSMR,RG,3720,2,D,LG,CS,F
14:46:03,JSMR,RG,3720,5,D,LG,CC,D
14:46:03,JSMR,RG,3720,1,D,LG,BB,D
14:46:03,JSMR,RG,3720,37,D,LG,ZP,F
14:45:59,JSMR,RG,3710,37,F,AK,BB,D
14:45:57,JSMR,RG,3720,1,D,YP,ZP,F
14:45:14,JSMR,RG,3720,1,D,PD,ZP,F
14:45:04,JSMR,RG,3720,7,D,EP,ZP,F
14:45:04,JSMR,RG,3720,33,D,EP,BB,D
14:45:04,JSMR,RG,3720,60,D,EP,BK,F
14:45:01,JSMR,RG,3720,2,D,NI,BK,F
14:44:55,JSMR,RG,3710,15,F,AK,BB,D
14:44:55,JSMR,RG,3710,1,F,CC,BB,D
14:44:24,JSMR,RG,3720,1,D,YP,BK,F
14:44:19,JSMR,RG,3710,63,F,AK,AK,D
14:44:19,JSMR,RG,3710,1,D,XL,AK,D
14:44:19,JSMR,RG,3710,5,D,PD,AK,D
14:44:19,JSMR,RG,3710,500,D,KI,AK,D
14:44:19,JSMR,RG,3710,2,D,YP,AK,D
14:44:19,JSMR,RG,3710,10,D,SQ,AK,D
14:44:19,JSMR,RG,3710,10,D,SQ,AK,D
14:44:19,JSMR,RG,3710,5,D,NI,AK,D
14:44:19,JSMR,RG,3710,5,D,CC,AK,D
14:44:19,JSMR,RG,3710,10,D,YP,AK,D
14:44:19,JSMR,RG,3710,2,D,OD,AK,D
14:44:19,JSMR,RG,3710,25,D,EP,AK,D
14:44:19,JSMR,RG,3710,50,D,LS,AK,D
14:44:19,JSMR,RG,3710,100,D,GR,AK,D
14:44:19,JSMR,RG,3710,2,D,CC,AK,D
14:44:19,JSMR,RG,3710,2,D,OD,AK,D
14:44:19,JSMR,RG,3710,1,D,KK,AK,D
14:44:19,JSMR,RG,3710,1,D,YP,AK,D
14:44:19,JSMR,RG,3710,10,D,NI,AK,D
14:44:19,JSMR,RG,3710,5,D,LS,AK,D
14:44:19,JSMR,RG,3710,5,D,DX,AK,D
14:44:19,JSMR,RG,3710,80,D,YP,AK,D
14:44:19,JSMR,RG,3710,1,D,XC,AK,D
14:44:19,JSMR,RG,3710,4,D,EP,AK,D
14:44:19,JSMR,RG,3710,14,D,YB,AK,D
14:44:19,JSMR,RG,3710,1,D,XC,AK,D
14:44:19,JSMR,RG,3710,1,D,DH,AK,D
14:44:19,JSMR,RG,3710,10,D,CC,AK,D
14:44:19,JSMR,RG,3710,20,F,BK,AK,D
14:44:19,JSMR,RG,3710,100,D,PC,AK,D
14:44:17,JSMR,RG,3720,1,F,AK,CS,F
14:44:17,JSMR,RG,3720,1,F,AK,CS,F
14:44:17,JSMR,RG,3720,41,F,AK,BB,D
14:44:17,JSMR,RG,3720,1,F,AK,MG,D
14:44:17,JSMR,RG,3720,38,F,AK,ZP,F
14:44:17,JSMR,RG,3720,1,F,AK,BB,D
14:44:17,JSMR,RG,3720,1,F,AK,CS,F
14:44:17,JSMR,RG,3720,16,F,AK,BK,F
14:44:17,JSMR,RG,3720,175,F,AK,BK,F
14:44:17,JSMR,RG,3720,1,F,AK,CS,F
14:44:17,JSMR,RG,3720,12,F,AK,ZP,F
14:44:16,JSMR,RG,3720,1,D,YP,ZP,F
14:44:12,JSMR,RG,3710,13,D,PC,BK,F
14:44:06,JSMR,RG,3710,7,D,PC,AK,D
14:44:06,JSMR,RG,3710,5,D,NI,AK,D
14:44:06,JSMR,RG,3710,40,F,BK,AK,D
14:44:05,JSMR,RG,3710,52,F,BK,BB,D
14:44:04,JSMR,RG,3710,12,F,BK,AK,D
14:44:03,JSMR,RG,3710,3,F,BK,HP,D
14:44:03,JSMR,RG,3710,9,F,AK,HP,D
14:44:01,JSMR,RG,3710,9,F,AK,AK,D
14:44:00,JSMR,RG,3710,4,F,AK,CC,D
14:44:00,JSMR,RG,3720,2,D,AK,ZP,F
14:44:00,JSMR,RG,3720,2,D,AK,ZP,F
14:44:00,JSMR,RG,3720,1,D,AK,ZP,F
14:43:55,JSMR,RG,3710,6,F,AK,AK,D
14:43:54,JSMR,RG,3710,6,F,AK,CC,D
14:43:51,JSMR,RG,3710,7,F,AK,AK,D
14:43:50,JSMR,RG,3710,2,F,AK,AK,D
14:43:50,JSMR,RG,3720,7,D,AK,ZP,F
14:43:49,JSMR,RG,3710,2,F,AK,BB,D
14:43:48,JSMR,RG,3710,19,F,AK,AK,D
14:43:47,JSMR,RG,3710,19,F,AK,BK,F
14:43:40,JSMR,RG,3710,4,F,AK,AK,D
14:43:40,JSMR,RG,3710,5,D,KI,AK,D
14:43:39,JSMR,RG,3710,9,D,KI,ZP,D
14:43:36,JSMR,RG,3710,3,D,KI,AK,D
14:43:35,JSMR,RG,3710,3,D,KI,CC,D
14:43:34,JSMR,RG,3710,12,D,KI,AK,D
14:43:33,JSMR,RG,3710,12,D,KI,BK,F
14:43:22,JSMR,RG,3710,1,D,KI,AK,D
14:43:21,JSMR,RG,3710,60,D,KI,AK,D
14:43:21,JSMR,RG,3720,1,D,DH,ZP,F
14:43:20,JSMR,RG,3710,60,D,KI,BB,D
14:43:17,JSMR,RG,3710,19,D,KI,AK,D
14:43:16,JSMR,RG,3710,19,D,KI,BK,F
14:43:11,JSMR,RG,3710,2,D,KI,AK,D
14:43:09,JSMR,RG,3710,2,D,KI,CS,F
14:43:02,JSMR,RG,3710,12,D,KI,AK,D
14:43:01,JSMR,RG,3710,12,D,KI,BK,F
14:42:55,JSMR,RG,3710,1,D,KI,AK,D
14:42:53,JSMR,RG,3710,1,D,KI,BB,D
14:42:47,JSMR,RG,3710,9,D,KI,AK,D
14:42:46,JSMR,RG,3710,13,D,KI,AK,D
14:42:46,JSMR,RG,3710,9,D,KI,CC,D
14:42:45,JSMR,RG,3710,13,D,KI,BK,F
14:42:35,JSMR,RG,3710,12,D,KI,AK,D
14:42:33,JSMR,RG,3710,12,D,KI,BK,F
14:42:29,JSMR,RG,3710,61,D,KI,AK,D
14:42:28,JSMR,RG,3710,61,D,KI,BB,D
14:42:18,JSMR,RG,3710,15,D,KI,AK,D
14:42:16,JSMR,RG,3710,15,D,KI,BK,F
14:42:14,JSMR,RG,3710,1,D,KI,AK,D
14:42:12,JSMR,RG,3710,1,D,KI,XA,D
14:42:11,JSMR,RG,3710,2,D,KI,AK,D
14:42:10,JSMR,RG,3710,2,D,KI,PD,D
14:42:09,JSMR,RG,3710,2,D,KI,AK,D
14:42:07,JSMR,RG,3710,2,D,KI,CC,D
14:42:02,JSMR,RG,3710,2,D,KI,AK,D
14:42:00,JSMR,RG,3710,2,D,KI,BB,D
14:41:58,JSMR,RG,3710,17,D,KI,AK,D
14:41:57,JSMR,RG,3720,1,D,NI,ZP,F
14:41:57,JSMR,RG,3710,16,D,KI,BK,F
14:41:50,JSMR,RG,3710,22,F,AK,AK,D
14:41:50,JSMR,RG,3710,34,F,BK,AK,D
14:41:50,JSMR,RG,3710,3,D,AK,AK,D
14:41:48,JSMR,RG,3710,39,F,AK,AK,D
14:41:48,JSMR,RG,3710,5,D,CC,AK,D
14:41:48,JSMR,RG,3710,2,D,XL,AK,D
14:41:48,JSMR,RG,3710,2,D,OD,AK,D
14:41:48,JSMR,RG,3710,5,D,YP,AK,D
14:41:48,JSMR,RG,3710,2,D,AK,AK,D
14:41:48,JSMR,RG,3710,5,D,NI,AK,D
14:41:48,JSMR,RG,3710,1,D,CC,AK,D
14:41:48,JSMR,RG,3710,10,D,PD,AK,D
14:41:48,JSMR,RG,3710,10,D,CC,AK,D
14:41:48,JSMR,RG,3710,19,D,YP,AK,D
14:41:47,JSMR,RG,3710,1,D,YP,ZP,F
14:41:47,JSMR,RG,3710,1,D,DR,ZP,F
14:41:47,JSMR,RG,3710,57,F,BK,ZP,F
14:41:47,JSMR,RG,3710,41,F,BK,HP,D
14:41:47,JSMR,RG,3710,1,D,EP,HP,D
14:41:47,JSMR,RG,3710,3,D,AK,HP,D
14:41:47,JSMR,RG,3710,50,D,YP,HP,D
14:41:47,JSMR,RG,3710,5,F,AK,HP,D
14:41:47,JSMR,RG,3710,1,F,AK,AK,D
14:41:45,JSMR,RG,3710,1,F,AK,XA,D
14:41:40,JSMR,RG,3710,17,F,AK,AK,D
14:41:39,JSMR,RG,3710,17,F,AK,BK,F
14:41:38,JSMR,RG,3710,2,F,AK,AK,D
14:41:37,JSMR,RG,3710,5,F,AK,AK,D
14:41:36,JSMR,RG,3720,5,D,CC,ZP,F
14:41:36,JSMR,RG,3710,21,F,AK,AK,D
14:41:36,JSMR,RG,3710,32,D,KK,AK,D
14:41:35,JSMR,RG,3710,2,D,KK,CS,F
14:41:35,JSMR,RG,3710,53,D,KK,BB,D
14:41:26,JSMR,RG,3710,13,D,KK,AK,D
14:41:26,JSMR,RG,3710,12,D,PD,AK,D
14:41:26,JSMR,RG,3710,9,D,PC,AK,D
14:41:25,JSMR,RG,3720,20,D,SQ,ZP,F
14:41:24,JSMR,RG,3710,14,D,PC,BK,F
14:41:09,JSMR,RG,3710,1,D,PC,AK,D
14:41:07,JSMR,RG,3710,1,D,PC,BB,D
14:40:58,JSMR,RG,3710,5,D,PC,AK,D
14:40:58,JSMR,RG,3710,10,D,PD,AK,D
14:40:58,JSMR,RG,3710,8,D,CC,AK,D
14:40:57,JSMR,RG,3710,23,D,CC,BK,F
14:40:56,JSMR,RG,3710,5,D,CC,AK,D
14:40:55,JSMR,RG,3710,5,D,CC,CC,D
14:40:50,JSMR,RG,3710,34,D,CC,AK,D
14:40:50,JSMR,RG,3710,1,D,PD,AK,D
14:40:50,JSMR,RG,3710,2,D,CC,AK,D
14:40:50,JSMR,RG,3710,2,D,CC,AK,D
14:40:50,JSMR,RG,3710,5,D,EP,AK,D
14:40:50,JSMR,RG,3710,12,D,YP,AK,D
14:40:49,JSMR,RG,3710,56,D,YP,BB,D
14:40:40,JSMR,RG,3710,16,D,YP,AK,D
14:40:39,JSMR,RG,3710,16,D,YP,BK,F
14:40:29,JSMR,RG,3710,1,D,MG,AK,D
14:40:29,JSMR,RG,3710,4,D,AK,AK,D
14:40:29,JSMR,RG,3710,4,D,PD,AK,D
14:40:28,JSMR,RG,3710,1,D,EP,LG,D
14:40:28,JSMR,RG,3710,4,D,DH,LG,D
14:40:28,JSMR,RG,3710,3,D,EP,LG,D
14:40:28,JSMR,RG,3710,1,D,PD,LG,D
14:40:17,JSMR,RG,3710,5,D,OD,AK,D
14:40:17,JSMR,RG,3710,18,D,OD,AK,D
14:40:16,JSMR,RG,3710,2,D,OD,AK,D
14:40:16,JSMR,RG,3710,1,D,CC,AK,D
14:40:16,JSMR,RG,3710,42,D,LS,AK,D
14:40:15,JSMR,RG,3710,21,D,LS,BK,F
14:40:15,JSMR,RG,3710,2,D,LS,CS,F
14:40:14,JSMR,RG,3710,35,D,LS,DR,D
14:40:14,JSMR,RG,3710,2,D,OD,DR,D
14:40:14,JSMR,RG,3710,8,D,LS,DR,D
14:40:14,JSMR,RG,3710,10,D,LS,AK,D
14:40:12,JSMR,RG,3710,10,D,LS,YB,D
14:40:12,JSMR,RG,3710,17,D,LS,AK,D
14:40:10,JSMR,RG,3710,17,D,LS,BB,D
14:40:06,JSMR,RG,3710,1,D,LS,AK,D
14:40:05,JSMR,RG,3720,1,D,AR,CC,D
14:40:04,JSMR,RG,3710,5,D,LS,AK,D
14:40:03,JSMR,RG,3710,32,D,LS,AK,D
14:40:03,JSMR,RG,3710,50,D,YB,AK,D
14:40:03,JSMR,RG,3710,10,D,YP,AK,D
14:40:03,JSMR,RG,3710,1,D,PD,AK,D
14:40:03,JSMR,RG,3710,3,D,PD,AK,D
14:40:03,JSMR,RG,3710,5,D,AZ,AK,D
14:40:03,JSMR,RG,3710,15,D,CP,AK,D
14:40:03,JSMR,RG,3710,10,D,YP,AK,D
14:40:03,JSMR,RG,3710,5,D,CC,AK,D
14:40:03,JSMR,RG,3710,1,D,CC,AK,D
14:40:03,JSMR,RG,3710,3,D,YP,AK,D
14:40:03,JSMR,RG,3710,10,D,XA,AK,D
14:40:03,JSMR,RG,3710,56,D,YP,AK,D
14:40:03,JSMR,RG,3710,2,D,CC,AK,D
14:40:03,JSMR,RG,3710,50,D,NI,AK,D
14:40:03,JSMR,RG,3710,39,D,NI,AK,D
14:40:03,JSMR,RG,3720,5,D,LS,CC,D
14:40:02,JSMR,RG,3710,61,D,NI,BB,D
14:40:02,JSMR,RG,3710,6,D,KK,BB,D
14:40:02,JSMR,RG,3710,2,D,NI,BB,D
14:40:02,JSMR,RG,3710,1,D,EP,BB,D
14:40:02,JSMR,RG,3710,2,D,NI,BB,D
14:40:02,JSMR,RG,3710,3,D,NI,BB,D
14:40:02,JSMR,RG,3710,3,D,NI,BB,D
14:40:02,JSMR,RG,3710,1,D,KK,BB,D
14:40:02,JSMR,RG,3710,10,D,NI,BB,D
14:40:02,JSMR,RG,3710,200,D,OD,BB,D
14:40:02,JSMR,RG,3710,1,D,YP,BB,D
14:40:02,JSMR,RG,3710,4,D,YP,AK,D
14:40:02,JSMR,RG,3710,10,D,YP,AK,D
14:40:02,JSMR,RG,3710,10,D,NI,AK,D
14:40:02,JSMR,RG,3710,10,D,YP,AK,D
14:40:02,JSMR,RG,3710,1,D,YB,AK,D
14:40:02,JSMR,RG,3710,5,D,YP,AK,D
14:40:02,JSMR,RG,3710,1,D,KK,AK,D
14:40:02,JSMR,RG,3710,10,D,CC,AK,D
14:40:02,JSMR,RG,3710,1,D,YP,AK,D
14:40:02,JSMR,RG,3710,2,D,LS,AK,D
14:40:02,JSMR,RG,3710,10,D,DR,AK,D
14:40:02,JSMR,RG,3710,5,D,YP,AK,D
14:40:02,JSMR,RG,3710,100,D,EL,AK,D
14:40:02,JSMR,RG,3710,3,D,YP,AK,D
14:40:02,JSMR,RG,3710,92,F,AK,AK,D
14:40:02,JSMR,RG,3710,200,D,HP,AK,D
14:40:02,JSMR,RG,3710,2,D,DR,AK,D
14:40:02,JSMR,RG,3710,1,D,AI,AK,D
14:40:01,JSMR,RG,3720,2,D,OD,CC,D
14:40:01,JSMR,RG,3710,1,D,AI,BB,D
14:40:01,JSMR,RG,3720,5,D,AT,BB,D
14:40:01,JSMR,RG,3720,4,D,AK,BB,D
14:40:01,JSMR,RG,3720,1,D,CC,BB,D
14:40:01,JSMR,RG,3720,23,F,AK,BB,D
14:40:01,JSMR,RG,3720,10,D,LG,BB,D
14:40:01,JSMR,RG,3720,1,D,YP,BB,D
14:40:01,JSMR,RG,3720,250,D,CC,BB,D
14:40:01,JSMR,RG,3720,10,D,DR,BB,D
14:40:01,JSMR,RG,3720,1,D,MG,BB,D
14:40:01,JSMR,RG,3720,5,D,CC,BB,D
14:40:01,JSMR,RG,3720,2,D,AR,BB,D
14:40:01,JSMR,RG,3720,154,D,LG,BB,D
14:40:00,JSMR,RG,3720,1,D,LG,AK,D
14:39:59,JSMR,RG,3730,1,F,AK,LG,D
14:39:58,JSMR,RG,3720,18,D,LG,AK,D
14:39:57,JSMR,RG,3720,18,D,LG,BK,F
14:39:54,JSMR,RG,3720,2,D,LG,AK,D
14:39:53,JSMR,RG,3720,2,D,LG,YP,D
14:39:46,JSMR,RG,3720,1,D,LG,AK,D
14:39:44,JSMR,RG,3730,1,F,AK,LG,D
14:39:43,JSMR,RG,3720,4,D,LG,AK,D
14:39:43,JSMR,RG,3720,1,D,DH,AK,D
14:39:43,JSMR,RG,3720,7,D,GR,AK,D
14:39:42,JSMR,RG,3720,12,D,GR,BK,F
14:39:32,JSMR,RG,3720,5,D,GR,AK,D
14:39:31,JSMR,RG,3720,5,D,GR,GR,D
14:39:25,JSMR,RG,3720,1,D,GR,AK,D
14:39:23,JSMR,RG,3730,1,F,AK,LG,D
14:39:22,JSMR,RG,3720,20,D,GR,AK,D
14:39:20,JSMR,RG,3720,10,D,PD,YB,D
14:39:20,JSMR,RG,3720,2,D,LS,YB,D
14:39:20,JSMR,RG,3720,1,D,XC,YB,D
14:39:20,JSMR,RG,3720,1,D,PD,YB,D
14:39:20,JSMR,RG,3720,1,D,PD,YB,D
14:39:20,JSMR,RG,3720,5,D,DR,YB,D
14:39:02,JSMR,RG,3720,10,F,AK,AK,D
14:39:00,JSMR,RG,3730,6,D,AK,LG,D
14:39:00,JSMR,RG,3730,1,D,DR,LG,D
14:39:00,JSMR,RG,3730,1,D,PD,LG,D
14:39:00,JSMR,RG,3730,2,D,OD,LG,D
14:38:53,JSMR,RG,3730,1,D,OD,AK,D
14:38:51,JSMR,RG,3730,1,D,OD,CS,F
14:38:10,JSMR,RG,3730,1,D,OD,AK,D
14:38:08,JSMR,RG,3730,1,D,AK,CS,F
14:37:59,JSMR,RG,3730,2,D,AK,AK,D
14:37:57,JSMR,RG,3730,2,D,AK,PD,D
14:37:50,JSMR,RG,3730,1,D,AK,AK,D
14:37:50,JSMR,RG,3730,1,D,MG,AK,D
14:37:50,JSMR,RG,3730,36,D,LG,AK,D
14:37:48,JSMR,RG,3730,37,D,LG,ZP,F
14:37:48,JSMR,RG,3730,1,D,LG,CS,F
14:37:48,JSMR,RG,3730,126,D,LG,AK,D
14:37:48,JSMR,RG,3730,4,D,XC,AK,D
14:37:46,JSMR,RG,3730,6,D,XC,XC,D
14:37:46,JSMR,RG,3730,2,D,OD,XC,D
14:37:46,JSMR,RG,3730,8,D,AK,XC,D
14:37:46,JSMR,RG,3730,1,D,CC,XC,D
14:37:46,JSMR,RG,3730,2,D,LS,XC,D
14:37:46,JSMR,RG,3730,74,F,BK,XC,D
14:37:46,JSMR,RG,3730,37,D,GR,XC,D
14:37:12,JSMR,RG,3730,1,D,GR,AK,D
14:37:10,JSMR,RG,3740,1,D,PD,GR,D
14:36:48,JSMR,RG,3730,2,D,GR,AK,D
14:36:46,JSMR,RG,3730,2,D,GR,CS,F
14:35:56,JSMR,RG,3730,4,D,GR,AK,D
14:35:56,JSMR,RG,3730,4,D,GR,CC,D
14:35:16,JSMR,RG,3720,1,F,BK,AK,D
14:35:16,JSMR,RG,3720,9,D,AK,AK,D
14:35:16,JSMR,RG,3720,2,D,AR,AK,D
14:35:16,JSMR,RG,3720,3,D,OD,AK,D
14:35:16,JSMR,RG,3720,36,D,XA,AK,D
14:35:15,JSMR,RG,3720,69,D,XA,AK,D
14:35:15,JSMR,RG,3720,51,D,XA,AK,D
14:35:14,JSMR,RG,3720,119,D,XA,BB,D
14:35:14,JSMR,RG,3720,5,D,CC,BB,D
14:35:14,JSMR,RG,3720,3,D,YP,BB,D
14:35:14,JSMR,RG,3720,10,D,XA,BB,D
14:35:14,JSMR,RG,3720,1,F,CC,BB,D
14:35:14,JSMR,RG,3720,33,F,AK,BB,D
14:35:14,JSMR,RG,3720,10,F,AK,AK,D
14:35:13,JSMR,RG,3720,10,F,AK,CC,D
14:35:06,JSMR,RG,3720,19,D,BB,AK,D
14:35:05,JSMR,RG,3730,9,F,AK,AK,D
14:35:05,JSMR,RG,3730,23,F,AK,AK,D
14:35:04,JSMR,RG,3740,2,F,AK,AK,D
14:35:04,JSMR,RG,3740,8,F,AK,AK,D
14:35:04,JSMR,RG,3740,1,D,OD,AK,D
14:35:03,JSMR,RG,3750,105,F,AK,BB,D
14:35:03,JSMR,RG,3750,3,F,AK,BB,D
14:35:03,JSMR,RG,3750,5,F,AK,BB,D
14:34:58,JSMR,RG,3750,53,D,BB,AK,D
14:34:58,JSMR,RG,3750,1,D,BB,BB,D
14:34:58,JSMR,RG,3750,1,D,BB,ZP,F
14:34:54,JSMR,RG,3730,5,F,AK,AK,D
14:34:54,JSMR,RG,3730,5,D,XC,AK,D
14:34:53,JSMR,RG,3730,51,F,AK,AK,D
14:34:53,JSMR,RG,3730,120,F,BK,AK,D
14:34:52,JSMR,RG,3740,4,F,AK,ZP,F
14:34:52,JSMR,RG,3740,6,F,AK,BK,F
14:34:51,JSMR,RG,3730,108,F,BK,AK,D
14:34:51,JSMR,RG,3730,2,F,AK,AK,D
14:34:51,JSMR,RG,3730,10,F,AK,AK,D
14:34:51,JSMR,RG,3730,6,F,BK,AK,D
14:34:51,JSMR,RG,3740,59,F,AK,BK,F
14:34:51,JSMR,RG,3740,20,F,AK,XL,D
14:34:51,JSMR,RG,3740,13,F,AK,CC,D
14:34:51,JSMR,RG,3740,79,F,AK,DX,F
14:34:50,JSMR,RG,3740,99,D,LG,DX,F
14:34:50,JSMR,RG,3740,32,D,LG,AK,D
14:34:50,JSMR,RG,3740,5,D,LG,AK,D
14:34:50,JSMR,RG,3740,21,D,LG,BK,F
14:34:50,JSMR,RG,3740,43,D,LG,PD,D
14:34:36,JSMR,RG,3730,1,F,BK,AK,D
14:34:35,JSMR,RG,3740,1,D,OD,PD,D
14:34:29,JSMR,RG,3730,1,F,BK,AK,D
14:34:28,JSMR,RG,3740,1,F,AK,PD,D
14:34:27,JSMR,RG,3730,5,F,BK,AK,D
14:34:26,JSMR,RG,3740,1,F,AK,PD,D
14:34:25,JSMR,RG,3740,4,D,EP,PD,D
14:34:25,JSMR,RG,3730,12,F,BK,AK,D
14:34:24,JSMR,RG,3730,12,F,BK,YP,D
14:34:18,JSMR,RG,3720,1,D,EP,AK,D
14:34:18,JSMR,RG,3720,1,D,NI,AK,D
14:34:18,JSMR,RG,3720,1,D,YP,AK,D
14:34:18,JSMR,RG,3720,2,D,YP,AK,D
14:34:18,JSMR,RG,3720,32,D,PD,AK,D
14:34:17,JSMR,RG,3730,1,F,AK,AK,D
14:34:17,JSMR,RG,3730,15,F,AK,AK,D
14:34:17,JSMR,RG,3730,53,F,AK,BK,F
14:34:16,JSMR,RG,3720,100,D,PD,AK,D
14:34:15,JSMR,RG,3730,100,D,PD,BK,F
14:34:09,JSMR,RG,3720,13,D,PD,AK,D
14:34:08,JSMR,RG,3720,13,D,PD,CC,D
14:34:04,JSMR,RG,3720,42,D,PD,AK,D
14:34:04,JSMR,RG,3720,30,D,YP,AK,D
14:34:04,JSMR,RG,3720,1,D,LG,AK,D
14:34:04,JSMR,RG,3720,5,D,YP,AK,D
14:34:03,JSMR,RG,3730,70,F,BK,BK,F
14:34:03,JSMR,RG,3730,1,F,BK,CS,F
14:34:03,JSMR,RG,3730,1,F,BK,CS,F
14:34:03,JSMR,RG,3730,6,F,BK,ZP,D
14:34:00,JSMR,RG,3720,5,D,YP,AK,D
14:34:00,JSMR,RG,3720,2,D,NI,AK,D
14:34:00,JSMR,RG,3720,50,D,SQ,AK,D
14:34:00,JSMR,RG,3720,1,D,PD,AK,D
14:34:00,JSMR,RG,3720,1,D,PD,AK,D
14:34:00,JSMR,RG,3720,20,D,YP,AK,D
14:34:00,JSMR,RG,3720,1,D,YP,AK,D
14:34:00,JSMR,RG,3720,5,D,YP,AK,D
14:34:00,JSMR,RG,3720,92,F,AK,AK,D
14:34:00,JSMR,RG,3720,5,D,YP,AK,D
14:33:59,JSMR,RG,3730,3,D,OD,AK,D
14:33:59,JSMR,RG,3730,1,D,XC,AK,D
14:33:59,JSMR,RG,3730,1,D,CC,AK,D
14:33:59,JSMR,RG,3730,5,D,KK,AK,D
14:33:59,JSMR,RG,3730,1,D,PD,AK,D
14:33:59,JSMR,RG,3730,2,D,YP,AK,D
14:33:59,JSMR,RG,3730,5,D,YP,AK,D
14:33:59,JSMR,RG,3730,38,D,PD,AK,D
14:33:58,JSMR,RG,3740,10,D,DR,AK,D
14:33:57,JSMR,RG,3750,17,D,AK,AK,F
14:33:57,JSMR,RG,3750,20,D,CC,AK,F
14:33:57,JSMR,RG,3750,25,D,YP,AK,F
14:33:57,JSMR,RG,3750,21,D,BB,AK,F
14:33:56,JSMR,RG,3750,1,D,BB,CS,F
14:33:55,JSMR,RG,3750,44,D,BB,CC,F
14:33:55,JSMR,RG,3750,10,D,YP,CC,F
14:33:55,JSMR,RG,3750,5,D,YP,CC,F
14:33:55,JSMR,RG,3750,30,D,YP,CC,F
14:33:55,JSMR,RG,3750,4,D,SQ,CC,F
14:33:55,JSMR,RG,3750,1,D,XC,CC,F
14:33:55,JSMR,RG,3750,50,D,GR,CC,F
14:33:55,JSMR,RG,3750,10,D,SQ,CC,F
14:33:55,JSMR,RG,3750,10,D,AK,CC,F
14:33:41,JSMR,RG,3750,1,D,AK,NI,D
14:33:40,JSMR,RG,3750,12,D,AK,YP,D
14:33:40,JSMR,RG,3750,9,D,AK,YP,D
14:33:07,JSMR,RG,3750,1,D,PD,CS,F
14:32:49,JSMR,RG,3760,28,D,BB,DX,F
14:32:49,JSMR,RG,3760,6,D,BB,ZP,F
14:32:49,JSMR,RG,3760,1,D,BB,YP,D
14:32:49,JSMR,RG,3760,21,D,BB,AK,D
14:32:49,JSMR,RG,3760,45,D,BB,BK,F
14:32:49,JSMR,RG,3760,69,D,BB,AK,D
14:32:30,JSMR,RG,3750,1,D,SQ,CS,F
14:31:35,JSMR,RG,3750,1,D,SQ,DR,D
14:31:29,JSMR,RG,3750,1,D,SQ,CS,F
14:31:28,JSMR,RG,3750,5,D,SQ,BB,D
14:30:42,JSMR,RG,3750,1,D,SQ,KK,D
14:30:33,JSMR,RG,3750,1,D,SQ,YP,D
14:29:39,JSMR,RG,3760,45,D,BB,AK,D
14:29:39,JSMR,RG,3760,10,D,BB,XA,D
14:29:37,JSMR,RG,3730,12,D,PD,BK,F
14:29:37,JSMR,RG,3730,85,F,AK,AK,D
14:29:36,JSMR,RG,3730,1,D,PD,AK,D
14:29:36,JSMR,RG,3730,5,D,YP,AK,D
14:29:28,JSMR,RG,3720,53,F,AK,BB,D
14:29:27,JSMR,RG,3720,29,F,AK,BB,D
14:29:27,JSMR,RG,3720,5,D,YP,BB,D
14:29:26,JSMR,RG,3720,4,F,AK,BB,D
14:29:26,JSMR,RG,3720,152,F,AK,AK,D
14:29:25,JSMR,RG,3710,48,D,AI,BB,D
14:29:25,JSMR,RG,3710,5,D,YP,BB,D
14:29:25,JSMR,RG,3710,92,F,AK,BB,D
14:29:25,JSMR,RG,3710,3,D,XC,BB,D
14:29:25,JSMR,RG,3720,4,D,XA,BB,D
14:29:24,JSMR,RG,3720,6,D,XA,BB,D
14:29:21,JSMR,RG,3720,1,F,AK,BB,D
14:29:21,JSMR,RG,3720,2,F,AK,BB,D
14:29:19,JSMR,RG,3760,9,D,OD,BB,D
14:29:16,JSMR,RG,3760,34,D,OD,AK,D
14:29:15,JSMR,RG,3740,2,D,OD,XA,D
14:29:15,JSMR,RG,3740,5,D,OD,KK,D
14:29:15,JSMR,RG,3740,9,D,OD,PD,D
14:29:15,JSMR,RG,3730,25,D,OD,AK,D
14:29:15,JSMR,RG,3730,2,D,OD,XC,D
14:29:15,JSMR,RG,3730,7,D,OD,MK,D
14:29:15,JSMR,RG,3730,7,D,OD,MK,D
14:29:15,JSMR,RG,3730,3,F,AK,MK,D
14:29:14,JSMR,RG,3730,3,F,AK,MK,D
14:29:14,JSMR,RG,3730,3,F,AK,PD,D
14:29:14,JSMR,RG,3720,207,F,AK,AK,D
14:29:14,JSMR,RG,3720,13,F,AK,AK,D
14:29:13,JSMR,RG,3710,48,F,AK,AK,D
14:29:13,JSMR,RG,3720,6,F,AK,AK,D
14:29:12,JSMR,RG,3720,99,F,AK,BK,F
14:29:12,JSMR,RG,3720,25,F,AK,BK,F
14:29:12,JSMR,RG,3720,96,F,AK,ZP,F
14:29:12,JSMR,RG,3720,5,F,AK,ZP,F
14:29:12,JSMR,RG,3720,11,F,AK,CC,D
14:29:12,JSMR,RG,3720,18,F,AK,PD,D
14:29:12,JSMR,RG,3710,39,F,AK,AK,D
14:29:11,JSMR,RG,3710,15,F,AK,KK,D
14:29:11,JSMR,RG,3710,5,F,AK,TF,D
14:29:11,JSMR,RG,3700,2,F,LG,PD,D
14:29:11,JSMR,RG,3700,1034,F,LG,AK,D
14:29:11,JSMR,RG,3700,8,D,FZ,AK,D
14:29:10,JSMR,RG,3710,37,F,AK,HP,D
14:29:10,JSMR,RG,3710,1,F,CC,HP,D
14:29:10,JSMR,RG,3710,903,F,AK,AK,D
14:29:10,JSMR,RG,3700,2,D,FZ,YP,D
14:29:10,JSMR,RG,3710,2,D,YP,AK,D
14:29:10,JSMR,RG,3710,5,D,YP,AK,D
14:29:10,JSMR,RG,3710,1,D,KK,AK,D
14:29:10,JSMR,RG,3710,10,D,YP,AK,D
14:29:10,JSMR,RG,3710,100,D,ZP,AK,D
14:29:10,JSMR,RG,3710,80,D,YP,AK,D
14:29:10,JSMR,RG,3710,50,D,YP,AK,D
14:29:10,JSMR,RG,3710,6,D,CC,AK,D
14:29:10,JSMR,RG,3710,50,D,CC,AK,D
14:29:10,JSMR,RG,3710,1,D,YP,AK,D
14:29:10,JSMR,RG,3710,1,D,DH,AK,D
14:29:10,JSMR,RG,3710,200,D,LS,AK,D
14:29:10,JSMR,RG,3710,1,D,CC,AK,D
14:29:10,JSMR,RG,3710,150,D,OD,AK,D
14:29:10,JSMR,RG,3710,1,D,PD,AK,D
14:29:10,JSMR,RG,3710,1,D,PD,AK,D
14:29:10,JSMR,RG,3710,2,D,PD,AK,D
14:29:10,JSMR,RG,3710,1,D,YP,AK,D
14:29:10,JSMR,RG,3710,10,D,YP,AK,D
14:29:10,JSMR,RG,3710,1,D,DR,AK,D
14:29:10,JSMR,RG,3710,1,D,YB,AK,D
14:29:10,JSMR,RG,3710,3,D,PD,AK,D
14:29:10,JSMR,RG,3710,5,D,DR,AK,D
14:29:09,JSMR,RG,3720,1,D,KK,AK,D
14:29:09,JSMR,RG,3720,100,D,YP,AK,D
14:29:09,JSMR,RG,3720,19,D,YP,AK,D
14:29:09,JSMR,RG,3720,10,D,YP,AK,D
14:29:09,JSMR,RG,3720,10,D,YP,AK,D
14:29:09,JSMR,RG,3720,15,D,YP,AK,D
14:29:09,JSMR,RG,3720,1,D,PD,AK,D
14:29:09,JSMR,RG,3720,10,D,DR,AK,D
14:29:09,JSMR,RG,3720,10,D,LG,AK,D
14:29:09,JSMR,RG,3720,1,D,YP,AK,D
14:29:09,JSMR,RG,3720,3,D,PD,AK,D
14:29:08,JSMR,RG,3730,2,D,AZ,AK,D
14:29:07,JSMR,RG,3730,1,D,KK,AK,D
14:29:07,JSMR,RG,3730,10,D,YP,AK,D
14:29:07,JSMR,RG,3730,30,D,KK,AK,D
14:29:07,JSMR,RG,3730,10,D,YP,AK,D
14:29:07,JSMR,RG,3730,2,D,XC,AK,D
14:29:07,JSMR,RG,3730,2,D,CC,AK,D
14:29:07,JSMR,RG,3730,6,D,XC,AK,D
14:29:07,JSMR,RG,3730,15,D,YP,AK,D
14:29:07,JSMR,RG,3730,5,D,NI,AK,D
14:29:07,JSMR,RG,3730,100,D,KI,AK,D
14:29:07,JSMR,RG,3730,6,D,EP,AK,D
14:29:07,JSMR,RG,3730,195,D,LG,AK,D
14:29:07,JSMR,RG,3740,2,D,XC,AK,D
14:29:07,JSMR,RG,3730,1,D,LG,YB,D
14:29:07,JSMR,RG,3730,54,D,LG,YP,D
14:29:07,JSMR,RG,3730,5,D,DR,YP,D
14:29:07,JSMR,RG,3730,1,D,CC,YP,D
14:29:07,JSMR,RG,3730,1,D,PD,YP,D
14:29:07,JSMR,RG,3730,1,D,PD,YP,D
14:29:07,JSMR,RG,3730,10,D,DR,YP,D
14:29:07,JSMR,RG,3730,6,D,DR,YP,D
14:29:06,JSMR,RG,3740,100,D,YP,AK,D
14:29:06,JSMR,RG,3740,30,D,AT,AK,D
14:29:06,JSMR,RG,3740,25,D,YP,AK,D
14:29:06,JSMR,RG,3740,10,D,YP,AK,D
14:29:06,JSMR,RG,3740,2,D,CP,AK,D
14:29:06,JSMR,RG,3740,12,D,XC,AK,D
14:29:06,JSMR,RG,3740,1,D,PD,AK,D
14:29:06,JSMR,RG,3740,200,D,YP,AK,D
14:29:06,JSMR,RG,3740,1,D,PC,AK,D
14:29:06,JSMR,RG,3740,1,D,LG,AK,D
14:29:06,JSMR,RG,3740,1,D,PD,AK,D
14:29:06,JSMR,RG,3740,1,D,XC,AK,D
14:29:06,JSMR,RG,3740,2,D,NI,AK,D
14:29:06,JSMR,RG,3740,4,D,EP,AK,D
14:29:06,JSMR,RG,3740,1,D,YP,AK,D
14:29:06,JSMR,RG,3740,1,D,PD,AK,D
14:29:06,JSMR,RG,3740,12,D,EP,AK,D
14:29:06,JSMR,RG,3750,92,F,AK,AK,D
14:29:06,JSMR,RG,3750,34,D,PD,AK,D
14:29:05,JSMR,RG,3750,7,D,PD,BB,D
14:29:05,JSMR,RG,3750,42,D,PD,ZP,F
14:29:05,JSMR,RG,3750,11,D,PD,CC,D
14:29:05,JSMR,RG,3750,206,D,PD,CC,D
14:29:04,JSMR,RG,3750,7,D,YB,CC,D
14:29:04,JSMR,RG,3750,2,D,DR,CC,D
14:29:04,JSMR,RG,3750,50,D,PD,CC,D
14:29:04,JSMR,RG,3750,2,D,CP,CC,D
14:29:04,JSMR,RG,3750,9,D,DH,CC,D
14:29:04,JSMR,RG,3750,63,D,BB,CC,D
14:29:04,JSMR,RG,3750,10,D,CC,CC,D
14:29:04,JSMR,RG,3750,1,D,YP,CC,D
14:29:04,JSMR,RG,3750,1,D,YP,CC,D
14:29:04,JSMR,RG,3750,2,D,CC,CC,D
14:29:04,JSMR,RG,3750,100,D,KI,CC,D
14:29:04,JSMR,RG,3750,15,D,YP,CC,D
14:29:04,JSMR,RG,3750,191,F,AK,CC,D
14:29:04,JSMR,RG,3750,1,D,EP,CC,D
14:29:04,JSMR,RG,3750,1,D,XC,CC,D
14:29:04,JSMR,RG,3750,1000,D,AZ,CC,D
14:29:04,JSMR,RG,3750,10,D,XC,CC,D
14:29:04,JSMR,RG,3750,10,D,YP,CC,D
14:29:04,JSMR,RG,3750,20,D,CC,CC,D
14:29:04,JSMR,RG,3750,15,D,BQ,CC,D
14:29:04,JSMR,RG,3750,15,D,YP,CC,D
14:29:04,JSMR,RG,3750,1,D,XC,CC,D
14:29:04,JSMR,RG,3750,3,D,KK,CC,D
14:29:04,JSMR,RG,3750,50,D,DR,CC,D
14:29:04,JSMR,RG,3750,8,D,DR,CC,D
14:29:04,JSMR,RG,3750,50,D,SQ,CC,D
14:29:04,JSMR,RG,3750,1,D,XC,CC,D
14:29:04,JSMR,RG,3750,1,D,XC,CC,D
14:29:04,JSMR,RG,3750,1,D,PD,CC,D
14:29:04,JSMR,RG,3750,50,D,XL,CC,D
14:29:04,JSMR,RG,3750,1,D,AT,CC,D
14:29:04,JSMR,RG,3750,1,D,YP,CC,D
14:29:04,JSMR,RG,3750,2,D,YP,CC,D
14:29:04,JSMR,RG,3750,1,D,YP,CC,D
14:29:04,JSMR,RG,3750,10,D,EP,CC,D
14:29:04,JSMR,RG,3750,10,D,YP,CC,D
14:29:04,JSMR,RG,3750,1,D,AT,CC,D
14:29:04,JSMR,RG,3750,20,D,YP,CC,D
14:29:04,JSMR,RG,3750,10,D,YP,CC,D
14:29:04,JSMR,RG,3750,2,D,CC,CC,D
14:29:04,JSMR,RG,3750,10,D,CP,CC,D
14:29:04,JSMR,RG,3750,50,D,NI,CC,D
14:29:04,JSMR,RG,3750,10,D,NI,CC,D
14:29:04,JSMR,RG,3750,10,D,SQ,CC,D
14:29:04,JSMR,RG,3750,100,D,CC,CC,D
14:29:04,JSMR,RG,3750,1,D,YP,CC,D
14:29:04,JSMR,RG,3750,1,D,PD,CC,D
14:29:04,JSMR,RG,3750,7,D,XC,CC,D
14:29:04,JSMR,RG,3750,50,D,DR,CC,D
14:29:04,JSMR,RG,3750,5,D,PD,CC,D
14:29:04,JSMR,RG,3750,300,D,YP,CC,D
14:29:04,JSMR,RG,3750,50,D,YP,CC,D
14:29:04,JSMR,RG,3750,7,D,YP,CC,D
14:29:04,JSMR,RG,3750,15,D,XL,CC,D
14:29:04,JSMR,RG,3750,2,D,XL,CC,D
14:29:04,JSMR,RG,3750,30,D,DR,CC,D
14:29:04,JSMR,RG,3750,10,D,YP,CC,D
14:29:04,JSMR,RG,3750,250,D,LG,CC,D
14:29:04,JSMR,RG,3750,10,D,YP,CC,D
14:29:04,JSMR,RG,3750,10,D,OD,CC,D
14:29:04,JSMR,RG,3750,5,D,CC,CC,D
14:29:04,JSMR,RG,3750,1,D,PD,CC,D
14:29:04,JSMR,RG,3750,120,D,CC,CC,D
14:29:04,JSMR,RG,3750,2,D,DR,CC,D
14:29:04,JSMR,RG,3750,10,D,DR,CC,D
14:29:04,JSMR,RG,3750,1,D,PD,CC,D
14:29:04,JSMR,RG,3750,1,D,XC,CC,D
14:29:04,JSMR,RG,3750,10,D,CC,CC,D
14:29:04,JSMR,RG,3750,5,D,YP,CC,D
14:29:04,JSMR,RG,3750,1,D,DH,CC,D
14:29:04,JSMR,RG,3750,100,D,YP,CC,D
14:29:04,JSMR,RG,3750,10,D,YP,CC,D
14:29:04,JSMR,RG,3750,7,D,PD,CC,D
14:29:04,JSMR,RG,3750,33,D,KK,CC,D
14:29:04,JSMR,RG,3750,3,D,DR,CC,D
14:29:04,JSMR,RG,3750,5,D,DR,CC,D
14:29:04,JSMR,RG,3750,1,D,ZP,CC,D
14:29:04,JSMR,RG,3750,12,D,EP,CC,D
14:29:04,JSMR,RG,3750,50,F,YU,CC,D
14:29:04,JSMR,RG,3750,200,D,HD,CC,D
14:29:04,JSMR,RG,3760,25,D,BB,CC,D
14:29:04,JSMR,RG,3760,76,D,KI,CC,D
14:29:04,JSMR,RG,3770,5,D,YP,CC,D
14:29:04,JSMR,RG,3770,10,D,AK,CC,D
14:29:04,JSMR,RG,3770,6,D,YP,CC,D
14:28:26,JSMR,RG,3770,7,D,YP,AK,D
14:28:24,JSMR,RG,3770,7,D,YP,BB,D
14:27:50,JSMR,RG,3760,24,D,KI,AK,D
14:27:50,JSMR,RG,3760,3,D,YP,AK,D
14:27:50,JSMR,RG,3760,10,D,CC,AK,D
14:27:50,JSMR,RG,3760,1,D,YP,AK,D
14:27:50,JSMR,RG,3760,1,D,DH,AK,D
14:27:50,JSMR,RG,3760,10,D,YP,AK,D
14:27:50,JSMR,RG,3760,15,D,PD,AK,D
14:27:50,JSMR,RG,3760,25,D,BB,AK,D
14:27:50,JSMR,RG,3770,34,D,BB,ZP,F
14:27:50,JSMR,RG,3770,55,D,BB,BK,F
14:27:44,JSMR,RG,3760,8,F,AK,AK,D
14:27:43,JSMR,RG,3770,1,F,CC,AK,D
14:27:42,JSMR,RG,3780,9,D,BB,DX,F
14:27:34,JSMR,RG,3760,210,F,AK,AK,D
14:27:34,JSMR,RG,3760,32,F,AK,BB,D
14:27:34,JSMR,RG,3760,52,D,GR,BB,D
14:27:33,JSMR,RG,3770,15,D,PD,BB,D
14:27:33,JSMR,RG,3770,1,D,XC,BB,D
14:27:33,JSMR,RG,3770,1,D,YP,BB,D
14:27:33,JSMR,RG,3770,1,D,YP,BB,D
14:27:33,JSMR,RG,3770,12,D,AK,BB,D
14:27:33,JSMR,RG,3770,35,D,BB,BB,D
14:27:33,JSMR,RG,3770,61,D,YB,BB,D
14:26:55,JSMR,RG,3770,25,D,YB,AK,D
14:26:55,JSMR,RG,3780,25,D,BB,DX,F
14:26:54,JSMR,RG,3770,14,D,YB,AK,D
14:26:54,JSMR,RG,3780,15,D,BB,BB,D
14:26:54,JSMR,RG,3780,1,D,BB,AK,D
14:26:18,JSMR,RG,3760,14,D,GR,AK,D
14:26:17,JSMR,RG,3780,5,D,BB,AK,D
14:26:17,JSMR,RG,3780,11,D,BB,CC,D
14:26:17,JSMR,RG,3780,1,D,BB,ZP,F
14:26:17,JSMR,RG,3780,6,D,BB,CC,D
14:26:17,JSMR,RG,3780,1,D,BB,BB,D
14:26:08,JSMR,RG,3760,2,D,GR,AK,D
14:26:07,JSMR,RG,3780,2,D,BB,BB,D
14:25:23,JSMR,RG,3760,16,D,GR,AK,D
14:25:22,JSMR,RG,3760,16,D,GR,BB,D
14:25:12,JSMR,RG,3760,255,F,AK,AK,D
14:25:12,JSMR,RG,3760,10,D,DR,AK,D
14:25:12,JSMR,RG,3760,1,D,EP,AK,D
14:25:12,JSMR,RG,3760,26,D,SQ,AK,D
14:25:11,JSMR,RG,3770,53,D,LG,BK,F
14:25:11,JSMR,RG,3770,81,D,LG,AK,D
14:25:11,JSMR,RG,3770,4,D,LG,BB,D
14:25:11,JSMR,RG,3770,23,D,LG,AK,D
14:25:11,JSMR,RG,3770,245,D,LG,BK,F
14:25:11,JSMR,RG,3770,30,D,LG,ZP,F
14:25:11,JSMR,RG,3770,64,D,LG,DX,F
14:25:09,JSMR,RG,3760,74,D,SQ,AK,D
14:25:09,JSMR,RG,3760,2,D,YP,AK,D
14:25:09,JSMR,RG,3760,1,D,LS,AK,D
14:25:08,JSMR,RG,3760,29,D,LS,ZP,F
14:25:08,JSMR,RG,3760,20,D,LS,ZP,F
14:25:08,JSMR,RG,3760,12,D,AK,ZP,F
14:25:08,JSMR,RG,3760,5,D,YP,ZP,F
14:25:08,JSMR,RG,3760,11,D,CC,ZP,F
14:25:07,JSMR,RG,3760,89,D,CC,AK,D
14:25:07,JSMR,RG,3760,20,D,PD,AK,D
14:25:07,JSMR,RG,3760,3,D,YP,AK,D
14:25:07,JSMR,RG,3760,24,D,CC,AK,D
14:25:07,JSMR,RG,3760,2,D,AR,AK,D
14:25:07,JSMR,RG,3760,3,D,KK,AK,D
14:25:07,JSMR,RG,3760,7,D,SQ,AK,D
14:25:06,JSMR,RG,3770,148,D,GR,DX,F
14:25:06,JSMR,RG,3770,1,D,GR,AK,D
14:25:06,JSMR,RG,3770,1,D,GR,YB,D
14:25:03,JSMR,RG,3760,13,D,SQ,AK,D
14:25:02,JSMR,RG,3760,13,D,SQ,BK,F
14:24:53,JSMR,RG,3760,1,D,SQ,AK,D
14:24:53,JSMR,RG,3760,10,D,YP,AK,D
14:24:52,JSMR,RG,3760,1,D,DH,BK,F
14:24:52,JSMR,RG,3760,2,D,LS,BK,F
14:24:52,JSMR,RG,3760,8,D,KK,BK,F
14:24:40,JSMR,RG,3760,18,D,KK,AK,D
14:24:39,JSMR,RG,3760,18,D,KK,BK,F
14:24:34,JSMR,RG,3760,13,D,KK,AK,D
14:24:33,JSMR,RG,3760,13,D,KK,BK,F
14:24:22,JSMR,RG,3760,12,D,KK,AK,D
14:24:21,JSMR,RG,3760,12,D,KK,BK,F
14:24:17,JSMR,RG,3760,6,D,KK,AK,D
14:24:17,JSMR,RG,3760,3,D,YP,AK,D
14:24:16,JSMR,RG,3770,2,D,LS,BK,F
14:24:16,JSMR,RG,3770,1,D,CP,BK,F
14:24:16,JSMR,RG,3770,6,D,AK,BK,F
14:24:06,JSMR,RG,3770,15,D,AK,AK,D
14:24:05,JSMR,RG,3770,10,D,PD,BK,F
14:24:05,JSMR,RG,3770,5,D,LS,BK,F
14:23:36,JSMR,RG,3760,2,D,YP,AK,D
14:22:53,JSMR,RG,3760,2,F,AK,BB,D
14:22:53,JSMR,RG,3760,11,F,AK,AK,D
14:22:53,JSMR,RG,3760,9,F,AK,CC,D
14:22:52,JSMR,RG,3760,2,F,AK,CC,D
14:22:52,JSMR,RG,3760,301,F,AK,AK,D
14:22:51,JSMR,RG,3760,2,D,LS,AK,D
14:22:51,JSMR,RG,3760,1,D,PD,AK,D
14:22:51,JSMR,RG,3760,196,D,YP,AK,D
14:22:34,JSMR,RG,3770,258,F,AK,ZP,F
14:22:34,JSMR,RG,3760,69,D,YP,BB,D
14:22:34,JSMR,RG,3760,131,D,BB,BB,D
14:22:34,JSMR,RG,3760,19,D,BB,ZP,F
14:22:34,JSMR,RG,3760,23,D,BB,ZP,F
14:22:34,JSMR,RG,3760,170,D,BB,AK,D
14:22:34,JSMR,RG,3760,10,D,YP,AK,D
14:22:34,JSMR,RG,3760,50,D,YP,AK,D
14:22:34,JSMR,RG,3760,1,D,OD,AK,D
14:22:34,JSMR,RG,3760,20,D,DR,AK,D
14:22:34,JSMR,RG,3760,10,D,PD,AK,D
14:22:34,JSMR,RG,3760,1,D,GR,AK,D
14:22:34,JSMR,RG,3760,1,D,KK,AK,D
14:22:34,JSMR,RG,3760,200,D,YP,AK,D
14:22:34,JSMR,RG,3760,1,D,KK,AK,D
14:22:34,JSMR,RG,3760,62,D,SQ,AK,D
14:22:34,JSMR,RG,3760,10,D,YP,AK,D
14:22:34,JSMR,RG,3760,1,D,YP,AK,D
14:22:34,JSMR,RG,3760,1,D,YP,AK,D
14:22:34,JSMR,RG,3760,100,D,PD,AK,D
14:22:34,JSMR,RG,3760,1,D,PD,AK,D
14:22:34,JSMR,RG,3760,10,D,LG,AK,D
14:22:34,JSMR,RG,3760,2,D,YP,AK,D
14:22:34,JSMR,RG,3760,2,D,PD,AK,D
14:22:34,JSMR,RG,3760,1,D,PD,AK,D
14:22:34,JSMR,RG,3760,1,D,XL,AK,D
14:22:34,JSMR,RG,3760,1,D,XL,AK,D
14:22:34,JSMR,RG,3760,1,D,KK,AK,D
14:22:34,JSMR,RG,3760,12,D,EP,AK,D
14:22:33,JSMR,RG,3770,100,D,YB,BB,D
14:22:33,JSMR,RG,3770,10,D,YP,BB,D
14:22:33,JSMR,RG,3770,105,D,BB,BB,D
14:22:33,JSMR,RG,3770,50,D,YP,BB,D
14:22:33,JSMR,RG,3770,25,D,SQ,BB,D
14:22:33,JSMR,RG,3770,100,D,KK,BB,D
14:22:33,JSMR,RG,3770,1,D,XL,BB,D
14:22:33,JSMR,RG,3770,140,D,DR,BB,D
14:22:33,JSMR,RG,3770,1,D,PD,BB,D
14:22:33,JSMR,RG,3770,10,D,SQ,BB,D
14:22:33,JSMR,RG,3770,20,D,YP,BB,D
14:22:33,JSMR,RG,3770,1,D,CC,BB,D
14:22:33,JSMR,RG,3770,12,D,EP,BB,D
14:22:33,JSMR,RG,3780,1,D,OD,BB,D
14:22:33,JSMR,RG,3780,25,D,YP,BB,D
14:22:33,JSMR,RG,3780,8,D,YP,BB,D
14:22:33,JSMR,RG,3780,5,D,XC,BB,D
14:22:33,JSMR,RG,3780,10,D,AK,BB,D
14:22:33,JSMR,RG,3780,45,D,BB,BB,D
14:22:11,JSMR,RG,3780,1,D,BB,AK,D
14:22:10,JSMR,RG,3790,1,D,NI,DX,F
14:21:54,JSMR,RG,3780,51,D,BB,AK,D
14:21:54,JSMR,RG,3780,7,D,CD,AK,D
14:21:53,JSMR,RG,3790,66,D,BB,DX,F
14:21:53,JSMR,RG,3790,7,D,BB,AK,D
14:21:53,JSMR,RG,3790,38,D,BB,AK,D
14:21:53,JSMR,RG,3790,22,D,BB,ZP,D
14:21:53,JSMR,RG,3790,4,D,BB,BB,D
14:21:53,JSMR,RG,3790,6,D,BB,CC,D
14:21:53,JSMR,RG,3790,5,D,BB,CC,D
14:21:45,JSMR,RG,3780,3,D,CD,AK,D
14:21:45,JSMR,RG,3780,5,D,YP,AK,D
14:21:44,JSMR,RG,3780,8,D,YP,YP,D
14:21:26,JSMR,RG,3780,7,D,YP,AK,D
14:21:25,JSMR,RG,3780,1,D,PD,BB,D
14:21:25,JSMR,RG,3780,6,D,YP,BB,D
14:21:23,JSMR,RG,3780,4,D,YP,AK,D
14:21:23,JSMR,RG,3780,3,D,NI,AK,D
14:21:23,JSMR,RG,3780,5,D,EP,AK,D
14:21:23,JSMR,RG,3780,27,D,PD,AK,D
14:21:23,JSMR,RG,3780,1,D,PD,AK,D
14:21:23,JSMR,RG,3780,30,D,YU,AK,D
14:21:22,JSMR,RG,3790,47,D,BB,YP,D
14:21:22,JSMR,RG,3790,1,D,KK,YP,D
14:21:22,JSMR,RG,3790,15,D,YP,YP,D
14:21:22,JSMR,RG,3790,7,D,OD,YP,D
14:21:21,JSMR,RG,3790,3,D,OD,AK,D
14:21:21,JSMR,RG,3790,53,D,XC,AK,D
14:21:21,JSMR,RG,3790,7,D,XC,ZP,D
14:21:21,JSMR,RG,3790,1,D,PD,ZP,D
14:21:21,JSMR,RG,3790,1,D,YP,ZP,D
14:21:12,JSMR,RG,3800,7,D,BB,CC,D
14:21:12,JSMR,RG,3800,9,D,BB,BK,F
14:21:11,JSMR,RG,3800,25,D,BB,BK,F
14:21:11,JSMR,RG,3800,6,D,AZ,BK,F
14:20:37,JSMR,RG,3800,26,D,AZ,BK,F
14:20:28,JSMR,RG,3800,65,D,AZ,DX,F
14:20:24,JSMR,RG,3800,23,D,AZ,ZP,F
14:20:22,JSMR,RG,3800,130,D,AZ,AK,D
14:20:22,JSMR,RG,3800,2,F,CC,AK,D
14:20:22,JSMR,RG,3800,2,D,OD,AK,D
14:20:22,JSMR,RG,3800,5,D,XC,AK,D
14:20:22,JSMR,RG,3800,1,D,OD,AK,D
14:20:22,JSMR,RG,3800,10,D,SQ,AK,D
14:20:22,JSMR,RG,3800,20,D,YP,AK,D
14:20:22,JSMR,RG,3800,12,D,AK,AK,D
14:20:22,JSMR,RG,3800,1,D,YP,AK,D
14:20:22,JSMR,RG,3800,125,D,KK,AK,D
14:20:22,JSMR,RG,3800,122,F,AK,AK,D
14:20:22,JSMR,RG,3800,6,D,KK,AK,D
14:20:22,JSMR,RG,3800,25,D,BB,AK,D
14:20:22,JSMR,RG,3800,12,D,AK,AK,D
14:20:22,JSMR,RG,3800,240,D,BB,AK,D
14:20:22,JSMR,RG,3800,20,D,ZP,AK,D
14:20:22,JSMR,RG,3800,20,D,CC,AK,D
14:20:22,JSMR,RG,3800,20,D,TP,AK,D
14:20:22,JSMR,RG,3800,2,D,DH,AK,D
14:20:22,JSMR,RG,3800,15,D,AT,AK,D
14:20:22,JSMR,RG,3800,1,D,PD,AK,D
14:20:22,JSMR,RG,3800,150,D,PD,AK,D
14:20:22,JSMR,RG,3800,1,D,PD,AK,D
14:20:22,JSMR,RG,3800,5,D,KK,AK,D
14:20:22,JSMR,RG,3800,1,D,LG,AK,D
14:20:22,JSMR,RG,3800,30,F,NI,AK,D
14:20:22,JSMR,RG,3800,1,D,XC,AK,D
14:20:22,JSMR,RG,3800,1,D,YP,AK,D
14:20:22,JSMR,RG,3800,1,D,XC,AK,D
14:20:22,JSMR,RG,3800,10,D,YP,AK,D
14:20:22,JSMR,RG,3800,37,D,NI,AK,D
14:20:21,JSMR,RG,3810,68,D,AK,BB,D
14:19:48,JSMR,RG,3800,15,D,NI,BQ,D
14:19:47,JSMR,RG,3800,39,D,NI,BK,F
14:19:24,JSMR,RG,3800,9,D,NI,CC,D
14:19:24,JSMR,RG,3800,3,D,PD,CC,D
14:19:11,JSMR,RG,3800,7,D,PD,AK,F
14:19:11,JSMR,RG,3800,1,D,PD,AK,F
14:19:11,JSMR,RG,3800,10,D,YP,AK,F
14:19:11,JSMR,RG,3800,1,D,XL,AK,F
14:19:11,JSMR,RG,3800,166,D,YB,AK,F
14:19:10,JSMR,RG,3800,30,D,YB,BK,F
14:19:10,JSMR,RG,3800,304,D,YB,AK,D
14:19:10,JSMR,RG,3800,25,D,AZ,AK,D
14:19:10,JSMR,RG,3800,1,D,NI,AK,D
14:19:10,JSMR,RG,3800,735,F,LG,AK,D
14:18:52,JSMR,RG,3800,5,F,LG,YP,D
14:18:51,JSMR,RG,3810,14,D,BB,BB,D
14:18:33,JSMR,RG,3800,35,F,LG,ZP,F
14:18:32,JSMR,RG,3810,100,D,DR,BB,D
14:18:17,JSMR,RG,3800,43,F,LG,BK,F
14:17:55,JSMR,RG,3800,1101,F,LG,AK,D
14:17:34,JSMR,RG,3800,36,F,LG,BK,F
14:17:04,JSMR,RG,3800,22,F,LG,BK,F
14:16:35,JSMR,RG,3800,755,F,LG,AK,D
14:16:34,JSMR,RG,3800,12,F,LG,CC,D
14:16:23,JSMR,RG,3800,3,F,LG,DR,D
14:16:15,JSMR,RG,3800,41,F,LG,BK,F
14:15:57,JSMR,RG,3800,16,F,LG,BK,F
14:15:29,JSMR,RG,3800,21,F,LG,BK,F
14:15:25,JSMR,RG,3800,533,F,LG,AK,D
14:15:10,JSMR,RG,3810,21,D,YP,BB,D
14:14:42,JSMR,RG,3800,41,F,LG,BK,F
14:14:20,JSMR,RG,3800,17,F,LG,BK,F
14:14:13,JSMR,RG,3800,10,F,LG,XC,D
14:13:38,JSMR,RG,3800,10,F,LG,CC,D
14:13:32,JSMR,RG,3800,34,F,LG,BK,F
14:12:40,JSMR,RG,3810,25,D,DR,BB,D
14:12:21,JSMR,RG,3810,73,D,AK,BB,D
14:11:19,JSMR,RG,3800,5,F,LG,NI,D
14:10:54,JSMR,RG,3800,200,F,LG,AF,D
14:10:48,JSMR,RG,3800,11,F,LG,CC,D
14:10:16,JSMR,RG,3810,138,D,BB,BB,D
14:10:16,JSMR,RG,3810,20,D,BB,PD,D
14:10:16,JSMR,RG,3810,120,D,BB,BK,F
14:10:16,JSMR,RG,3810,44,D,BB,ZP,F
14:09:48,JSMR,RG,3800,88,F,LG,BB,D
14:09:32,JSMR,RG,3800,32,F,LG,BK,F
14:09:07,JSMR,RG,3800,80,F,LG,NI,D
14:08:42,JSMR,RG,3800,34,F,LG,BK,F
14:08:40,JSMR,RG,3800,50,F,LG,OD,D
14:08:00,JSMR,RG,3800,7,F,LG,CC,D
14:07:56,JSMR,RG,3800,12,F,LG,CC,D
14:07:15,JSMR,RG,3800,25,F,LG,DR,D
14:04:54,JSMR,RG,3800,10,F,LG,CC,D
14:03:53,JSMR,RG,3810,132,D,BB,ZP,F
14:03:53,JSMR,RG,3810,3,D,BB,BB,D
14:03:53,JSMR,RG,3810,21,D,BB,DX,F
14:03:53,JSMR,RG,3810,50,D,BB,IT,D
14:03:53,JSMR,RG,3810,98,D,BB,BK,F
14:03:53,JSMR,RG,3810,21,D,BB,BK,F
14:03:30,JSMR,RG,3810,83,D,AK,BK,F
14:03:15,JSMR,RG,3800,22,F,LG,BK,F
14:02:54,JSMR,RG,3810,1,D,PD,BK,F
14:02:53,JSMR,RG,3800,1,F,LG,KK,D
14:02:47,JSMR,RG,3800,18,F,LG,BK,F
14:02:15,JSMR,RG,3810,12,D,AK,BK,F
14:02:08,JSMR,RG,3800,13,F,LG,BK,F
14:02:02,JSMR,RG,3800,11,F,LG,CC,D
14:01:56,JSMR,RG,3800,13,F,LG,BK,F
14:01:31,JSMR,RG,3800,19,F,LG,BK,F
14:01:21,JSMR,RG,3800,12,F,LG,BK,F
14:01:10,JSMR,RG,3800,12,F,LG,BK,F
14:01:03,JSMR,RG,3800,211,F,LG,BK,F
14:01:02,JSMR,RG,3800,1,F,LG,YP,D
14:00:57,JSMR,RG,3800,13,F,LG,BK,F
13:59:56,JSMR,RG,3810,56,D,KK,BK,F
13:59:56,JSMR,RG,3810,16,D,KK,CC,F
13:59:56,JSMR,RG,3810,10,D,KK,SQ,D
13:59:56,JSMR,RG,3810,43,D,KK,BB,D
13:59:55,JSMR,RG,3800,11,F,LG,BK,F
13:59:42,JSMR,RG,3800,12,F,LG,BK,F
13:59:30,JSMR,RG,3800,18,F,LG,BK,F
13:59:17,JSMR,RG,3800,11,F,LG,BK,F
13:59:12,JSMR,RG,3800,11,F,LG,CC,D
13:59:04,JSMR,RG,3800,12,F,LG,BK,F
13:58:59,JSMR,RG,3800,35,F,LG,BK,F
13:58:59,JSMR,RG,3800,26,F,LG,CC,F
13:58:54,JSMR,RG,3810,1,D,PD,BB,D
13:58:53,JSMR,RG,3800,13,F,LG,BK,F
13:58:42,JSMR,RG,3800,30,F,LG,DR,D
13:58:42,JSMR,RG,3800,14,F,LG,BK,F
13:58:41,JSMR,RG,3800,27,F,LG,CC,F
13:58:32,JSMR,RG,3800,8,F,LG,CC,F
13:58:27,JSMR,RG,3800,19,F,LG,BK,F
13:58:16,JSMR,RG,3800,11,F,LG,BK,F
13:58:12,JSMR,RG,3800,138,F,LG,BB,D
13:58:05,JSMR,RG,3800,14,F,LG,BK,F
13:57:49,JSMR,RG,3800,17,F,LG,BK,F
13:57:42,JSMR,RG,3800,13,F,LG,BK,F
13:57:33,JSMR,RG,3800,11,F,LG,BK,F
13:57:28,JSMR,RG,3800,26,F,LG,CC,F
13:57:27,JSMR,RG,3810,3,D,BB,BB,D
13:57:27,JSMR,RG,3810,1,D,BB,BB,D
13:57:27,JSMR,RG,3810,44,D,BB,DX,F
13:57:27,JSMR,RG,3810,20,D,BB,ZP,D
13:57:27,JSMR,RG,3810,13,D,BB,ZP,F
13:57:19,JSMR,RG,3800,16,F,LG,BK,F
13:57:13,JSMR,RG,3800,12,F,LG,BK,F
13:56:59,JSMR,RG,3800,13,F,LG,BK,F
13:56:51,JSMR,RG,3800,13,F,LG,BK,F
13:56:51,JSMR,RG,3810,2,D,IF,ZP,F
13:56:51,JSMR,RG,3810,5,D,IF,CC,D
13:56:41,JSMR,RG,3800,16,F,LG,BK,F
13:56:34,JSMR,RG,3800,12,F,LG,BK,F
13:56:31,JSMR,RG,3800,4,F,LG,BB,D
13:56:25,JSMR,RG,3800,12,F,LG,BK,F
13:56:16,JSMR,RG,3800,10,F,LG,CC,D
13:56:14,JSMR,RG,3800,12,F,LG,BK,F
13:56:09,JSMR,RG,3800,33,F,LG,BB,D
13:56:09,JSMR,RG,3800,2,D,SQ,BB,D
13:56:09,JSMR,RG,3800,105,D,DH,BB,D
13:54:08,JSMR,RG,3800,134,D,DH,BB,D
13:53:48,JSMR,RG,3800,4,D,DH,BB,D
13:53:26,JSMR,RG,3800,10,D,DH,CC,D
13:52:24,JSMR,RG,3810,1,D,XC,CC,D
13:52:11,JSMR,RG,3800,273,D,DH,BB,D
13:52:11,JSMR,RG,3800,10,D,YP,BB,D
13:52:11,JSMR,RG,3800,3,D,XC,BB,D
13:52:11,JSMR,RG,3800,5,D,PD,BB,D
13:52:11,JSMR,RG,3800,5,D,KK,BB,D
13:52:10,JSMR,RG,3800,1,D,KK,CC,D
13:51:11,JSMR,RG,3800,4,D,KK,BB,D
13:51:10,JSMR,RG,3810,1,D,AK,BB,D
13:51:01,JSMR,RG,3810,36,D,AK,CC,D
13:51:01,JSMR,RG,3810,3,D,XC,CC,D
13:51:01,JSMR,RG,3810,1,F,CC,CC,D
13:51:01,JSMR,RG,3810,7,D,IF,CC,D
13:51:01,JSMR,RG,3810,12,D,AK,CC,D
13:51:01,JSMR,RG,3810,1,D,LG,CC,D
13:50:42,JSMR,RG,3810,10,D,LG,YP,D
13:50:32,JSMR,RG,3810,9,D,LG,CC,D
13:50:32,JSMR,RG,3810,1,D,CC,CC,D
13:50:21,JSMR,RG,3810,4,D,CC,ZP,F
13:50:21,JSMR,RG,3810,5,D,AK,ZP,F
13:50:19,JSMR,RG,3810,9,D,AK,KK,D
13:50:19,JSMR,RG,3810,1,D,BB,KK,D
13:50:16,JSMR,RG,3810,23,D,BB,DX,F
13:50:14,JSMR,RG,3810,36,D,BB,CC,F
13:50:05,JSMR,RG,3810,59,D,BB,CC,D
13:49:48,JSMR,RG,3810,27,D,BB,ZP,F
13:49:47,JSMR,RG,3810,75,D,BB,NI,D
13:49:42,JSMR,RG,3810,10,D,BB,HP,D
13:49:32,JSMR,RG,3810,1,D,BB,CC,D
13:49:32,JSMR,RG,3810,70,D,PS,CC,D
13:49:05,JSMR,RG,3810,9,D,PS,XC,D
13:49:02,JSMR,RG,3810,21,D,PS,CC,D
13:49:02,JSMR,RG,3810,55,D,BB,CC,D
13:49:02,JSMR,RG,3810,13,D,PD,CC,D
13:49:02,JSMR,RG,3810,2,D,NI,CC,D
13:49:02,JSMR,RG,3810,1,D,XL,CC,D
13:49:02,JSMR,RG,3810,5,D,LG,CC,D
13:49:02,JSMR,RG,3810,3,D,PD,CC,D
13:48:57,JSMR,RG,3810,7,D,PD,CC,F
13:48:45,JSMR,RG,3810,2,D,PD,EP,D
13:48:43,JSMR,RG,3810,88,D,PD,ZP,F
13:48:42,JSMR,RG,3810,20,D,PD,CC,D
13:48:42,JSMR,RG,3810,2,D,XC,CC,D
13:48:42,JSMR,RG,3810,10,D,PD,CC,D
13:48:42,JSMR,RG,3810,25,D,OD,CC,D
13:48:42,JSMR,RG,3810,10,D,YP,CC,D
13:48:42,JSMR,RG,3810,3,D,DH,CC,D
13:48:42,JSMR,RG,3810,21,D,DH,CC,D
13:48:42,JSMR,RG,3810,9,D,PD,CC,D
13:48:32,JSMR,RG,3810,4,D,PD,BB,D
13:48:19,JSMR,RG,3810,1,D,PD,CP,D
13:48:16,JSMR,RG,3810,136,D,PD,AF,D
13:48:16,JSMR,RG,3810,1,D,XL,AF,D
13:48:16,JSMR,RG,3810,1,D,NI,AF,D
13:48:16,JSMR,RG,3810,26,D,DR,AF,D
13:48:16,JSMR,RG,3810,157,D,BB,AF,D
13:48:10,JSMR,RG,3810,2,D,BB,CC,D
13:47:54,JSMR,RG,3810,20,D,BB,CC,D
13:47:29,JSMR,RG,3810,11,D,BB,CC,D
13:46:30,JSMR,RG,3820,30,D,AZ,CS,D
13:46:25,JSMR,RG,3820,25,D,AZ,CS,D
13:46:21,JSMR,RG,3820,42,D,AZ,CS,D
13:46:21,JSMR,RG,3820,38,D,AZ,BB,D
13:46:18,JSMR,RG,3820,50,D,AZ,BB,D
13:46:15,JSMR,RG,3820,52,D,AZ,BB,D
13:46:15,JSMR,RG,3820,95,D,AZ,BK,F
13:46:13,JSMR,RG,3820,150,D,AZ,BK,F
13:46:10,JSMR,RG,3820,100,D,AZ,BK,F
13:45:59,JSMR,RG,3810,50,D,BB,EP,D
13:45:53,JSMR,RG,3810,137,D,BB,BB,D
13:45:51,JSMR,RG,3810,4,D,BB,BB,D
13:45:46,JSMR,RG,3810,42,D,BB,XA,D
13:45:34,JSMR,RG,3810,3,D,BB,CS,F
13:45:23,JSMR,RG,3820,27,D,BB,BK,F
13:45:23,JSMR,RG,3820,153,D,BB,DX,F
13:45:23,JSMR,RG,3820,22,D,BB,CC,F
13:45:10,JSMR,RG,3820,6,D,ZP,CC,F
13:45:10,JSMR,RG,3820,5,D,ZP,CS,D
13:45:10,JSMR,RG,3820,5,D,ZP,CS,D
13:45:10,JSMR,RG,3820,4,D,ZP,ZP,F
13:44:34,JSMR,RG,3820,6,D,BB,CC,D
13:44:34,JSMR,RG,3820,5,D,BB,CC,D
13:44:12,JSMR,RG,3820,159,D,BB,AK,F
13:44:12,JSMR,RG,3820,10,D,BB,FZ,D
13:44:12,JSMR,RG,3820,136,D,BB,IT,D
13:44:12,JSMR,RG,3820,1,F,CC,IT,D
13:44:12,JSMR,RG,3820,12,D,AK,IT,D
13:44:12,JSMR,RG,3820,101,D,AZ,IT,D
13:44:03,JSMR,RG,3820,127,D,AZ,CS,D
13:44:03,JSMR,RG,3820,110,D,AZ,AK,F
13:44:03,JSMR,RG,3820,62,D,AZ,ZP,F
13:44:03,JSMR,RG,3820,123,D,AZ,ZP,F
13:44:02,JSMR,RG,3820,2,D,AZ,CS,F
13:44:02,JSMR,RG,3820,225,D,AZ,IT,D
13:44:02,JSMR,RG,3820,25,D,BB,IT,D
13:43:55,JSMR,RG,3820,45,D,BB,BK,F
13:43:54,JSMR,RG,3820,76,D,BB,BB,D
13:43:54,JSMR,RG,3820,47,D,AK,BB,D
13:43:54,JSMR,RG,3820,15,D,CC,BB,D
13:43:40,JSMR,RG,3820,5,D,CC,CS,D
13:43:40,JSMR,RG,3820,5,D,BB,CS,D
13:43:40,JSMR,RG,3820,112,D,AZ,CS,D
13:43:28,JSMR,RG,3820,10,D,AZ,DR,D
13:43:27,JSMR,RG,3820,24,D,AZ,BK,F
13:43:17,JSMR,RG,3820,1000,D,AZ,CC,D
13:43:14,JSMR,RG,3820,4,D,AZ,BB,D
13:43:06,JSMR,RG,3830,18,D,AK,CS,D
13:43:06,JSMR,RG,3830,26,D,AK,CS,D
13:43:02,JSMR,RG,3820,3,D,AZ,CS,F
13:42:55,JSMR,RG,3820,2,D,AZ,CC,D
13:42:32,JSMR,RG,3820,39,D,AZ,BK,F
13:42:05,JSMR,RG,3820,21,D,AZ,BK,F
13:41:55,JSMR,RG,3820,133,D,AZ,BB,D
13:41:32,JSMR,RG,3820,293,D,AZ,CS,D
13:41:31,JSMR,RG,3820,10,D,AZ,CC,D
13:41:17,JSMR,RG,3820,4,D,AZ,CS,F
13:40:38,JSMR,RG,3820,4,D,AZ,BB,D
13:40:00,JSMR,RG,3820,133,D,AZ,BB,D
13:39:43,JSMR,RG,3820,3,D,AZ,CS,F
13:39:20,JSMR,RG,3820,3,D,AZ,XC,D
13:38:35,JSMR,RG,3820,11,D,AZ,CC,D
13:38:04,JSMR,RG,3820,137,D,AZ,BB,D
13:37:58,JSMR,RG,3820,4,D,AZ,BB,D
13:37:47,JSMR,RG,3820,4,D,AZ,CS,F
13:37:47,JSMR,RG,3820,20,D,AZ,NI,D
13:36:56,JSMR,RG,3820,1,D,AZ,ZP,D
13:36:52,JSMR,RG,3820,25,D,AZ,OD,D
13:36:52,JSMR,RG,3820,12,D,AK,OD,D
13:36:52,JSMR,RG,3820,3,D,AK,OD,D
13:36:26,JSMR,RG,3820,10,D,AK,PD,D
13:36:26,JSMR,RG,3820,5,D,AZ,PD,D
13:36:06,JSMR,RG,3820,139,D,AZ,BB,D
13:36:05,JSMR,RG,3820,3,D,AZ,CS,F
13:35:31,JSMR,RG,3820,10,D,AZ,CC,D
13:35:18,JSMR,RG,3820,1,D,AZ,BB,D
13:34:49,JSMR,RG,3820,1,D,AZ,XL,D
13:34:44,JSMR,RG,3820,25,D,AZ,PD,D
13:34:34,JSMR,RG,3820,4,D,AZ,CS,F
13:34:05,JSMR,RG,3820,104,D,AZ,BB,D
13:33:16,JSMR,RG,3820,200,D,AZ,AG,D
13:32:31,JSMR,RG,3820,10,D,AZ,KK,D
13:32:24,JSMR,RG,3820,200,D,AZ,AG,D
13:31:26,JSMR,RG,3820,67,D,AZ,CS,D
13:31:26,JSMR,RG,3820,144,D,AZ,CS,D
13:31:26,JSMR,RG,3820,59,D,AZ,CS,D
13:31:26,JSMR,RG,3820,44,D,AZ,BB,D
13:31:26,JSMR,RG,3820,159,D,AZ,BK,F
13:31:26,JSMR,RG,3820,37,D,AZ,CS,D
13:31:26,JSMR,RG,3820,90,D,AZ,CS,D
13:31:26,JSMR,RG,3820,50,D,AZ,CS,D
13:31:26,JSMR,RG,3820,103,D,AZ,CS,D
13:31:26,JSMR,RG,3820,52,D,AZ,CS,D
13:31:26,JSMR,RG,3820,32,D,AZ,ZP,F
13:31:26,JSMR,RG,3820,3,D,AZ,BB,D
13:31:26,JSMR,RG,3820,12,D,AZ,ZP,D
13:31:26,JSMR,RG,3820,73,D,AZ,BK,F
13:31:26,JSMR,RG,3820,72,D,AZ,ZP,F
13:31:26,JSMR,RG,3820,71,D,AZ,DX,F
13:31:26,JSMR,RG,3820,73,D,AZ,CS,D
13:31:26,JSMR,RG,3820,2,D,AZ,CS,F
13:31:26,JSMR,RG,3820,155,D,AZ,AG,D
13:31:24,JSMR,RG,3810,2,D,BB,XC,D
13:31:20,JSMR,RG,3810,3,D,BB,CS,F
13:31:15,JSMR,RG,3820,1,D,XC,AG,D
13:31:10,JSMR,RG,3810,23,D,BB,DX,F
13:30:59,JSMR,RG,3810,2,D,BB,BB,D
13:30:43,JSMR,RG,3820,20,D,XL,AG,D
13:30:29,JSMR,RG,3820,1,D,XL,AG,D
13:30:09,JSMR,RG,3820,1,D,YP,AG,D
13:30:08,JSMR,RG,3820,2,D,CC,AG,D
13:30:07,JSMR,RG,3810,12,D,BB,YP,D
13:30:06,JSMR,RG,3820,31,D,AK,AG,D
13:30:03,JSMR,RG,3820,182,D,BB,AG,D
13:30:03,JSMR,RG,3820,5,D,ZP,AG,D
13:30:03,JSMR,RG,3820,10,D,PD,AG,D
13:30:03,JSMR,RG,3820,39,D,AZ,AG,D
13:30:03,JSMR,RG,3820,26,D,AZ,AG,D
13:30:03,JSMR,RG,3820,72,D,AZ,AG,D
13:30:03,JSMR,RG,3820,53,D,AZ,AG,D
13:30:03,JSMR,RG,3820,2,D,AZ,AG,D
13:30:02,JSMR,RG,3830,1,D,KK,CS,D
13:30:02,JSMR,RG,3820,5,D,AZ,YP,D
13:30:02,JSMR,RG,3830,3,D,YP,CS,D
13:30:02,JSMR,RG,3820,93,D,AZ,YP,D
13:30:02,JSMR,RG,3820,157,D,AZ,YP,D
13:30:01,JSMR,RG,3820,1,D,AZ,GR,D
13:30:01,JSMR,RG,3830,5,D,ZP,CS,D
11:29:52,JSMR,RG,3830,3,D,AK,CS,D
11:29:52,JSMR,RG,3830,1,D,AK,CS,D
11:29:33,JSMR,RG,3830,3,D,AK,CS,D
11:29:33,JSMR,RG,3830,1,D,AK,CS,D
11:29:31,JSMR,RG,3830,10,D,RX,CS,D
11:28:27,JSMR,RG,3820,17,D,BB,CS,D
11:28:26,JSMR,RG,3820,113,D,AZ,CS,D
11:28:15,JSMR,RG,3820,9,D,AZ,CS,D
11:28:15,JSMR,RG,3820,9,D,AZ,BB,D
11:28:15,JSMR,RG,3820,35,D,AZ,CS,D
11:28:15,JSMR,RG,3820,81,D,AZ,BK,F
11:28:15,JSMR,RG,3820,73,D,AZ,CS,D
11:28:15,JSMR,RG,3820,8,D,AZ,CC,D
11:28:15,JSMR,RG,3820,142,D,AZ,ZP,F
11:27:56,JSMR,RG,3820,100,D,AZ,ZP,F
11:27:56,JSMR,RG,3820,104,D,AZ,DX,F
11:27:56,JSMR,RG,3820,1,D,AZ,BB,D
11:27:56,JSMR,RG,3820,106,D,AZ,BK,F
11:27:56,JSMR,RG,3820,6,D,AZ,ZP,D
11:27:56,JSMR,RG,3820,4,D,AZ,CS,D
11:27:56,JSMR,RG,3820,10,D,AZ,BB,D
11:27:48,JSMR,RG,3810,3,D,BB,ZP,D
11:27:48,JSMR,RG,3820,6,D,BB,BB,D
11:27:48,JSMR,RG,3820,3,D,BB,CC,D
11:27:48,JSMR,RG,3820,3,D,BB,CC,D
11:27:45,JSMR,RG,3810,17,D,BB,BB,D
11:27:36,JSMR,RG,3810,12,D,BB,CC,D
11:27:27,JSMR,RG,3820,1,D,BB,CS,D
11:27:26,JSMR,RG,3820,1,D,EP,CS,D
11:27:26,JSMR,RG,3820,12,D,AK,CS,D
11:27:26,JSMR,RG,3820,14,D,AK,CS,D
11:27:26,JSMR,RG,3820,17,D,BB,CS,D
11:27:26,JSMR,RG,3820,54,D,BB,CS,D
11:27:26,JSMR,RG,3820,32,D,BB,CS,D
11:27:26,JSMR,RG,3820,30,D,BB,AK,F
11:27:24,JSMR,RG,3820,1,D,BB,XL,D
11:27:21,JSMR,RG,3820,11,D,BB,BK,F
11:27:17,JSMR,RG,3820,11,D,BB,BK,F
11:27:06,JSMR,RG,3820,12,D,BB,BK,F
11:27:01,JSMR,RG,3820,10,D,BB,ZP,F
11:27:01,JSMR,RG,3820,15,D,BB,BK,F
11:26:52,JSMR,RG,3830,21,D,AK,CS,D
11:26:41,JSMR,RG,3820,18,D,BB,BK,F
11:26:33,JSMR,RG,3820,2,D,BB,BB,D
11:26:25,JSMR,RG,3820,9,D,BB,BK,F
11:26:25,JSMR,RG,3820,6,D,AZ,BK,F
11:26:21,JSMR,RG,3820,13,D,AZ,BK,F
11:26:09,JSMR,RG,3820,92,D,AZ,CS,D
11:26:09,JSMR,RG,3820,83,D,AZ,CS,D
11:25:58,JSMR,RG,3820,22,D,AZ,BK,F
11:25:56,JSMR,RG,3820,17,D,AZ,BK,F
11:25:47,JSMR,RG,3820,1,D,AZ,ZP,D
11:25:45,JSMR,RG,3820,4,D,AZ,ZP,D
11:25:32,JSMR,RG,3820,24,D,AZ,BK,F
11:25:18,JSMR,RG,3820,10,D,AZ,ZP,F
11:25:16,JSMR,RG,3820,21,D,AZ,BK,F
11:25:07,JSMR,RG,3820,298,D,AZ,BB,D
11:24:52,JSMR,RG,3820,30,D,AZ,BK,F
11:24:40,JSMR,RG,3820,8,D,AZ,CC,D
11:24:32,JSMR,RG,3820,24,D,AZ,ZP,F
11:24:32,JSMR,RG,3820,23,D,AZ,BK,F
11:24:23,JSMR,RG,3820,12,D,AZ,BK,F
11:24:14,JSMR,RG,3820,13,D,AZ,BK,F
11:23:48,JSMR,RG,3820,23,D,AZ,DX,F
11:23:33,JSMR,RG,3820,27,D,AZ,BK,F
11:22:39,JSMR,RG,3820,34,D,AZ,BK,F
11:22:32,JSMR,RG,3820,13,D,AZ,BB,D
11:22:00,JSMR,RG,3820,1,D,AZ,CC,D
11:21:48,JSMR,RG,3820,11,D,AZ,CC,D
11:21:47,JSMR,RG,3820,24,D,AZ,ZP,F
11:21:47,JSMR,RG,3820,166,D,AZ,CS,D
11:21:47,JSMR,RG,3820,5,D,PD,CS,D
11:21:47,JSMR,RG,3820,10,D,XC,CS,D
11:21:47,JSMR,RG,3820,13,D,LG,CS,D
11:21:45,JSMR,RG,3820,7,D,LG,BK,F
11:21:45,JSMR,RG,3820,26,F,AK,BK,F
11:20:52,JSMR,RG,3820,26,F,AK,BK,F
11:20:52,JSMR,RG,3820,8,D,YB,BK,F
11:20:32,JSMR,RG,3820,1,D,YB,OD,D
11:20:16,JSMR,RG,3820,12,D,AK,ZP,F
11:20:05,JSMR,RG,3820,3,D,AK,BK,F
11:20:05,JSMR,RG,3820,26,D,AK,BK,F
11:19:37,JSMR,RG,3820,19,D,AK,AK,F
11:19:37,JSMR,RG,3820,2,D,ZP,AK,F
11:19:37,JSMR,RG,3820,52,D,RX,AK,F
11:19:37,JSMR,RG,3820,1,D,YP,AK,F
11:19:37,JSMR,RG,3820,3,D,PD,AK,F
11:19:37,JSMR,RG,3820,10,D,OD,AK,F
11:19:37,JSMR,RG,3820,1,D,YP,AK,F
11:19:37,JSMR,RG,3820,27,D,RX,AK,F
11:19:37,JSMR,RG,3820,31,D,RX,CS,D
11:19:37,JSMR,RG,3820,10,D,YP,CS,D
11:19:37,JSMR,RG,3820,5,D,DR,CS,D
11:19:37,JSMR,RG,3820,28,D,BB,CS,D
11:19:37,JSMR,RG,3820,5,D,DR,CS,D
11:19:37,JSMR,RG,3820,10,D,DR,CS,D
11:19:37,JSMR,RG,3820,14,D,BB,CS,D
11:19:37,JSMR,RG,3820,5,D,PD,CS,D
11:19:37,JSMR,RG,3820,1,D,YP,CS,D
11:19:37,JSMR,RG,3820,1,D,XC,CS,D
11:19:37,JSMR,RG,3820,11,D,NI,CS,D
11:19:37,JSMR,RG,3820,11,D,AZ,CS,D
11:19:36,JSMR,RG,3820,403,D,AZ,BB,D
11:19:32,JSMR,RG,3820,24,D,AZ,ZP,F
11:19:32,JSMR,RG,3820,23,D,AZ,DX,F
11:19:11,JSMR,RG,3820,34,D,AZ,BK,F
11:18:56,JSMR,RG,3820,10,D,AZ,CC,D
11:18:37,JSMR,RG,3830,47,D,AK,CS,D
11:18:36,JSMR,RG,3820,24,D,AZ,BK,F
11:18:13,JSMR,RG,3820,9,D,AZ,ZP,F
11:18:13,JSMR,RG,3820,200,D,AZ,CC,D
11:17:55,JSMR,RG,3820,25,D,AZ,BK,F
11:17:48,JSMR,RG,3820,16,D,AZ,ZP,F
11:17:37,JSMR,RG,3820,14,D,AZ,BK,F
11:17:02,JSMR,RG,3820,201,D,AZ,CS,D
11:16:58,JSMR,RG,3820,6,D,AZ,BK,F
11:16:58,JSMR,RG,3820,11,D,CC,BK,F
11:16:58,JSMR,RG,3820,1,D,YP,BK,F
11:16:58,JSMR,RG,3820,4,D,ZP,BK,F
11:16:46,JSMR,RG,3820,1,D,ZP,ZP,D
11:16:46,JSMR,RG,3820,1,D,DR,ZP,D
11:16:45,JSMR,RG,3820,2,D,DR,ZP,D
11:16:33,JSMR,RG,3820,12,D,DR,BK,F
11:16:33,JSMR,RG,3820,1,D,DR,BK,F
11:16:33,JSMR,RG,3820,4,D,SQ,BK,F
11:15:48,JSMR,RG,3820,11,D,SQ,CC,D
11:15:43,JSMR,RG,3820,5,D,SQ,BK,F
11:15:43,JSMR,RG,3820,27,D,KK,BK,F
11:15:24,JSMR,RG,3820,14,D,KK,BK,F
11:14:29,JSMR,RG,3820,35,D,KK,BK,F
11:14:18,JSMR,RG,3820,5,D,KK,BB,D
11:14:15,JSMR,RG,3820,19,D,KK,CS,D
11:14:15,JSMR,RG,3820,5,D,XC,CS,D
11:14:15,JSMR,RG,3820,4,D,YP,CS,D
11:14:15,JSMR,RG,3820,100,D,AI,CS,D
11:14:15,JSMR,RG,3820,35,D,AI,CS,D
11:14:15,JSMR,RG,3820,35,D,AI,CS,D
11:14:15,JSMR,RG,3820,51,D,AI,CS,D
11:14:15,JSMR,RG,3820,148,D,AI,CS,D
11:14:07,JSMR,RG,3820,15,D,AI,BK,F
11:13:22,JSMR,RG,3830,37,D,AK,CS,D
11:13:22,JSMR,RG,3830,8,D,AK,CS,D
11:13:19,JSMR,RG,3820,32,D,AI,BK,F
11:13:04,JSMR,RG,3820,51,D,AI,CS,D
11:13:04,JSMR,RG,3820,60,D,AI,CS,D
11:13:04,JSMR,RG,3820,39,D,AI,CS,D
11:12:46,JSMR,RG,3820,10,D,AI,CC,D
11:12:46,JSMR,RG,3820,22,D,AI,BK,F
11:12:16,JSMR,RG,3820,18,D,AI,BK,F
11:11:46,JSMR,RG,3820,21,D,AI,BK,F
11:11:28,JSMR,RG,3820,5,D,AI,ZP,D
11:11:27,JSMR,RG,3820,14,D,AI,BK,F
11:10:47,JSMR,RG,3820,126,D,AI,CS,D
11:10:46,JSMR,RG,3820,36,D,AI,CS,D
11:10:46,JSMR,RG,3820,4,D,AI,CS,D
11:10:46,JSMR,RG,3820,24,D,AI,CS,D
11:10:46,JSMR,RG,3820,85,D,AI,CS,D
11:10:38,JSMR,RG,3820,126,D,AI,AK,F
11:10:37,JSMR,RG,3820,32,D,AI,BK,F
11:10:19,JSMR,RG,3820,14,D,AI,BK,F
11:10:00,JSMR,RG,3820,3,D,AI,CC,D
11:09:50,JSMR,RG,3820,12,D,AI,CC,D
11:09:29,JSMR,RG,3820,35,D,AI,BK,F
11:08:58,JSMR,RG,3820,20,D,AI,BK,F
11:08:35,JSMR,RG,3820,13,D,AI,BB,D
11:08:35,JSMR,RG,3820,377,D,AI,BB,D
11:08:22,JSMR,RG,3830,44,D,AK,CS,D
11:06:44,JSMR,RG,3820,10,D,AI,CC,D
11:06:35,JSMR,RG,3830,11,D,RX,CS,D
11:06:28,JSMR,RG,3830,29,D,BB,CS,D
11:06:28,JSMR,RG,3830,23,D,BB,ZP,F
11:06:28,JSMR,RG,3830,81,D,BB,BK,F
11:06:26,JSMR,RG,3820,26,D,AI,BK,F
11:06:09,JSMR,RG,3830,3,D,NI,BK,F
11:06:04,JSMR,RG,3820,1,D,AI,PD,D
11:05:25,JSMR,RG,3820,36,D,AI,BK,F
11:05:20,JSMR,RG,3820,1,D,AI,PD,D
11:04:58,JSMR,RG,3820,20,D,AI,BK,F
11:04:38,JSMR,RG,3820,15,D,AI,BK,F
11:04:00,JSMR,RG,3820,14,D,AI,BK,F
11:04:00,JSMR,RG,3820,12,D,AI,BK,F
11:03:42,JSMR,RG,3820,11,D,AI,CC,D
11:03:08,JSMR,RG,3830,8,D,RX,BK,F
11:03:08,JSMR,RG,3830,36,D,RX,CS,D
11:03:07,JSMR,RG,3830,10,D,AK,CS,D
11:03:07,JSMR,RG,3830,39,D,AK,CS,D
11:03:01,JSMR,RG,3820,35,D,AI,BK,F
11:02:27,JSMR,RG,3820,1,D,AI,BK,F
11:02:27,JSMR,RG,3820,23,D,AI,BK,F
11:02:04,JSMR,RG,3820,19,D,AI,BK,F
11:01:22,JSMR,RG,3820,28,D,AI,BK,F
11:01:09,JSMR,RG,3830,20,D,RX,CS,D
11:00:55,JSMR,RG,3830,6,D,BB,CS,D
11:00:55,JSMR,RG,3830,39,D,BB,CS,D
11:00:55,JSMR,RG,3830,42,D,BB,CS,D
11:00:55,JSMR,RG,3830,11,D,BB,BK,F
11:00:55,JSMR,RG,3830,10,D,BB,ZP,D
11:00:55,JSMR,RG,3830,23,D,BB,CS,D
11:00:55,JSMR,RG,3830,2,D,BB,BB,D
11:00:55,JSMR,RG,3830,3,D,BB,DX,F
11:00:40,JSMR,RG,3820,9,D,AI,CC,D
11:00:36,JSMR,RG,3820,23,D,AI,BK,F
10:59:55,JSMR,RG,3820,31,D,AI,BK,F
10:59:45,JSMR,RG,3820,1,D,AI,PD,D
10:59:16,JSMR,RG,3820,29,D,AI,BK,F
10:58:52,JSMR,RG,3820,17,D,AI,BK,F
10:58:16,JSMR,RG,3820,3,D,AI,BK,F
10:58:16,JSMR,RG,3820,1,D,IF,BK,F
10:58:16,JSMR,RG,3820,1,D,PD,BK,F
10:58:16,JSMR,RG,3820,4,D,DH,BK,F
10:58:16,JSMR,RG,3820,19,D,AI,BK,F
10:58:14,JSMR,RG,3820,7,D,AI,BB,D
10:58:12,JSMR,RG,3820,3,D,AI,NI,D
10:57:55,JSMR,RG,3820,7,D,AI,ZP,D
10:57:53,JSMR,RG,3820,1,D,AI,ZP,D
10:57:46,JSMR,RG,3820,10,D,AI,CC,D
10:57:40,JSMR,RG,3820,10,D,AI,BK,F
10:57:40,JSMR,RG,3820,17,D,AI,BK,F
10:57:14,JSMR,RG,3820,23,D,AI,BB,D
10:57:14,JSMR,RG,3820,30,D,NI,BB,D
10:57:14,JSMR,RG,3820,44,D,AI,BB,D
10:56:55,JSMR,RG,3820,33,D,AI,BK,F
10:56:20,JSMR,RG,3820,30,D,AI,BK,F
10:55:52,JSMR,RG,3830,13,D,AK,DX,F
10:55:45,JSMR,RG,3820,23,D,AI,BK,F
10:55:17,JSMR,RG,3830,1,D,EP,DX,F
10:55:14,JSMR,RG,3830,26,D,BB,DX,F
10:55:14,JSMR,RG,3830,39,D,BB,CS,D
10:55:14,JSMR,RG,3830,49,D,BB,CS,D
10:55:14,JSMR,RG,3830,1,D,BB,CS,D
10:55:14,JSMR,RG,3830,18,D,BB,ZP,F
10:55:07,JSMR,RG,3830,9,D,PD,ZP,F
10:55:04,JSMR,RG,3820,32,D,AI,BK,F
10:54:46,JSMR,RG,3820,12,D,AI,CC,D
10:54:35,JSMR,RG,3820,7,D,AI,ZP,D
10:54:16,JSMR,RG,3820,39,D,AI,BK,F
10:53:48,JSMR,RG,3820,21,D,AI,BK,F
10:53:04,JSMR,RG,3820,36,D,AI,BK,F
10:52:37,JSMR,RG,3820,22,D,AI,BK,F
10:52:01,JSMR,RG,3820,29,D,AI,BK,F
10:51:53,JSMR,RG,3830,1,D,YP,ZP,F
10:51:44,JSMR,RG,3820,9,D,AI,CC,D
10:51:41,JSMR,RG,3820,16,D,AI,BK,F
10:51:10,JSMR,RG,3820,22,D,AI,BK,F
10:50:38,JSMR,RG,3820,19,D,AI,BK,F
10:50:15,JSMR,RG,3820,16,D,AI,BK,F
10:49:47,JSMR,RG,3820,16,D,AI,BK,F
10:49:42,JSMR,RG,3830,9,D,BB,ZP,F
10:49:42,JSMR,RG,3830,125,D,BB,BB,D
10:49:20,JSMR,RG,3820,1,D,AI,BB,D
10:49:06,JSMR,RG,3820,25,D,AI,BK,F
10:48:48,JSMR,RG,3820,11,D,AI,CC,D
10:48:26,JSMR,RG,3820,26,D,AI,BK,F
10:48:05,JSMR,RG,3820,14,D,AI,BK,F
10:46:34,JSMR,RG,3820,21,D,AI,XL,D
10:45:59,JSMR,RG,3820,9,D,AI,BB,D
10:45:50,JSMR,RG,3820,10,D,AI,CC,D
10:44:05,JSMR,RG,3830,45,D,BB,BB,D
10:44:05,JSMR,RG,3830,32,D,BB,CS,D
10:44:05,JSMR,RG,3830,19,D,BB,CS,D
10:44:05,JSMR,RG,3830,40,D,BB,CS,D
10:42:52,JSMR,RG,3820,11,D,AI,CC,D
10:42:44,JSMR,RG,3820,1,D,AI,PD,D
10:41:33,JSMR,RG,3830,5,D,CC,CS,D
10:40:22,JSMR,RG,3830,33,D,BB,CS,D
10:40:22,JSMR,RG,3830,34,D,BB,CS,D
10:40:22,JSMR,RG,3830,10,D,BB,CS,D
10:40:22,JSMR,RG,3830,110,D,BB,BK,F
10:40:22,JSMR,RG,3830,81,D,BB,ZP,F
10:40:22,JSMR,RG,3830,4,D,BB,BB,D
10:40:22,JSMR,RG,3830,10,D,BB,YP,D
10:40:22,JSMR,RG,3830,131,D,BB,CS,D
10:40:22,JSMR,RG,3830,13,D,BB,CS,D
10:40:22,JSMR,RG,3830,44,D,BB,CS,D
10:40:22,JSMR,RG,3830,23,D,BB,CS,D
10:40:22,JSMR,RG,3830,99,D,BB,BK,F
10:40:22,JSMR,RG,3830,1,D,BB,CC,D
10:40:22,JSMR,RG,3830,8,D,BB,CS,D
10:40:22,JSMR,RG,3830,34,D,BB,CS,D
10:40:22,JSMR,RG,3830,14,D,BB,CS,D
10:40:22,JSMR,RG,3830,2,D,BB,CS,D
10:40:22,JSMR,RG,3830,56,D,BB,CS,D
10:40:22,JSMR,RG,3830,27,D,BB,CS,D
10:40:22,JSMR,RG,3830,6,D,BB,CS,D
10:40:22,JSMR,RG,3830,49,D,BB,CS,D
10:40:22,JSMR,RG,3830,26,D,BB,CS,D
10:40:22,JSMR,RG,3830,9,D,BB,CS,D
10:40:22,JSMR,RG,3830,38,D,BB,CS,D
10:40:22,JSMR,RG,3830,1,D,BB,BB,D
10:40:22,JSMR,RG,3830,22,D,BB,DX,F
10:40:22,JSMR,RG,3830,115,D,BB,BK,F
10:40:17,JSMR,RG,3820,1,D,AI,BB,D
10:40:13,JSMR,RG,3820,11,D,AI,BK,F
10:40:03,JSMR,RG,3820,12,D,AI,BK,F
10:39:58,JSMR,RG,3820,12,D,AI,CC,D
10:39:45,JSMR,RG,3820,3,D,AI,BK,F
10:39:45,JSMR,RG,3820,15,D,AI,BK,F
10:39:34,JSMR,RG,3820,13,D,AI,BK,F
10:39:21,JSMR,RG,3820,13,D,AI,BK,F
10:39:14,JSMR,RG,3820,12,D,AI,BK,F
10:39:03,JSMR,RG,3820,12,D,AI,BK,F
10:38:35,JSMR,RG,3820,23,D,AI,BB,D
10:38:25,JSMR,RG,3830,41,D,BB,BK,F
10:38:25,JSMR,RG,3830,4,D,BB,BB,D
10:38:25,JSMR,RG,3830,18,D,BB,ZP,F
10:38:13,JSMR,RG,3820,13,D,AI,BK,F
10:38:11,JSMR,RG,3820,2,D,AI,BB,D
10:37:59,JSMR,RG,3820,20,D,AI,BK,F
10:37:49,JSMR,RG,3820,11,D,AI,BK,F
10:37:48,JSMR,RG,3820,27,D,AI,BB,D
10:37:39,JSMR,RG,3820,13,D,AI,BK,F
10:37:26,JSMR,RG,3820,13,D,AI,BK,F
10:37:25,JSMR,RG,3830,1,D,GR,ZP,F
10:37:13,JSMR,RG,3820,15,D,AI,BK,F
10:37:03,JSMR,RG,3820,13,D,AI,BK,F
10:37:00,JSMR,RG,3820,31,D,AI,BB,D
10:36:49,JSMR,RG,3820,17,D,AI,BK,F
10:36:42,JSMR,RG,3820,15,D,AI,BK,F
10:36:28,JSMR,RG,3820,16,D,AI,BK,F
10:36:18,JSMR,RG,3820,14,D,AI,BK,F
10:36:06,JSMR,RG,3820,31,D,AI,BB,D
10:36:05,JSMR,RG,3820,1,D,AI,BB,D
10:36:03,JSMR,RG,3820,18,D,AI,BK,F
10:35:57,JSMR,RG,3820,12,D,AI,BK,F
10:35:49,JSMR,RG,3830,8,D,BB,CC,D
10:35:46,JSMR,RG,3820,17,D,AI,BK,F
10:35:38,JSMR,RG,3820,12,D,AI,BK,F
10:35:31,JSMR,RG,3820,13,D,AI,BK,F
10:35:13,JSMR,RG,3820,47,D,AI,BB,D
10:34:20,JSMR,RG,3820,38,D,AI,BB,D
10:34:19,JSMR,RG,3830,1,D,BB,BB,D
10:34:18,JSMR,RG,3830,2,D,BB,BB,D
10:34:17,JSMR,RG,3830,4,D,BB,BB,D
10:34:16,JSMR,RG,3830,1,D,BB,CS,D
10:34:16,JSMR,RG,3830,1,D,BB,CS,D
10:34:16,JSMR,RG,3830,6,D,BB,ZP,F
10:34:15,JSMR,RG,3830,2,D,BB,ZP,F
10:34:15,JSMR,RG,3830,1,D,BB,BB,D
10:34:14,JSMR,RG,3830,3,D,BB,CC,D
10:34:13,JSMR,RG,3830,13,D,BB,BK,F
10:34:13,JSMR,RG,3830,11,D,BB,CS,D
10:34:02,JSMR,RG,3830,10,D,BB,CC,D
10:34:02,JSMR,RG,3830,1,D,YP,CC,D
10:34:01,JSMR,RG,3830,2,D,YP,BB,D
10:33:54,JSMR,RG,3830,1,D,YP,YP,D
10:33:50,JSMR,RG,3830,6,D,YP,CS,D
10:33:50,JSMR,RG,3830,20,D,DR,CS,D
10:33:50,JSMR,RG,3830,1,D,RX,CS,D
10:33:49,JSMR,RG,3830,16,D,RX,BK,F
10:33:31,JSMR,RG,3830,4,D,RX,YP,D
10:33:31,JSMR,RG,3830,1,D,BB,YP,D
10:33:01,JSMR,RG,3830,11,D,BB,AK,F
10:33:01,JSMR,RG,3830,18,D,BB,AK,F
10:33:00,JSMR,RG,3830,45,D,BB,BB,D
10:33:00,JSMR,RG,3830,20,D,BB,DX,F
10:33:00,JSMR,RG,3830,2,D,PD,DX,F
10:32:54,JSMR,RG,3830,19,D,PD,ZP,F
10:32:53,JSMR,RG,3830,14,D,PD,CS,D
10:32:53,JSMR,RG,3830,77,D,PD,CS,D
10:31:49,JSMR,RG,3830,17,D,PD,AK,F
10:31:46,JSMR,RG,3830,2,D,PD,BB,D
10:31:42,JSMR,RG,3830,46,D,PD,BB,D
10:31:23,JSMR,RG,3830,19,D,PD,ZP,F
10:31:06,JSMR,RG,3830,9,D,PD,CC,D
10:30:22,JSMR,RG,3830,49,D,PD,BB,D
10:29:38,JSMR,RG,3830,3,D,PD,BB,D
10:28:57,JSMR,RG,3830,12,D,PD,ZP,F
10:28:56,JSMR,RG,3830,31,D,PD,BB,D
10:28:56,JSMR,RG,3830,66,D,BB,BB,D
10:28:04,JSMR,RG,3830,29,D,BB,CS,D
10:28:04,JSMR,RG,3830,34,D,BB,CS,D
10:28:03,JSMR,RG,3830,5,D,BB,BB,D
10:28:03,JSMR,RG,3830,19,D,BB,DX,F
10:28:03,JSMR,RG,3830,5,D,BB,YP,D
10:28:03,JSMR,RG,3830,1,D,BB,BB,D
10:28:03,JSMR,RG,3830,192,D,BB,BK,F
10:28:03,JSMR,RG,3830,10,D,BB,CS,D
10:28:03,JSMR,RG,3830,10,D,BB,CS,D
10:28:03,JSMR,RG,3830,48,D,BB,ZP,F
10:28:03,JSMR,RG,3830,10,D,BB,CC,D
10:27:54,JSMR,RG,3820,3,D,AI,BK,F
10:27:54,JSMR,RG,3820,12,D,AI,BK,F
10:27:40,JSMR,RG,3820,73,D,AI,BB,D
10:27:40,JSMR,RG,3830,14,D,RX,BB,D
10:27:40,JSMR,RG,3830,13,D,BB,BB,D
10:27:40,JSMR,RG,3830,4,D,YP,BB,D
10:27:36,JSMR,RG,3830,12,D,YP,BK,F
10:27:32,JSMR,RG,3830,2,D,YP,BB,D
10:27:07,JSMR,RG,3830,7,D,YP,AK,F
10:24:38,JSMR,RG,3820,192,D,AI,BB,D
10:24:03,JSMR,RG,3830,61,D,BB,CS,D
10:24:03,JSMR,RG,3830,71,D,BB,CS,D
10:24:03,JSMR,RG,3830,1,D,BB,XC,D
10:24:03,JSMR,RG,3830,42,D,BB,CS,D
10:24:03,JSMR,RG,3830,18,D,BB,CS,D
10:24:03,JSMR,RG,3830,13,D,BB,BK,F
10:24:03,JSMR,RG,3830,11,D,BB,CC,D
10:24:03,JSMR,RG,3830,8,D,BB,CS,D
10:24:03,JSMR,RG,3830,12,D,BB,CS,D
10:24:03,JSMR,RG,3830,50,D,BB,IT,D
10:24:03,JSMR,RG,3830,29,D,BB,ZP,F
10:24:03,JSMR,RG,3830,24,D,BB,DX,F
10:22:24,JSMR,RG,3830,1,D,YP,ZP,F
10:22:18,JSMR,RG,3830,94,D,YP,BK,F
10:22:18,JSMR,RG,3830,10,D,YP,CS,D
10:22:18,JSMR,RG,3830,113,D,YP,BB,D
10:22:18,JSMR,RG,3830,19,D,YP,CS,D
10:22:18,JSMR,RG,3830,54,D,YP,CS,D
10:22:18,JSMR,RG,3830,44,D,YP,CS,D
10:22:18,JSMR,RG,3830,15,D,YP,DX,F
10:22:18,JSMR,RG,3830,1,D,YP,PD,D
10:22:18,JSMR,RG,3830,2,D,YP,BB,D
10:22:18,JSMR,RG,3830,19,D,YP,ZP,D
10:22:18,JSMR,RG,3830,143,D,YP,BK,F
10:22:18,JSMR,RG,3830,30,D,YP,CS,D
10:22:18,JSMR,RG,3830,5,D,YP,CS,D
10:22:18,JSMR,RG,3830,1,D,YP,CS,D
10:22:18,JSMR,RG,3830,48,D,YP,ZP,F
10:22:08,JSMR,RG,3820,4,D,AI,BB,D
10:22:08,JSMR,RG,3820,18,D,AI,BK,F
10:21:59,JSMR,RG,3820,11,D,AI,BK,F
10:21:49,JSMR,RG,3820,13,D,AI,BK,F
10:21:38,JSMR,RG,3820,11,D,AI,BK,F
10:21:30,JSMR,RG,3820,113,D,AI,BB,D
10:21:17,JSMR,RG,3820,19,D,AI,BK,F
10:21:04,JSMR,RG,3820,16,D,AI,BK,F
10:21:03,JSMR,RG,3830,14,D,BB,ZP,F
10:21:03,JSMR,RG,3830,1,D,BB,CS,D
10:21:03,JSMR,RG,3830,15,D,BB,BB,D
10:21:03,JSMR,RG,3830,10,D,BB,CC,D
10:21:03,JSMR,RG,3830,30,D,BB,CC,D
10:20:49,JSMR,RG,3820,18,D,AI,BK,F
10:20:49,JSMR,RG,3820,1,D,AZ,BK,F
10:20:35,JSMR,RG,3820,15,D,AZ,BK,F
10:20:33,JSMR,RG,3830,5,F,CC,CC,D
10:20:33,JSMR,RG,3830,15,D,BB,CC,D
10:20:32,JSMR,RG,3830,16,D,BB,ZP,F
10:20:30,JSMR,RG,3830,15,D,BB,DX,F
10:20:19,JSMR,RG,3830,13,D,EP,BK,F
10:20:19,JSMR,RG,3830,1,D,GR,BK,F
10:20:19,JSMR,RG,3830,2,F,CC,BK,F
10:20:19,JSMR,RG,3830,1,D,RX,BK,F
10:20:14,JSMR,RG,3830,11,D,RX,BK,F
10:20:14,JSMR,RG,3830,41,D,RX,AK,F
10:20:13,JSMR,RG,3830,10,D,RX,CS,D
10:20:13,JSMR,RG,3830,1,D,DR,CS,D
10:20:13,JSMR,RG,3830,1,D,DR,CS,D
10:20:13,JSMR,RG,3830,10,D,BB,CS,D
10:20:13,JSMR,RG,3830,58,D,BB,CS,D
10:20:13,JSMR,RG,3830,5,D,BB,CS,D
10:20:13,JSMR,RG,3830,35,D,BB,CS,D
10:20:13,JSMR,RG,3830,1,D,XC,CS,D
10:20:13,JSMR,RG,3830,10,D,OD,CS,D
10:20:13,JSMR,RG,3830,46,D,BB,CS,D
10:20:13,JSMR,RG,3830,36,D,BB,ZP,F
10:20:13,JSMR,RG,3830,53,D,BB,CS,D
10:20:13,JSMR,RG,3830,42,D,BB,CS,D
10:20:13,JSMR,RG,3830,8,D,BB,AK,F
10:20:05,JSMR,RG,3830,1,D,YP,PD,D
10:20:02,JSMR,RG,3830,11,D,YP,BK,F
10:19:52,JSMR,RG,3830,11,D,YP,BK,F
10:19:41,JSMR,RG,3830,16,D,YP,BK,F
10:19:31,JSMR,RG,3830,12,D,YP,BK,F
10:19:23,JSMR,RG,3830,13,D,YP,BK,F
10:19:16,JSMR,RG,3830,10,D,YP,CC,D
10:17:00,JSMR,RG,3830,4,D,YP,BB,D
10:16:12,JSMR,RG,3830,9,D,YP,CC,D
10:14:47,JSMR,RG,3830,100,D,YP,LG,D
10:13:20,JSMR,RG,3830,9,D,YP,CC,D
10:11:39,JSMR,RG,3840,22,D,BF,CS,D
10:11:39,JSMR,RG,3840,43,D,BF,CS,D
10:11:39,JSMR,RG,3840,16,D,BF,DX,F
10:11:39,JSMR,RG,3840,9,D,BF,BB,D
10:11:39,JSMR,RG,3840,10,D,BF,SQ,D
10:10:20,JSMR,RG,3830,8,D,YP,CC,D
10:09:05,JSMR,RG,3830,43,D,YP,YP,D
10:07:55,JSMR,RG,3840,1,D,XC,OD,D
10:07:38,JSMR,RG,3840,8,D,BB,CS,D
10:07:38,JSMR,RG,3840,37,D,BB,ZP,F
10:07:38,JSMR,RG,3840,31,D,BB,CS,D
10:07:38,JSMR,RG,3840,7,D,BB,ZP,F
10:07:38,JSMR,RG,3840,170,D,BB,BB,D
10:07:38,JSMR,RG,3840,2,D,BB,CC,D
10:07:38,JSMR,RG,3840,1,D,BB,YP,D
10:07:38,JSMR,RG,3840,50,D,BB,IT,D
10:07:38,JSMR,RG,3840,2,D,BB,EP,D
10:07:38,JSMR,RG,3840,3,D,BB,HP,D
10:07:38,JSMR,RG,3840,2,D,BB,XL,D
10:07:38,JSMR,RG,3840,22,D,BB,BB,D
10:07:38,JSMR,RG,3840,1,D,BB,KK,D
10:07:38,JSMR,RG,3840,1,D,BB,YP,D
10:07:38,JSMR,RG,3840,3,D,BB,LG,D
10:07:38,JSMR,RG,3840,1,D,BB,CC,D
10:07:38,JSMR,RG,3840,3,D,BB,KK,D
10:07:38,JSMR,RG,3840,1,D,BB,BB,D
10:07:38,JSMR,RG,3840,2,D,BB,LS,D
10:07:38,JSMR,RG,3840,50,D,BB,LS,D
10:07:38,JSMR,RG,3840,10,D,BB,DX,D
10:07:38,JSMR,RG,3840,5,D,BB,YP,D
10:07:38,JSMR,RG,3840,5,D,BB,YP,D
10:07:38,JSMR,RG,3840,5,D,BB,DH,D
10:07:38,JSMR,RG,3840,78,D,BB,CC,D
10:07:38,JSMR,RG,3840,15,D,YP,CC,D
10:07:11,JSMR,RG,3840,7,D,YP,CC,D
10:07:11,JSMR,RG,3840,5,D,YP,CC,D
10:07:11,JSMR,RG,3840,1,D,YP,KK,D
10:07:11,JSMR,RG,3840,8,D,YP,YP,D
10:06:52,JSMR,RG,3840,42,D,DR,YP,D
10:06:52,JSMR,RG,3840,10,D,DR,DR,D
10:06:52,JSMR,RG,3840,48,D,DR,KK,D
10:06:46,JSMR,RG,3830,1,D,YP,BB,D
10:06:40,JSMR,RG,3830,3,D,YP,ZP,F
10:06:40,JSMR,RG,3830,11,D,YP,CC,D
10:06:40,JSMR,RG,3830,12,D,YP,EP,D
10:06:40,JSMR,RG,3830,1,D,YP,BB,D
10:06:40,JSMR,RG,3830,19,D,YP,CS,D
10:06:40,JSMR,RG,3830,57,D,YP,CS,D
10:06:40,JSMR,RG,3830,10,D,YP,ZP,F
10:06:40,JSMR,RG,3830,22,D,YP,CS,D
10:06:40,JSMR,RG,3830,15,D,YP,DX,F
10:06:40,JSMR,RG,3830,4,D,YP,BB,D
10:06:40,JSMR,RG,3830,5,D,YP,ZP,D
10:05:27,JSMR,RG,3830,1,D,GR,ZP,D
10:04:53,JSMR,RG,3820,3,D,AZ,BB,D
10:03:59,JSMR,RG,3830,4,D,BB,ZP,D
10:03:59,JSMR,RG,3830,8,D,BB,CS,D
10:03:59,JSMR,RG,3830,8,D,BB,CS,D
10:03:59,JSMR,RG,3830,1,D,BB,BB,D
10:03:59,JSMR,RG,3830,7,D,BB,ZP,F
10:03:52,JSMR,RG,3820,23,D,AZ,BB,D
10:03:42,JSMR,RG,3830,24,D,BB,ZP,F
10:03:42,JSMR,RG,3830,9,D,BB,CC,D
10:03:42,JSMR,RG,3830,42,D,BB,CS,D
10:03:42,JSMR,RG,3830,27,D,BB,CS,D
10:03:42,JSMR,RG,3830,13,D,BB,ZP,F
10:03:42,JSMR,RG,3830,1,D,BB,CS,D
10:03:42,JSMR,RG,3830,19,D,BB,DX,F
10:03:42,JSMR,RG,3830,1,D,BB,XL,D
10:03:42,JSMR,RG,3830,10,D,BB,CS,D
10:03:42,JSMR,RG,3830,9,D,BB,ZP,F
10:03:42,JSMR,RG,3830,5,D,BB,BB,D
10:03:42,JSMR,RG,3830,10,D,BB,ZP,D
10:03:03,JSMR,RG,3820,26,D,AZ,BB,D
10:02:24,JSMR,RG,3820,3,D,AZ,SQ,D
10:02:18,JSMR,RG,3820,28,D,AZ,BB,D
10:01:39,JSMR,RG,3820,9,D,AZ,CC,D
10:01:28,JSMR,RG,3820,27,D,AZ,BB,D
10:01:25,JSMR,RG,3820,2,D,AZ,BB,D
10:00:41,JSMR,RG,3820,29,D,AZ,BB,D
10:00:27,JSMR,RG,3830,23,D,BB,CS,D
10:00:27,JSMR,RG,3830,27,D,RX,CS,D
09:59:52,JSMR,RG,3830,28,D,RX,BB,D
09:59:03,JSMR,RG,3830,16,D,RX,BB,D
09:59:03,JSMR,RG,3830,16,D,BB,BB,D
09:59:03,JSMR,RG,3830,1,D,YP,BB,D
09:59:03,JSMR,RG,3830,24,F,AK,BB,D
09:58:17,JSMR,RG,3830,49,F,AK,BB,D
09:58:17,JSMR,RG,3830,7,D,BB,BB,D
09:58:01,JSMR,RG,3830,3,D,BB,BB,D
09:57:45,JSMR,RG,3830,16,D,BB,CS,D
09:57:45,JSMR,RG,3830,25,D,PD,CS,D
09:57:44,JSMR,RG,3830,8,D,PD,CS,D
09:57:44,JSMR,RG,3830,8,D,PD,CS,D
09:57:44,JSMR,RG,3830,4,D,PD,BB,D
09:57:44,JSMR,RG,3830,5,D,PD,CC,D
09:57:40,JSMR,RG,3830,3,D,BB,CC,D
09:56:33,JSMR,RG,3820,20,D,AZ,BB,D
09:56:32,JSMR,RG,3830,16,D,BB,BB,D
09:56:32,JSMR,RG,3830,25,D,DR,BB,D
09:56:00,JSMR,RG,3830,1,D,BB,CS,D
09:55:59,JSMR,RG,3830,2,D,BB,CS,D
09:55:58,JSMR,RG,3830,4,D,BB,CS,D
09:55:58,JSMR,RG,3830,19,D,BB,CS,D
09:55:58,JSMR,RG,3830,23,D,BB,CS,D
09:55:58,JSMR,RG,3830,21,D,BB,DX,F
09:55:58,JSMR,RG,3830,3,D,BB,CC,D
09:55:58,JSMR,RG,3830,9,D,BB,CS,D
09:55:58,JSMR,RG,3830,9,D,BB,CS,D
09:55:55,JSMR,RG,3820,9,D,AZ,CC,D
09:54:46,JSMR,RG,3820,33,D,AZ,CS,D
09:54:46,JSMR,RG,3820,33,D,AZ,CS,D
09:54:46,JSMR,RG,3830,5,F,CC,CS,D
09:54:46,JSMR,RG,3830,28,D,PD,CS,D
09:54:46,JSMR,RG,3830,2,D,PD,BB,D
09:54:46,JSMR,RG,3830,50,D,AI,BB,D
09:54:46,JSMR,RG,3830,7,F,BK,BB,D
09:54:39,JSMR,RG,3840,2,D,ZP,KK,D
09:54:33,JSMR,RG,3830,3,F,BK,BB,D
09:53:31,JSMR,RG,3830,2,F,BK,NI,D
09:53:11,JSMR,RG,3830,15,F,BK,YP,D
09:53:03,JSMR,RG,3830,15,F,BK,DR,D
09:53:03,JSMR,RG,3830,59,F,BK,BB,D
09:52:53,JSMR,RG,3830,10,F,BK,CC,D
09:51:20,JSMR,RG,3820,40,D,AZ,CS,D
09:51:20,JSMR,RG,3830,20,D,YB,CS,D
09:51:20,JSMR,RG,3830,26,D,PD,CS,D
09:51:20,JSMR,RG,3830,4,D,PD,CS,D
09:51:20,JSMR,RG,3830,18,D,RX,CS,D
09:51:19,JSMR,RG,3830,58,D,RX,BB,D
09:51:00,JSMR,RG,3830,2,D,RX,BB,D
09:51:00,JSMR,RG,3830,2,D,RX,CC,D
09:51:00,JSMR,RG,3830,1,D,PD,CC,D
09:50:50,JSMR,RG,3830,13,D,PD,YP,D
09:49:37,JSMR,RG,3830,6,D,PD,BB,D
09:49:37,JSMR,RG,3830,50,D,DR,BB,D
09:48:04,JSMR,RG,3820,6,D,AZ,CC,D
09:47:56,JSMR,RG,3820,6,D,AZ,CS,D
09:47:55,JSMR,RG,3830,6,D,PD,CS,D
09:47:55,JSMR,RG,3830,14,D,PD,CS,D
09:47:37,JSMR,RG,3820,1,D,AZ,BB,D
09:47:00,JSMR,RG,3830,40,F,BK,BB,D
09:47:00,JSMR,RG,3830,1,F,BK,BB,D
09:46:46,JSMR,RG,3830,28,F,AK,CS,D
09:46:46,JSMR,RG,3830,41,F,AK,CS,D
09:46:46,JSMR,RG,3830,7,F,AK,ZP,D
09:46:46,JSMR,RG,3830,50,F,AK,BB,D
09:46:45,JSMR,RG,3830,56,D,PD,BB,D
09:46:45,JSMR,RG,3830,2,D,PD,LS,D
09:46:45,JSMR,RG,3830,20,D,PD,CS,D
09:46:45,JSMR,RG,3830,29,D,PD,CS,D
09:46:45,JSMR,RG,3830,1,D,PD,BB,D
09:46:45,JSMR,RG,3830,92,D,PD,YJ,D
09:46:41,JSMR,RG,3830,50,D,EP,YJ,D
09:46:09,JSMR,RG,3820,140,D,AZ,BB,D
09:46:05,JSMR,RG,3830,8,D,IF,YJ,D
09:46:05,JSMR,RG,3830,2,D,IF,ZP,D
09:44:16,JSMR,RG,3830,2,D,EP,ZP,D
09:43:51,JSMR,RG,3820,3,D,AZ,BB,D
09:43:41,JSMR,RG,3830,3,D,YP,ZP,D
09:43:07,JSMR,RG,3830,15,D,DR,CS,D
09:43:07,JSMR,RG,3830,32,D,DR,DX,F
09:43:07,JSMR,RG,3830,1,D,DR,CS,D
09:43:07,JSMR,RG,3830,1,D,DR,CS,D
09:43:07,JSMR,RG,3830,1,D,DR,CC,D
09:42:07,JSMR,RG,3820,100,D,AZ,BB,D
09:42:06,JSMR,RG,3820,41,D,AZ,BB,D
09:42:04,JSMR,RG,3830,3,D,DR,CS,D
09:42:04,JSMR,RG,3830,5,D,XL,CS,D
09:42:04,JSMR,RG,3830,25,D,OD,CS,D
09:42:04,JSMR,RG,3830,8,D,RX,CS,D
09:40:49,JSMR,RG,3840,10,D,PD,KK,D
09:40:31,JSMR,RG,3830,2,D,RX,LG,D
09:40:11,JSMR,RG,3830,3,D,RX,BB,D
09:39:52,JSMR,RG,3830,4,D,RX,CS,D
09:39:52,JSMR,RG,3830,1,D,PD,CS,D
09:39:52,JSMR,RG,3830,121,F,BK,CS,D
09:39:52,JSMR,RG,3830,74,F,BK,CS,D
09:38:20,JSMR,RG,3840,1,D,NI,KK,D
09:37:59,JSMR,RG,3820,63,D,AZ,BB,D
09:37:59,JSMR,RG,3830,22,D,RX,BB,D
09:37:59,JSMR,RG,3830,5,D,YB,BB,D
09:37:59,JSMR,RG,3830,10,D,ZP,BB,D
09:37:59,JSMR,RG,3830,1,D,DR,BB,D
09:37:59,JSMR,RG,3830,10,D,DR,BB,D
09:37:59,JSMR,RG,3830,30,D,YP,BB,D
09:37:53,JSMR,RG,3830,4,D,YP,SQ,D
09:37:08,JSMR,RG,3830,6,D,YP,XC,D
09:36:35,JSMR,RG,3830,3,D,YP,BB,D
09:34:50,JSMR,RG,3830,2,D,YP,XL,D
09:33:52,JSMR,RG,3830,61,D,YP,BB,D
09:33:22,JSMR,RG,3830,5,D,YP,EP,D
09:32:52,JSMR,RG,3830,3,D,YP,BB,D
09:32:30,JSMR,RG,3840,5,D,CC,KK,D
09:32:05,JSMR,RG,3840,5,D,XL,KK,D
09:31:49,JSMR,RG,3830,10,D,YP,AR,D
09:30:59,JSMR,RG,3830,30,D,YP,PD,D
09:29:54,JSMR,RG,3830,1,D,YP,YP,D
09:29:43,JSMR,RG,3830,30,D,YP,BB,D
09:29:40,JSMR,RG,3830,27,D,YP,YP,D
09:29:12,JSMR,RG,3830,5,D,YP,BB,D
09:28:46,JSMR,RG,3830,1,D,YP,AR,D
09:28:31,JSMR,RG,3830,1,D,YP,BB,D
09:28:31,JSMR,RG,3830,28,D,YP,BB,D
09:28:31,JSMR,RG,3830,100,D,YP,YJ,D
09:28:31,JSMR,RG,3830,3,D,YP,DR,D
09:28:02,JSMR,RG,3820,1,D,AZ,YB,D
09:28:01,JSMR,RG,3820,27,D,AZ,BB,D
09:26:20,JSMR,RG,3820,12,D,AZ,BB,D
09:25:24,JSMR,RG,3830,1,F,BK,XA,D
09:25:24,JSMR,RG,3830,19,F,BK,DX,F
09:25:24,JSMR,RG,3830,9,F,BK,BB,D
09:25:08,JSMR,RG,3830,15,F,CC,BB,D
09:25:02,JSMR,RG,3830,1,D,BB,YU,D
09:25:02,JSMR,RG,3830,18,D,BB,DX,F
09:25:02,JSMR,RG,3830,24,D,BB,BB,D
09:25:02,JSMR,RG,3830,100,D,BB,DR,D
09:25:02,JSMR,RG,3830,5,D,BB,YP,D
09:25:02,JSMR,RG,3830,252,D,BB,AG,D
09:24:35,JSMR,RG,3820,27,D,AZ,BB,D
09:24:11,JSMR,RG,3830,25,D,DX,AG,D
09:23:54,JSMR,RG,3820,1,D,AZ,BB,D
09:23:48,JSMR,RG,3820,31,D,AZ,BB,D
09:23:29,JSMR,RG,3830,23,F,CC,AG,D
09:23:13,JSMR,RG,3830,8,F,CC,ZP,D
09:23:12,JSMR,RG,3830,1,D,YP,ZP,D
09:23:11,JSMR,RG,3830,15,D,YP,NI,D
09:23:11,JSMR,RG,3830,9,D,YP,ZP,D
09:23:11,JSMR,RG,3830,75,D,YP,CC,D
09:23:11,JSMR,RG,3830,1,D,YP,BB,D
09:23:11,JSMR,RG,3830,149,D,YP,YP,D
09:23:01,JSMR,RG,3820,3,D,AZ,XL,D
09:22:55,JSMR,RG,3830,1,D,XL,YP,D
09:22:54,JSMR,RG,3820,33,D,AZ,BB,D
09:22:08,JSMR,RG,3830,8,D,YP,YP,D
09:22:05,JSMR,RG,3830,5,D,KK,YP,D
09:22:05,JSMR,RG,3830,25,D,DX,YP,D
09:22:05,JSMR,RG,3830,73,D,RX,YP,D
09:21:56,JSMR,RG,3830,30,D,RX,BB,D
09:21:46,JSMR,RG,3830,1,D,RX,KK,D
09:21:04,JSMR,RG,3820,21,D,AZ,BB,D
09:20:23,JSMR,RG,3830,1,D,AZ,XC,D
09:20:19,JSMR,RG,3830,18,D,DX,DX,F
09:20:19,JSMR,RG,3830,2,D,DX,KK,D
09:20:19,JSMR,RG,3830,5,D,DX,BB,D
09:20:18,JSMR,RG,3820,49,D,AZ,BB,D
09:20:12,JSMR,RG,3830,22,F,CC,BB,D
09:20:04,JSMR,RG,3830,5,D,PD,BB,D
09:20:02,JSMR,RG,3830,20,D,YP,BB,D
09:19:46,JSMR,RG,3830,14,D,RX,BB,D
09:19:44,JSMR,RG,3830,76,D,OD,BB,D
09:19:44,JSMR,RG,3830,424,D,OD,CC,D
09:19:42,JSMR,RG,3830,15,D,YP,CC,D
09:19:42,JSMR,RG,3830,2,D,YP,CC,D
09:19:19,JSMR,RG,3830,6,D,YP,BB,D
09:19:19,JSMR,RG,3830,1,D,YP,AR,D
09:19:19,JSMR,RG,3830,2,D,YP,XC,D
09:19:19,JSMR,RG,3830,9,D,YP,CC,D
09:19:09,JSMR,RG,3830,11,D,SQ,CC,D
09:19:09,JSMR,RG,3830,1,D,SQ,KK,D
09:19:09,JSMR,RG,3830,1,D,SQ,OD,D
09:19:09,JSMR,RG,3830,5,D,SQ,YP,D
09:19:09,JSMR,RG,3830,8,D,SQ,PD,D
09:19:09,JSMR,RG,3830,4,D,SQ,BB,D
09:18:52,JSMR,RG,3830,3,D,PD,BB,D
09:18:52,JSMR,RG,3830,1,D,PD,XC,D
09:18:52,JSMR,RG,3830,4,D,KK,XC,D
09:17:25,JSMR,RG,3830,5,D,YB,XC,D
09:17:25,JSMR,RG,3830,2,D,YB,DX,F
09:17:20,JSMR,RG,3830,3,D,KK,DX,F
09:15:30,JSMR,RG,3830,15,D,BB,DX,F
09:15:30,JSMR,RG,3830,69,D,BB,BB,D
09:15:30,JSMR,RG,3830,14,D,BB,OD,D
09:15:30,JSMR,RG,3830,1,D,BB,KK,D
09:15:30,JSMR,RG,3830,30,D,BB,KK,D
09:15:30,JSMR,RG,3830,100,D,BB,SQ,D
09:15:30,JSMR,RG,3830,1,D,BB,YP,D
09:15:30,JSMR,RG,3830,1,D,BB,BB,D
09:15:30,JSMR,RG,3830,2,D,BB,CC,D
09:15:30,JSMR,RG,3830,67,D,BB,DR,D
09:15:22,JSMR,RG,3820,1,D,AZ,BB,D
09:15:00,JSMR,RG,3830,2,D,PD,DR,D
09:14:56,JSMR,RG,3830,10,D,OD,DR,D
09:14:22,JSMR,RG,3830,121,D,XC,DR,D
09:14:22,JSMR,RG,3830,8,D,XC,BB,D
09:14:22,JSMR,RG,3830,1,D,XC,DX,D
09:13:52,JSMR,RG,3820,1,D,AZ,BB,D
09:13:43,JSMR,RG,3820,2,D,AZ,YU,D
09:13:40,JSMR,RG,3820,74,D,AZ,BB,D
09:13:20,JSMR,RG,3830,1,D,CC,DX,D
09:12:48,JSMR,RG,3820,1,D,AZ,KK,D
09:12:44,JSMR,RG,3820,5,D,AZ,NI,D
09:12:40,JSMR,RG,3830,10,D,EP,DX,D
09:12:20,JSMR,RG,3830,1,D,PD,DX,D
09:12:17,JSMR,RG,3820,1,D,AZ,BB,D
09:12:10,JSMR,RG,3830,4,D,PD,DX,D
09:11:58,JSMR,RG,3820,1,D,AZ,NI,D
09:11:40,JSMR,RG,3820,1,D,AZ,KK,D
09:11:30,JSMR,RG,3820,47,D,AZ,BB,D
09:11:30,JSMR,RG,3820,23,D,DR,BB,D
09:10:57,JSMR,RG,3820,2,D,DR,IF,D
09:10:36,JSMR,RG,3830,33,D,AG,DX,D
09:10:36,JSMR,RG,3830,20,D,AG,DX,F
09:10:36,JSMR,RG,3830,1,D,AG,BB,D
09:10:36,JSMR,RG,3830,89,D,AG,LG,D
09:10:36,JSMR,RG,3830,100,D,AG,YP,D
09:10:36,JSMR,RG,3830,50,D,AG,YP,D
09:10:36,JSMR,RG,3830,7,D,AG,DR,D
09:10:17,JSMR,RG,3830,2,D,PD,DR,D
09:09:49,JSMR,RG,3830,5,D,KK,DR,D
09:09:47,JSMR,RG,3830,2,D,PD,DR,D
09:09:47,JSMR,RG,3830,2,D,HP,DR,D
09:09:47,JSMR,RG,3830,18,D,KK,DR,D
09:09:47,JSMR,RG,3830,39,D,RX,DR,D
09:09:37,JSMR,RG,3830,5,D,RX,YP,D
09:09:28,JSMR,RG,3830,1,D,RX,BB,D
09:09:27,JSMR,RG,3830,10,D,RX,AZ,D
09:09:26,JSMR,RG,3830,1,D,RX,YP,D
09:09:03,JSMR,RG,3830,12,D,RX,XC,D
09:09:03,JSMR,RG,3830,1,D,RX,KK,D
09:08:19,JSMR,RG,3830,4,D,RX,YP,D
09:08:17,JSMR,RG,3830,5,D,RX,CC,D
09:08:11,JSMR,RG,3830,1,D,RX,BB,D
09:08:10,JSMR,RG,3830,1,D,RX,XC,D
09:07:19,JSMR,RG,3840,23,D,RX,KK,D
09:07:18,JSMR,RG,3840,6,F,YU,KK,D
09:07:18,JSMR,RG,3840,10,F,YU,LS,D
09:07:18,JSMR,RG,3840,1,F,YU,YP,D
09:07:18,JSMR,RG,3840,1,F,YU,YP,D
09:07:18,JSMR,RG,3840,1,F,YU,PD,D
09:07:18,JSMR,RG,3840,1,F,YU,YP,D
09:07:18,JSMR,RG,3840,5,F,YU,YP,D
09:06:57,JSMR,RG,3830,3,D,RX,BB,D
09:06:56,JSMR,RG,3830,50,F,AK,DX,F
09:06:56,JSMR,RG,3830,5,F,AK,YP,D
09:06:56,JSMR,RG,3830,10,F,AK,SQ,D
09:06:56,JSMR,RG,3830,279,F,AK,YP,D
09:06:55,JSMR,RG,3830,147,D,AG,YP,D
09:06:55,JSMR,RG,3830,65,D,AG,BB,D
09:06:55,JSMR,RG,3830,10,D,AG,AT,D
09:06:55,JSMR,RG,3830,1,D,AG,OD,D
09:06:55,JSMR,RG,3830,1,D,AG,YP,D
09:06:55,JSMR,RG,3830,2,D,AG,PD,D
09:06:55,JSMR,RG,3830,19,D,AG,DX,F
09:06:55,JSMR,RG,3830,2,D,AG,KK,D
09:06:55,JSMR,RG,3830,10,D,AG,CC,D
09:06:55,JSMR,RG,3830,43,D,AG,GR,D
09:06:54,JSMR,RG,3820,1,D,RX,BB,D
09:06:45,JSMR,RG,3820,5,D,RX,YP,D
09:06:41,JSMR,RG,3820,19,D,RX,EP,D
09:06:41,JSMR,RG,3820,4,D,RX,XC,D
09:06:40,JSMR,RG,3820,2,D,RX,CC,D
09:06:40,JSMR,RG,3820,26,D,DR,CC,D
09:06:40,JSMR,RG,3820,2,D,CC,CC,D
09:06:40,JSMR,RG,3820,3,D,AI,CC,D
09:06:38,JSMR,RG,3820,2,D,AI,KK,D
09:06:37,JSMR,RG,3820,25,D,AI,AK,F
09:06:37,JSMR,RG,3820,30,D,AI,AK,F
09:06:37,JSMR,RG,3820,12,D,AI,AK,F
09:06:37,JSMR,RG,3820,18,D,AI,AK,F
09:06:37,JSMR,RG,3820,101,D,BB,AK,F
09:06:36,JSMR,RG,3820,55,D,BB,YU,D
09:06:36,JSMR,RG,3820,5,D,RX,YU,D
09:06:36,JSMR,RG,3820,40,D,AI,YU,D
09:06:35,JSMR,RG,3820,60,D,AI,AK,F
09:06:35,JSMR,RG,3820,61,D,RX,AK,F
09:06:32,JSMR,RG,3820,3,D,RX,BB,D
09:06:32,JSMR,RG,3820,42,D,AZ,BB,D
09:06:25,JSMR,RG,3820,100,D,AZ,KK,D
09:06:24,JSMR,RG,3820,250,D,AZ,AK,F
09:06:23,JSMR,RG,3820,250,D,AZ,AK,F
09:06:22,JSMR,RG,3820,5,D,AZ,LG,D
09:06:20,JSMR,RG,3820,10,D,AZ,CC,D
09:06:04,JSMR,RG,3820,1,D,AZ,OD,D
09:06:00,JSMR,RG,3820,20,D,AZ,CC,D
09:05:41,JSMR,RG,3820,1,D,AZ,BB,D
09:05:27,JSMR,RG,3820,40,D,AZ,BQ,D
09:05:19,JSMR,RG,3820,2,D,AZ,NI,D
09:05:15,JSMR,RG,3820,43,D,AZ,BB,D
09:05:00,JSMR,RG,3820,2,D,AZ,KK,D
09:04:27,JSMR,RG,3820,5,D,AZ,YP,D
09:04:20,JSMR,RG,3820,1,D,AZ,BB,D
09:04:01,JSMR,RG,3830,3,D,XC,GR,D
09:04:00,JSMR,RG,3820,28,D,AZ,BB,D
09:03:54,JSMR,RG,3830,1,D,RX,GR,D
09:03:52,JSMR,RG,3820,1,D,AZ,KK,D
09:03:51,JSMR,RG,3830,3,D,CC,GR,D
09:03:29,JSMR,RG,3830,2,D,XC,AK,F
09:03:29,JSMR,RG,3830,12,D,RX,AK,F
09:03:29,JSMR,RG,3830,54,D,RX,AK,F
09:03:27,JSMR,RG,3830,7,D,RX,YP,D
09:03:14,JSMR,RG,3830,5,D,RX,XC,D
09:02:51,JSMR,RG,3830,26,D,RX,AK,F
09:02:50,JSMR,RG,3830,2,D,RX,AK,F
09:02:50,JSMR,RG,3830,248,D,BB,AK,F
09:02:43,JSMR,RG,3830,2,D,BB,BB,D
09:02:41,JSMR,RG,3830,220,D,BB,AK,F
09:02:41,JSMR,RG,3830,6,D,BB,BB,D
09:02:41,JSMR,RG,3830,16,D,BB,CC,D
09:02:41,JSMR,RG,3830,1,D,BB,BB,D
09:02:41,JSMR,RG,3830,5,D,BB,AT,D
09:02:41,JSMR,RG,3830,2,D,BB,KK,D
09:02:31,JSMR,RG,3830,1,D,YP,BB,D
09:02:27,JSMR,RG,3830,5,D,LG,BB,D
09:02:15,JSMR,RG,3830,1,D,PD,PD,D
09:01:52,JSMR,RG,3830,10,D,CC,DR,D
09:01:52,JSMR,RG,3830,10,D,CC,CC,D
09:01:30,JSMR,RG,3830,40,D,CC,CC,D
09:01:30,JSMR,RG,3830,25,D,CC,SQ,D
09:01:30,JSMR,RG,3830,1,D,CC,YP,D
09:01:30,JSMR,RG,3830,5,D,CC,YP,D
09:01:29,JSMR,RG,3820,2,D,AZ,KK,D
09:01:25,JSMR,RG,3820,1,D,AZ,PD,D
09:01:25,JSMR,RG,3820,10,D,AZ,DR,D
09:01:25,JSMR,RG,3820,1,D,AZ,YP,D
09:01:25,JSMR,RG,3820,21,D,AZ,BB,D
09:00:44,JSMR,RG,3820,15,D,OD,BB,D
09:00:39,JSMR,RG,3800,2,D,AI,YP,D
09:00:37,JSMR,RG,3800,1,D,AI,BB,D
09:00:32,JSMR,RG,3820,40,D,RX,DX,F
09:00:32,JSMR,RG,3820,42,D,RX,CC,D
09:00:30,JSMR,RG,3810,14,D,RX,RX,D
09:00:30,JSMR,RG,3820,50,D,CC,CC,D
09:00:27,JSMR,RG,3820,5,D,RX,CC,D
09:00:26,JSMR,RG,3820,2,D,RX,CC,D
09:00:25,JSMR,RG,3820,27,D,RX,CC,D
09:00:25,JSMR,RG,3810,1,D,RX,RX,D
09:00:24,JSMR,RG,3820,12,D,RX,CC,D
09:00:24,JSMR,RG,3810,6,D,RX,RX,D
09:00:23,JSMR,RG,3810,27,D,RX,RX,D
09:00:21,JSMR,RG,3810,5,D,RX,RX,D
09:00:19,JSMR,RG,3820,162,D,BB,CC,D
09:00:19,JSMR,RG,3820,11,D,BB,BB,D
09:00:19,JSMR,RG,3820,12,D,BB,RX,D
09:00:19,JSMR,RG,3820,1,D,BB,PD,D
09:00:19,JSMR,RG,3820,61,D,BB,PD,D
09:00:19,JSMR,RG,3820,1,D,BB,YP,D
09:00:19,JSMR,RG,3820,5,D,BB,YP,D
09:00:19,JSMR,RG,3810,247,D,BB,CC,D
09:00:18,JSMR,RG,3810,40,D,RX,CC,D
09:00:18,JSMR,RG,3810,13,D,RX,CC,D
09:00:15,JSMR,RG,3810,19,D,RX,RX,D
09:00:15,JSMR,RG,3810,20,D,BQ,RX,D
09:00:15,JSMR,RG,3810,6,D,BQ,RX,D
09:00:12,JSMR,RG,3810,6,D,BQ,BB,D
09:00:11,JSMR,RG,3810,8,D,BQ,RX,D
09:00:09,JSMR,RG,3800,2,D,AI,XC,D
09:00:07,JSMR,RG,3810,20,F,AK,PD,D
09:00:05,JSMR,RG,3810,1,F,AK,YJ,D
09:00:05,JSMR,RG,3810,1,F,AK,PD,D
09:00:05,JSMR,RG,3810,1,F,AK,YP,D
09:00:05,JSMR,RG,3810,25,F,AK,SQ,D
09:00:05,JSMR,RG,3810,20,F,AK,RX,D
09:00:05,JSMR,RG,3810,1,F,AK,YP,D
09:00:05,JSMR,RG,3810,5,F,AK,YP,D
09:00:04,JSMR,RG,3800,1,D,AI,SQ,D
09:00:04,JSMR,RG,3800,21,D,AI,RX,D
09:00:04,JSMR,RG,3810,100,F,AK,KK,D
09:00:04,JSMR,RG,3810,12,F,AK,EP,D
09:00:03,JSMR,RG,3800,13,D,AI,KK,D
09:00:03,JSMR,RG,3800,1,D,AI,YP,D
09:00:03,JSMR,RG,3800,1,D,AI,YP,D
09:00:03,JSMR,RG,3800,1,D,AI,YP,D
09:00:03,JSMR,RG,3800,1,D,AI,YP,D
09:00:03,JSMR,RG,3800,1,D,AI,YP,D
09:00:03,JSMR,RG,3800,1,D,AI,YP,D
09:00:03,JSMR,RG,3800,3,D,AI,XC,D
09:00:02,JSMR,RG,3800,1,D,AI,NI,D
09:00:02,JSMR,RG,3800,1,D,AI,NI,D
09:00:02,JSMR,RG,3800,10,D,AI,EP,D
09:00:00,JSMR,RG,3800,12,D,AI,EP,D
09:00:00,JSMR,RG,3800,100,D,AI,PS,D
