Time,Stock,Brd,Price,Qty,BT,BC,SC,ST
15:14:09,JSMR,RG,3750,180,D,NI,HP,D
15:13:14,JSMR,RG,3750,20,D,NI,CC,D
15:11:50,JSMR,RG,3750,20,D,NI,NI,D
15:11:37,JSMR,RG,3750,10,D,NI,CC,D
15:10:56,JSMR,RG,3750,1,D,NI,NI,D
15:10:34,JSMR,RG,3750,10,D,NI,CC,D
15:10:33,JSMR,RG,3750,5,D,NI,LG,D
15:10:13,JSMR,RG,3750,9,D,NI,IF,D
15:09:19,JSMR,RG,3750,20,D,NI,IF,D
15:08:44,JSMR,RG,3750,10,D,NI,DR,D
15:08:43,JSMR,RG,3750,50,D,NI,KK,D
15:08:34,JSMR,RG,3750,10,D,NI,CC,D
15:08:00,JSMR,RG,3750,30,D,NI,IF,D
15:07:55,JSMR,RG,3750,1,D,NI,PD,D
15:07:24,JSMR,RG,3750,30,D,NI,GR,D
15:07:12,JSMR,RG,3750,198,D,NI,AZ,D
15:06:47,JSMR,RG,3750,300,D,NI,PD,D
15:06:44,JSMR,RG,3750,10,D,NI,CC,D
15:06:20,JSMR,RG,3750,30,D,NI,XC,D
15:06:18,JSMR,RG,3750,50,D,NI,YP,D
15:05:01,JSMR,RG,3750,1,D,NI,DH,D
15:04:36,JSMR,RG,3750,10,D,NI,XL,D
15:04:20,JSMR,RG,3750,25,D,NI,YB,D
15:04:06,JSMR,RG,3750,28,D,NI,CC,D
15:03:18,JSMR,RG,3750,20,D,NI,DR,D
15:02:41,JSMR,RG,3750,1,D,NI,XC,D
15:01:14,JSMR,RG,3750,1,D,NI,YP,D
15:01:00,JSMR,RG,3750,30,D,NI,GR,D
15:00:00,JSMR,RG,3750,60,D,NI,YP,D
15:00:00,JSMR,RG,3750,5,D,NI,NI,D
15:00:00,JSMR,RG,3750,5,D,NI,AZ,D
15:00:00,JSMR,RG,3750,50,D,NI,YP,D
15:00:00,JSMR,RG,3750,17,D,NI,AI,D
15:00:00,JSMR,RG,3750,8,D,YU,AI,D
15:00:00,JSMR,RG,3750,3,D,YU,YP,D
15:00:00,JSMR,RG,3750,50,D,YU,NI,D
15:00:00,JSMR,RG,3750,2,D,YU,PD,D
15:00:00,JSMR,RG,3750,3,D,YU,DR,D
15:00:00,JSMR,RG,3750,3,D,YU,EP,D
15:00:00,JSMR,RG,3750,20,D,YU,GR,D
15:00:00,JSMR,RG,3750,5,D,YU,YP,D
15:00:00,JSMR,RG,3750,40,D,YU,XC,D
15:00:00,JSMR,RG,3750,1,D,YU,YP,D
15:00:00,JSMR,RG,3750,1,D,YU,NI,D
15:00:00,JSMR,RG,3750,1,D,YU,DR,D
15:00:00,JSMR,RG,3750,7,D,YU,YP,D
15:00:00,JSMR,RG,3750,1,D,YU,XC,D
15:00:00,JSMR,RG,3750,28,D,YU,OD,D
15:00:00,JSMR,RG,3750,327,D,YU,OD,D
15:00:00,JSMR,RG,3750,173,D,YU,OD,D
15:00:00,JSMR,RG,3750,5,D,YU,GR,D
15:00:00,JSMR,RG,3750,98,D,YU,OD,D
15:00:00,JSMR,RG,3750,251,F,AK,OD,D
15:00:00,JSMR,RG,3750,43,F,BK,OD,D
15:00:00,JSMR,RG,3750,351,D,CS,OD,D
15:00:00,JSMR,RG,3750,663,D,OD,OD,D
15:00:00,JSMR,RG,3750,20,D,OD,CC,D
15:00:00,JSMR,RG,3750,4,D,OD,KK,D
15:00:00,JSMR,RG,3750,2,D,OD,XL,D
15:00:00,JSMR,RG,3750,8,D,OD,CC,D
15:00:00,JSMR,RG,3750,100,D,OD,PD,D
15:00:00,JSMR,RG,3750,321,D,OD,DR,D
15:00:00,JSMR,RG,3750,279,D,OD,DR,D
15:00:00,JSMR,RG,3750,3,D,OD,BQ,D
15:00:00,JSMR,RG,3750,15,D,OD,YB,D
15:00:00,JSMR,RG,3750,7,D,OD,PD,D
15:00:00,JSMR,RG,3750,100,D,OD,AT,D
15:00:00,JSMR,RG,3750,100,D,OD,OK,D
15:00:00,JSMR,RG,3750,6,D,OD,YP,D
15:00:00,JSMR,RG,3750,29,D,OD,KK,D
15:00:00,JSMR,RG,3750,11,D,OD,CC,D
15:00:00,JSMR,RG,3750,30,D,OD,YB,D
15:00:00,JSMR,RG,3750,30,D,OD,DR,D
15:00:00,JSMR,RG,3750,2,D,OD,HP,D
15:00:00,JSMR,RG,3750,1,D,OD,DH,D
15:00:00,JSMR,RG,3750,15,D,OD,GR,D
15:00:00,JSMR,RG,3750,1,D,OD,XC,D
15:00:00,JSMR,RG,3750,2,D,OD,YU,F
15:00:00,JSMR,RG,3750,2,D,OD,YU,F
15:00:00,JSMR,RG,3750,19,D,OD,YU,F
15:00:00,JSMR,RG,3750,1,D,OD,YU,F
15:00:00,JSMR,RG,3750,30,D,OD,YU,F
14:49:48,JSMR,RG,3740,1,D,SQ,EP,D
14:49:32,JSMR,RG,3740,20,F,BK,YU,F
14:49:32,JSMR,RG,3740,4,F,BK,BK,F
14:49:32,JSMR,RG,3740,10,F,BK,GR,D
14:49:32,JSMR,RG,3740,4,F,BK,XC,D
14:49:32,JSMR,RG,3740,45,F,BK,LG,D
14:49:32,JSMR,RG,3740,5,F,BK,CC,D
14:49:32,JSMR,RG,3740,32,F,BK,BK,F
14:49:32,JSMR,RG,3740,10,F,BK,DR,D
14:49:32,JSMR,RG,3740,220,F,BK,DR,D
14:49:31,JSMR,RG,3740,20,D,YP,DR,D
14:49:19,JSMR,RG,3730,1,D,YU,NI,D
14:48:36,JSMR,RG,3730,4,D,YU,LG,D
14:48:27,JSMR,RG,3740,60,F,AK,DR,D
14:48:27,JSMR,RG,3740,7,F,AK,CC,F
14:48:26,JSMR,RG,3730,2,D,YU,PD,D
14:48:02,JSMR,RG,3730,7,D,YU,NI,D
14:47:48,JSMR,RG,3730,4,D,YU,BK,F
14:47:45,JSMR,RG,3740,3,F,AK,CC,F
14:47:45,JSMR,RG,3740,1,F,AK,XC,D
14:47:45,JSMR,RG,3740,68,F,AK,OD,D
14:47:23,JSMR,RG,3740,10,D,YP,OD,D
14:47:08,JSMR,RG,3740,1,D,CC,OD,D
14:47:05,JSMR,RG,3730,68,D,YU,YU,F
14:46:50,JSMR,RG,3730,14,D,YU,YU,F
14:46:46,JSMR,RG,3730,20,D,YU,YU,F
14:46:38,JSMR,RG,3730,104,D,YU,KK,D
14:46:38,JSMR,RG,3730,26,D,CC,KK,D
14:46:36,JSMR,RG,3730,24,D,CC,YU,F
14:45:56,JSMR,RG,3740,921,D,YU,OD,D
14:45:56,JSMR,RG,3740,25,D,YU,KK,D
14:45:56,JSMR,RG,3740,2,D,YU,PD,D
14:45:56,JSMR,RG,3740,52,D,YU,OD,D
14:45:49,JSMR,RG,3740,448,D,YU,OD,D
14:45:49,JSMR,RG,3740,18,D,YU,BK,F
14:45:49,JSMR,RG,3740,240,D,YU,OD,D
14:45:49,JSMR,RG,3730,13,D,YU,BK,F
14:45:49,JSMR,RG,3730,8,D,YU,CS,F
14:45:49,JSMR,RG,3730,47,D,YU,CS,F
14:45:49,JSMR,RG,3730,12,D,YU,CS,F
14:45:49,JSMR,RG,3730,214,D,YU,OD,D
14:45:45,JSMR,RG,3730,1,D,PD,OD,D
14:45:34,JSMR,RG,3730,1,D,PD,OD,D
14:45:30,JSMR,RG,3730,189,F,AK,OD,D
14:45:30,JSMR,RG,3730,30,D,YP,OD,D
14:45:30,JSMR,RG,3730,5,D,OD,OD,D
14:45:30,JSMR,RG,3730,1,F,OD,OD,D
14:45:30,JSMR,RG,3730,1,D,YP,OD,D
14:45:30,JSMR,RG,3730,15,D,BS,OD,D
14:45:30,JSMR,RG,3730,5,D,KK,OD,D
14:45:30,JSMR,RG,3730,1,D,KK,OD,D
14:45:30,JSMR,RG,3730,100,D,YP,OD,D
14:45:30,JSMR,RG,3730,2,D,YP,OD,D
14:45:30,JSMR,RG,3730,20,D,TP,OD,D
14:45:30,JSMR,RG,3730,20,D,CC,OD,D
14:45:30,JSMR,RG,3730,2,D,NI,OD,D
14:45:30,JSMR,RG,3730,5,D,YU,OD,D
14:45:30,JSMR,RG,3730,1,D,XL,OD,D
14:45:30,JSMR,RG,3730,3,D,SQ,OD,D
14:45:30,JSMR,RG,3730,10,D,NI,OD,D
14:45:30,JSMR,RG,3730,1,D,YP,OD,D
14:45:30,JSMR,RG,3730,55,F,AK,OD,D
14:45:30,JSMR,RG,3730,1,D,YP,OD,D
14:45:30,JSMR,RG,3730,6,D,CC,OD,D
14:45:30,JSMR,RG,3730,10,D,YP,OD,D
14:45:30,JSMR,RG,3730,1,D,YP,OD,D
14:45:30,JSMR,RG,3730,1,D,MG,OD,D
14:45:30,JSMR,RG,3730,100,D,NI,OD,D
14:45:30,JSMR,RG,3730,30,D,CC,OD,D
14:45:30,JSMR,RG,3730,1,D,XC,OD,D
14:45:30,JSMR,RG,3730,4,D,XC,OD,D
14:45:30,JSMR,RG,3730,3,D,YP,OD,D
14:45:30,JSMR,RG,3730,1,D,YP,OD,D
14:45:30,JSMR,RG,3730,1,D,IF,OD,D
14:45:30,JSMR,RG,3730,10,D,SQ,OD,D
14:45:30,JSMR,RG,3730,2,D,EP,OD,D
14:45:30,JSMR,RG,3730,6,D,PD,OD,D
14:45:30,JSMR,RG,3730,35,D,YP,OD,D
14:45:30,JSMR,RG,3730,1,D,YP,OD,D
14:45:30,JSMR,RG,3730,3,D,PD,OD,D
14:45:30,JSMR,RG,3730,2,D,LG,OD,D
14:45:30,JSMR,RG,3730,1,D,XC,OD,D
14:45:30,JSMR,RG,3730,10,D,NI,OD,D
14:45:30,JSMR,RG,3730,1,D,OD,OD,D
14:45:30,JSMR,RG,3730,10,D,RG,OD,D
14:45:30,JSMR,RG,3730,3,D,KK,OD,D
14:45:30,JSMR,RG,3730,1,D,CC,OD,D
14:45:30,JSMR,RG,3730,1,D,KK,OD,D
14:45:30,JSMR,RG,3730,1,D,OD,OD,D
14:45:30,JSMR,RG,3730,10,D,YP,OD,D
14:45:30,JSMR,RG,3730,5,D,CC,OD,D
14:45:30,JSMR,RG,3730,1,D,YP,OD,D
14:45:30,JSMR,RG,3730,1,D,XC,OD,D
14:45:30,JSMR,RG,3730,10,D,YP,OD,D
14:45:30,JSMR,RG,3730,5,D,OD,OD,D
14:45:30,JSMR,RG,3730,40,D,CD,OD,D
14:45:28,JSMR,RG,3730,3,D,CD,CS,F
14:45:28,JSMR,RG,3730,6,D,CD,CS,F
14:45:19,JSMR,RG,3730,51,D,CD,OD,D
14:45:19,JSMR,RG,3730,2,D,YP,OD,D
14:45:19,JSMR,RG,3730,1,D,XC,OD,D
14:45:19,JSMR,RG,3730,5,D,XC,OD,D
14:45:19,JSMR,RG,3730,2,D,XC,OD,D
14:45:19,JSMR,RG,3730,1,D,PD,OD,D
14:45:19,JSMR,RG,3730,1,D,XC,OD,D
14:45:19,JSMR,RG,3730,1,D,NI,OD,D
14:45:19,JSMR,RG,3730,1000,D,KK,OD,D
14:45:19,JSMR,RG,3730,10,D,CC,OD,D
14:45:19,JSMR,RG,3730,50,D,YU,OD,D
14:45:19,JSMR,RG,3730,5,D,YP,OD,D
14:45:19,JSMR,RG,3730,55,D,PD,OD,D
14:45:19,JSMR,RG,3730,4,D,EP,OD,D
14:45:19,JSMR,RG,3730,4,D,XC,OD,D
14:45:19,JSMR,RG,3730,2,D,NI,OD,D
14:45:19,JSMR,RG,3730,30,D,OD,OD,D
14:45:19,JSMR,RG,3730,61,D,YP,OD,D
14:45:19,JSMR,RG,3730,20,D,CC,OD,D
14:45:19,JSMR,RG,3730,50,D,YP,OD,D
14:45:19,JSMR,RG,3730,3,D,DR,OD,D
14:45:19,JSMR,RG,3730,25,D,PD,OD,D
14:45:19,JSMR,RG,3730,10,D,YP,OD,D
14:45:19,JSMR,RG,3730,2,D,XC,OD,D
14:45:19,JSMR,RG,3730,3,D,IF,OD,D
14:45:19,JSMR,RG,3730,20,D,CC,OD,D
14:45:19,JSMR,RG,3730,582,F,LG,OD,D
14:45:10,JSMR,RG,3730,3,F,LG,CS,F
14:45:10,JSMR,RG,3730,21,F,LG,CS,F
14:45:10,JSMR,RG,3730,6,F,LG,CS,F
14:45:09,JSMR,RG,3730,1000,F,LG,OD,D
14:45:09,JSMR,RG,3740,10,D,YP,OD,D
14:45:02,JSMR,RG,3740,4,D,YP,OD,D
14:44:19,JSMR,RG,3730,4,F,LG,CS,F
14:44:19,JSMR,RG,3730,31,F,LG,CS,F
14:44:19,JSMR,RG,3730,100,F,LG,SQ,D
14:44:14,JSMR,RG,3730,14,F,LG,CS,F
14:44:07,JSMR,RG,3730,100,F,LG,SQ,D
14:43:52,JSMR,RG,3730,50,F,LG,SQ,D
14:43:37,JSMR,RG,3730,50,F,LG,SQ,D
14:43:11,JSMR,RG,3730,8,F,LG,KK,D
14:42:53,JSMR,RG,3730,71,F,LG,CS,F
14:42:40,JSMR,RG,3730,26,F,LG,CS,F
14:42:36,JSMR,RG,3740,10,D,DR,OD,D
14:42:29,JSMR,RG,3730,30,F,LG,YP,D
14:41:16,JSMR,RG,3730,25,F,LG,PD,D
14:41:02,JSMR,RG,3730,12,F,LG,NI,D
14:40:30,JSMR,RG,3730,79,F,LG,SQ,D
14:39:39,JSMR,RG,3730,50,F,LG,MG,D
14:38:59,JSMR,RG,3740,13,D,XC,OD,D
14:38:11,JSMR,RG,3730,25,F,LG,PD,D
14:37:40,JSMR,RG,3730,17,F,LG,YU,F
14:37:31,JSMR,RG,3740,5,D,AR,OD,D
14:37:23,JSMR,RG,3730,19,F,LG,YU,F
14:36:51,JSMR,RG,3740,1,D,ZP,OD,D
14:36:20,JSMR,RG,3740,10,D,YP,OD,D
14:36:13,JSMR,RG,3740,96,F,AK,OD,D
14:36:12,JSMR,RG,3740,443,F,AK,OD,D
14:36:12,JSMR,RG,3740,168,F,LG,OD,D
14:36:12,JSMR,RG,3740,1000,F,LG,OD,D
14:36:06,JSMR,RG,3740,26,F,LG,CS,F
14:36:06,JSMR,RG,3740,11,F,LG,CS,F
14:36:06,JSMR,RG,3740,58,F,LG,YU,F
14:36:06,JSMR,RG,3740,21,F,LG,YU,F
14:36:06,JSMR,RG,3740,21,F,LG,CS,F
14:36:06,JSMR,RG,3740,7,F,LG,CS,F
14:36:06,JSMR,RG,3740,1000,F,LG,OD,D
14:36:06,JSMR,RG,3740,100,F,LG,PD,D
14:36:06,JSMR,RG,3740,10,F,LG,DR,D
14:36:06,JSMR,RG,3740,14,F,LG,CS,F
14:36:06,JSMR,RG,3740,2,F,LG,CS,F
14:36:06,JSMR,RG,3740,9,F,LG,CS,F
14:36:06,JSMR,RG,3740,8,F,LG,CS,F
14:36:06,JSMR,RG,3740,29,F,LG,CS,F
14:36:06,JSMR,RG,3740,3,F,LG,CS,F
14:36:06,JSMR,RG,3740,13,F,LG,CS,F
14:35:44,JSMR,RG,3740,11,D,LG,CS,F
14:35:44,JSMR,RG,3740,11,D,LG,CS,F
14:35:44,JSMR,RG,3740,11,D,LG,CS,F
14:35:44,JSMR,RG,3740,30,D,LG,GR,D
14:35:44,JSMR,RG,3740,37,D,LG,CC,D
14:35:36,JSMR,RG,3730,2,F,LG,XC,D
14:34:51,JSMR,RG,3730,5,F,LG,XA,D
14:34:14,JSMR,RG,3730,7,F,LG,YP,D
14:34:05,JSMR,RG,3730,5,F,LG,YP,D
14:33:42,JSMR,RG,3730,7,F,LG,CC,D
14:33:42,JSMR,RG,3730,2,F,LG,XC,D
14:33:10,JSMR,RG,3730,28,F,LG,CS,F
14:33:08,JSMR,RG,3730,81,F,LG,CS,F
14:32:59,JSMR,RG,3730,40,F,LG,CC,D
14:32:59,JSMR,RG,3730,2,D,EP,CC,D
14:32:59,JSMR,RG,3730,1,D,XC,CC,D
14:32:59,JSMR,RG,3730,20,D,PD,CC,D
14:32:59,JSMR,RG,3730,2,D,CC,CC,D
14:32:59,JSMR,RG,3730,3,D,YP,CC,D
14:32:59,JSMR,RG,3730,1,D,DH,CC,D
14:32:59,JSMR,RG,3730,17,D,SQ,CC,D
14:32:43,JSMR,RG,3740,1,D,ZP,CC,D
14:32:42,JSMR,RG,3730,2,D,SQ,OD,D
14:32:40,JSMR,RG,3740,50,D,LG,CC,D
14:32:36,JSMR,RG,3730,1,D,SQ,YU,F
14:32:36,JSMR,RG,3730,2,D,YP,YU,F
14:32:36,JSMR,RG,3730,1,D,YP,YU,F
14:32:36,JSMR,RG,3730,10,D,CC,YU,F
14:32:36,JSMR,RG,3730,1,D,EP,YU,F
14:32:36,JSMR,RG,3730,1,D,PD,YU,F
14:32:36,JSMR,RG,3730,2,D,CC,YU,F
14:32:36,JSMR,RG,3730,2,D,YP,YU,F
14:32:36,JSMR,RG,3730,1,D,YP,YU,F
14:32:36,JSMR,RG,3730,1,D,PD,YU,F
14:32:36,JSMR,RG,3730,1,D,EP,YP,D
14:32:36,JSMR,RG,3730,5,D,GR,YP,D
14:32:36,JSMR,RG,3730,4,D,DH,YP,D
14:32:09,JSMR,RG,3730,1,D,DH,YB,D
14:32:09,JSMR,RG,3730,4,D,DR,YB,D
14:31:29,JSMR,RG,3730,7,D,DR,PD,D
14:31:28,JSMR,RG,3740,6,D,YP,CC,D
14:31:12,JSMR,RG,3740,100,D,NI,CC,D
14:30:54,JSMR,RG,3730,20,D,DR,YP,D
14:29:52,JSMR,RG,3730,19,D,DR,YP,D
14:29:52,JSMR,RG,3730,5,D,PD,YP,D
14:29:52,JSMR,RG,3730,66,D,LG,YP,D
14:29:36,JSMR,RG,3740,1,D,YP,CC,D
14:29:32,JSMR,RG,3740,20,D,YP,CC,D
14:29:24,JSMR,RG,3740,35,F,AK,CC,D
14:29:24,JSMR,RG,3740,30,F,AK,YU,F
14:29:23,JSMR,RG,3740,10,D,YU,YU,F
14:29:23,JSMR,RG,3740,490,D,YU,OD,D
14:29:16,JSMR,RG,3740,500,D,YU,OD,D
14:28:35,JSMR,RG,3740,1,D,EP,OD,D
14:28:29,JSMR,RG,3740,4,D,CC,OD,D
14:28:07,JSMR,RG,3740,5,F,AK,OD,D
14:28:05,JSMR,RG,3740,3,F,AK,CS,F
14:28:05,JSMR,RG,3740,12,F,AK,CC,D
14:28:03,JSMR,RG,3730,3,D,LG,CS,F
14:28:03,JSMR,RG,3740,3,D,GR,CC,D
14:27:33,JSMR,RG,3730,10,D,LG,OD,D
14:27:33,JSMR,RG,3740,5,D,AZ,OD,D
14:27:33,JSMR,RG,3740,4,D,OD,OD,D
14:27:33,JSMR,RG,3740,6,D,YP,OD,D
14:27:19,JSMR,RG,3740,6,D,YP,CC,D
14:27:16,JSMR,RG,3740,1,D,YP,PD,D
14:27:01,JSMR,RG,3740,3,D,YP,PD,D
14:26:44,JSMR,RG,3740,4,D,YP,PD,D
14:26:44,JSMR,RG,3740,2,D,PD,PD,D
14:26:30,JSMR,RG,3740,3,D,PD,YU,F
14:26:30,JSMR,RG,3740,10,D,DX,YU,F
14:26:30,JSMR,RG,3740,1,D,XC,YU,F
14:26:30,JSMR,RG,3740,1,D,PD,YU,F
14:26:30,JSMR,RG,3740,1,D,PD,YU,F
14:26:30,JSMR,RG,3740,3,D,CC,YU,F
14:26:27,JSMR,RG,3740,2,D,CC,YP,D
14:26:21,JSMR,RG,3750,2,D,CC,OD,D
14:24:39,JSMR,RG,3750,2,D,CC,OD,D
14:23:21,JSMR,RG,3740,15,D,CC,YU,F
14:23:21,JSMR,RG,3740,5,D,PD,YU,F
14:22:29,JSMR,RG,3740,5,D,PD,AZ,D
14:21:55,JSMR,RG,3740,5,F,AK,PD,D
14:21:55,JSMR,RG,3740,221,F,AK,YU,F
14:21:55,JSMR,RG,3740,11,F,AK,CS,F
14:21:55,JSMR,RG,3740,26,F,AK,YU,F
14:21:55,JSMR,RG,3740,4,F,AK,CS,F
14:21:55,JSMR,RG,3740,4,F,AK,XC,D
14:21:55,JSMR,RG,3740,8,F,AK,CS,F
14:21:55,JSMR,RG,3740,28,F,AK,CS,F
14:21:55,JSMR,RG,3740,57,F,AK,LG,D
14:21:55,JSMR,RG,3740,12,F,AK,BK,F
14:21:55,JSMR,RG,3740,152,F,AK,SQ,D
14:21:40,JSMR,RG,3740,5,D,XL,SQ,D
14:21:37,JSMR,RG,3740,143,D,OD,SQ,D
14:21:37,JSMR,RG,3740,4,D,OD,CS,F
14:21:37,JSMR,RG,3740,4,D,OD,CS,F
14:21:37,JSMR,RG,3740,34,D,OD,CS,F
14:21:37,JSMR,RG,3740,23,D,OD,CS,F
14:21:37,JSMR,RG,3740,500,D,OD,OD,D
14:21:37,JSMR,RG,3740,2,D,OD,CS,F
14:21:37,JSMR,RG,3740,12,D,OD,CS,F
14:21:37,JSMR,RG,3740,1,D,OD,CS,F
14:21:37,JSMR,RG,3740,3,D,OD,PD,D
14:21:37,JSMR,RG,3740,7,D,OD,NI,D
14:21:37,JSMR,RG,3740,15,D,OD,CS,F
14:21:37,JSMR,RG,3740,2,D,OD,CS,F
14:21:37,JSMR,RG,3740,17,D,OD,CS,F
14:21:37,JSMR,RG,3740,50,D,OD,YB,D
14:21:37,JSMR,RG,3740,50,D,OD,YB,D
14:21:01,JSMR,RG,3740,26,D,NI,YU,F
14:21:00,JSMR,RG,3730,30,D,LG,CC,D
14:20:12,JSMR,RG,3740,3,D,CC,YU,F
14:19:56,JSMR,RG,3740,11,D,CC,YU,F
14:18:31,JSMR,RG,3730,2,D,LG,YB,D
14:17:47,JSMR,RG,3740,10,D,PD,YU,F
14:17:33,JSMR,RG,3740,62,D,OD,YU,F
14:17:33,JSMR,RG,3740,17,D,OD,BK,F
14:17:33,JSMR,RG,3740,9,D,OD,CS,F
14:17:33,JSMR,RG,3740,1,D,OD,CS,F
14:17:33,JSMR,RG,3740,12,D,OD,CS,F
14:17:33,JSMR,RG,3740,3,D,OD,CS,F
14:17:33,JSMR,RG,3740,2,D,OD,CS,F
14:17:33,JSMR,RG,3740,47,D,OD,YU,F
14:17:33,JSMR,RG,3740,7,D,OD,CS,F
14:17:33,JSMR,RG,3740,4,D,OD,CS,F
14:17:33,JSMR,RG,3740,11,D,OD,CS,F
14:17:33,JSMR,RG,3740,325,D,OD,OD,D
14:17:24,JSMR,RG,3740,175,D,OD,OD,D
14:17:24,JSMR,RG,3740,2,D,OD,CS,F
14:17:24,JSMR,RG,3740,3,D,OD,CS,F
14:17:24,JSMR,RG,3740,9,D,OD,CS,F
14:17:24,JSMR,RG,3740,27,D,OD,CS,F
14:17:24,JSMR,RG,3740,2,D,OD,CS,F
14:17:24,JSMR,RG,3740,37,D,OD,YU,F
14:17:24,JSMR,RG,3740,13,D,OD,BK,F
14:17:24,JSMR,RG,3740,14,D,OD,CS,F
14:17:24,JSMR,RG,3740,15,D,OD,CS,F
14:17:24,JSMR,RG,3740,1,D,OD,CS,F
14:17:24,JSMR,RG,3740,102,D,OD,BQ,D
14:16:20,JSMR,RG,3730,60,D,LG,IF,D
14:16:15,JSMR,RG,3740,500,D,YU,BQ,D
14:15:48,JSMR,RG,3730,2,D,LG,LG,D
14:14:34,JSMR,RG,3730,6,D,LG,CC,D
14:14:30,JSMR,RG,3730,3,D,LG,PD,D
14:14:14,JSMR,RG,3740,2,D,YP,BQ,D
14:14:01,JSMR,RG,3740,50,D,CC,BQ,D
14:13:51,JSMR,RG,3740,100,D,GR,BQ,D
14:13:31,JSMR,RG,3740,3,D,YP,BQ,D
14:13:30,JSMR,RG,3740,72,F,AK,BQ,D
14:13:13,JSMR,RG,3740,2,D,PD,BQ,D
14:13:13,JSMR,RG,3740,10,D,CP,BQ,D
14:13:13,JSMR,RG,3740,1,D,OD,BQ,D
14:13:13,JSMR,RG,3740,1,D,CC,BQ,D
14:13:13,JSMR,RG,3740,1,D,PD,BQ,D
14:13:13,JSMR,RG,3740,100,D,GR,BQ,D
14:13:13,JSMR,RG,3740,1,D,XC,BQ,D
14:13:13,JSMR,RG,3740,7,D,NI,BQ,D
14:13:13,JSMR,RG,3740,5,D,CC,BQ,D
14:13:13,JSMR,RG,3740,5,D,OD,BQ,D
14:13:13,JSMR,RG,3740,1,D,OD,BQ,D
14:13:13,JSMR,RG,3740,500,D,YU,BQ,D
14:13:13,JSMR,RG,3740,2,D,CC,BQ,D
14:13:13,JSMR,RG,3740,50,D,OD,BQ,D
14:13:13,JSMR,RG,3740,5,D,YP,BQ,D
14:13:13,JSMR,RG,3740,5,D,AN,BQ,D
14:13:13,JSMR,RG,3740,1,D,XC,BQ,D
14:13:13,JSMR,RG,3740,200,D,YP,BQ,D
14:13:13,JSMR,RG,3740,5,D,DR,BQ,D
14:13:13,JSMR,RG,3740,5,D,CC,BQ,D
14:13:13,JSMR,RG,3740,2,D,PD,BQ,D
14:13:13,JSMR,RG,3740,1,D,PD,BQ,D
14:13:13,JSMR,RG,3740,50,D,SQ,BQ,D
14:13:13,JSMR,RG,3740,100,D,AT,BQ,D
14:13:13,JSMR,RG,3740,27,D,KK,BQ,D
14:13:13,JSMR,RG,3740,84,F,AK,BQ,D
14:12:59,JSMR,RG,3750,2,D,PD,OD,D
14:12:57,JSMR,RG,3750,8,D,YP,OD,D
14:12:15,JSMR,RG,3750,199,D,KK,OD,D
14:11:55,JSMR,RG,3750,1,D,YP,OD,D
14:11:43,JSMR,RG,3750,10,D,LG,OD,D
14:11:27,JSMR,RG,3750,248,D,YU,OD,D
14:11:27,JSMR,RG,3750,21,D,YU,HP,D
14:11:27,JSMR,RG,3750,5,D,YU,CS,F
14:11:27,JSMR,RG,3750,2,D,YU,CS,F
14:11:27,JSMR,RG,3750,2,D,YU,CS,F
14:11:27,JSMR,RG,3750,14,D,YU,BK,F
14:11:27,JSMR,RG,3750,3,D,YU,CS,F
14:11:27,JSMR,RG,3750,7,D,YU,CS,F
14:11:27,JSMR,RG,3750,19,D,YU,CS,F
14:11:27,JSMR,RG,3750,4,D,YU,CS,F
14:11:27,JSMR,RG,3750,175,D,YU,YP,D
14:11:17,JSMR,RG,3740,1,F,AK,NI,D
14:10:45,JSMR,RG,3740,17,F,AK,CS,F
14:10:05,JSMR,RG,3740,1,F,AK,PD,D
14:09:22,JSMR,RG,3740,15,F,AK,YP,D
14:09:22,JSMR,RG,3740,1,D,OD,YP,D
14:08:50,JSMR,RG,3740,52,D,OD,CS,F
14:08:42,JSMR,RG,3740,20,D,OD,NI,D
14:08:10,JSMR,RG,3740,6,D,OD,XL,D
14:07:56,JSMR,RG,3740,1,D,OD,GR,D
14:06:57,JSMR,RG,3740,5,D,OD,EP,D
14:06:53,JSMR,RG,3740,18,D,OD,CS,F
14:06:53,JSMR,RG,3740,2,D,OD,XL,D
14:06:36,JSMR,RG,3750,25,D,GR,YP,D
14:06:09,JSMR,RG,3750,20,D,CC,YP,D
14:06:02,JSMR,RG,3750,6,D,NI,YP,D
14:05:56,JSMR,RG,3740,1,D,OD,NI,D
14:05:37,JSMR,RG,3740,10,D,OD,XC,D
14:05:35,JSMR,RG,3740,2,D,OD,XC,D
14:05:20,JSMR,RG,3740,3,D,OD,XC,D
14:04:39,JSMR,RG,3740,50,D,OD,CS,F
14:03:55,JSMR,RG,3740,1,D,OD,XC,D
14:03:50,JSMR,RG,3740,40,D,OD,SQ,D
14:03:49,JSMR,RG,3740,13,D,OD,YB,D
14:03:42,JSMR,RG,3740,3,D,OD,PD,D
14:03:07,JSMR,RG,3740,17,D,OD,CS,F
14:03:03,JSMR,RG,3740,1,D,OD,NI,D
14:02:56,JSMR,RG,3740,4,D,OD,AZ,D
14:02:07,JSMR,RG,3740,10,D,OD,LG,D
14:00:54,JSMR,RG,3740,1,D,OD,PD,D
14:00:48,JSMR,RG,3740,1,D,OD,YP,D
14:00:43,JSMR,RG,3740,38,D,OD,CS,F
14:00:43,JSMR,RG,3740,10,D,CC,CS,F
13:59:28,JSMR,RG,3740,16,D,CC,CS,F
13:59:09,JSMR,RG,3740,50,D,CC,CP,D
13:57:28,JSMR,RG,3750,25,D,GR,YP,D
13:56:49,JSMR,RG,3750,4,D,PD,YP,D
13:56:33,JSMR,RG,3740,3,D,CC,PD,D
13:55:59,JSMR,RG,3740,13,D,CC,CS,F
13:55:59,JSMR,RG,3740,11,D,CC,CS,F
13:55:59,JSMR,RG,3740,8,D,CC,CS,F
13:55:59,JSMR,RG,3740,5,D,CC,CS,F
13:55:59,JSMR,RG,3740,25,D,CC,YB,D
13:55:59,JSMR,RG,3740,40,D,CC,CC,F
13:55:59,JSMR,RG,3740,24,D,CC,CS,F
13:55:59,JSMR,RG,3740,1,D,CC,CS,F
13:55:59,JSMR,RG,3740,6,D,CC,CS,F
13:55:59,JSMR,RG,3740,1,D,CC,CS,F
13:55:59,JSMR,RG,3740,38,D,CC,BK,F
13:55:59,JSMR,RG,3740,9,D,CC,CS,F
13:55:59,JSMR,RG,3740,6,D,CC,CS,F
13:55:59,JSMR,RG,3740,34,D,CC,OD,D
13:55:52,JSMR,RG,3740,300,D,OD,OD,D
13:55:24,JSMR,RG,3740,10,D,YP,OD,D
13:55:00,JSMR,RG,3740,1,D,XL,OD,D
13:54:26,JSMR,RG,3730,15,D,LG,KK,D
13:53:42,JSMR,RG,3740,5,D,YP,OD,D
13:53:38,JSMR,RG,3730,3,D,LG,LG,D
13:53:38,JSMR,RG,3730,1,D,PD,LG,D
13:53:38,JSMR,RG,3730,6,D,SQ,LG,D
13:53:38,JSMR,RG,3730,2,D,PD,LG,D
13:53:27,JSMR,RG,3730,3,D,PD,XC,D
13:53:27,JSMR,RG,3730,1,D,NI,XC,D
13:53:16,JSMR,RG,3730,4,D,NI,YU,D
13:53:16,JSMR,RG,3730,1,D,YP,YU,D
13:53:16,JSMR,RG,3730,5,D,KK,YU,D
13:52:52,JSMR,RG,3730,5,D,KK,CC,D
13:52:45,JSMR,RG,3730,3,D,KK,AZ,D
13:52:16,JSMR,RG,3730,28,D,KK,YP,D
13:52:16,JSMR,RG,3730,9,D,KK,YP,D
13:52:16,JSMR,RG,3730,1,D,YP,YP,D
13:52:16,JSMR,RG,3730,1,D,CC,YP,D
13:52:16,JSMR,RG,3730,1,D,PD,YP,D
13:52:16,JSMR,RG,3730,1,D,AZ,YP,D
13:52:16,JSMR,RG,3730,1,D,PD,YP,D
13:52:16,JSMR,RG,3730,7,D,YU,YP,D
13:52:15,JSMR,RG,3730,13,D,YU,BK,F
13:51:57,JSMR,RG,3740,1,D,YP,OD,D
13:51:51,JSMR,RG,3740,1,D,RG,OD,D
13:51:49,JSMR,RG,3740,58,F,AK,OD,D
13:51:49,JSMR,RG,3740,4,F,AK,OD,D
13:51:48,JSMR,RG,3740,5,D,YP,OD,D
13:51:48,JSMR,RG,3740,3,D,NI,OD,D
13:51:48,JSMR,RG,3740,1,D,YP,OD,D
13:51:48,JSMR,RG,3740,300,D,OD,OD,D
13:51:48,JSMR,RG,3740,5,D,OD,OD,D
13:51:48,JSMR,RG,3740,10,D,NI,OD,D
13:51:48,JSMR,RG,3740,10,D,LG,OD,D
13:51:48,JSMR,RG,3740,2,D,YP,OD,D
13:51:48,JSMR,RG,3740,20,D,CP,OD,D
13:51:48,JSMR,RG,3740,8,D,YP,OD,D
13:51:48,JSMR,RG,3740,2,D,XC,OD,D
13:51:48,JSMR,RG,3740,1,D,YP,OD,D
13:51:48,JSMR,RG,3740,7,D,YP,OD,D
13:51:48,JSMR,RG,3740,1,D,NI,OD,D
13:51:48,JSMR,RG,3740,3,D,RG,OD,D
13:51:48,JSMR,RG,3740,20,D,OD,OD,D
13:51:48,JSMR,RG,3740,1,D,YP,OD,D
13:51:48,JSMR,RG,3740,1,D,PD,OD,D
13:51:48,JSMR,RG,3740,1,D,XC,OD,D
13:51:48,JSMR,RG,3740,5,D,RG,OD,D
13:51:48,JSMR,RG,3740,1,D,YU,OD,D
13:51:48,JSMR,RG,3740,2,D,PD,OD,D
13:51:48,JSMR,RG,3740,1,D,PD,OD,D
13:51:48,JSMR,RG,3740,10,D,GR,OD,D
13:51:48,JSMR,RG,3740,166,D,YU,OD,D
13:51:46,JSMR,RG,3740,10,D,YU,HP,D
13:49:46,JSMR,RG,3740,4,D,YU,YP,D
13:49:38,JSMR,RG,3740,13,D,YU,DH,D
13:49:35,JSMR,RG,3740,7,D,YU,YB,D
13:49:35,JSMR,RG,3740,35,D,AT,YB,D
13:49:29,JSMR,RG,3740,2,D,AT,BK,F
13:49:27,JSMR,RG,3740,15,D,AT,HP,D
13:49:10,JSMR,RG,3740,5,D,AT,YP,D
13:49:00,JSMR,RG,3740,3,D,AT,BK,F
13:48:58,JSMR,RG,3740,20,D,AT,RO,D
13:48:58,JSMR,RG,3740,3,D,EP,RO,D
13:48:58,JSMR,RG,3740,1,D,PD,RO,D
13:48:58,JSMR,RG,3740,2,D,YP,RO,D
13:48:58,JSMR,RG,3740,14,D,CP,RO,D
13:48:43,JSMR,RG,3740,2,D,CP,BK,F
13:48:36,JSMR,RG,3740,25,D,CP,OD,D
13:48:14,JSMR,RG,3750,3,D,YP,YP,D
13:48:06,JSMR,RG,3750,100,D,OK,YP,D
13:48:06,JSMR,RG,3750,42,D,YU,YP,D
13:47:52,JSMR,RG,3750,8,D,YU,YP,D
13:47:12,JSMR,RG,3750,1,D,YU,CS,F
13:47:12,JSMR,RG,3750,14,D,YU,CS,F
13:47:12,JSMR,RG,3750,1,D,YU,CS,F
13:47:12,JSMR,RG,3750,2,D,YU,CS,F
13:47:12,JSMR,RG,3750,4,D,YU,CS,F
13:47:12,JSMR,RG,3750,6,D,YU,CS,F
13:47:12,JSMR,RG,3750,15,D,YU,CS,F
13:47:12,JSMR,RG,3750,98,D,YU,YU,F
13:47:12,JSMR,RG,3750,28,D,YU,DR,D
13:47:12,JSMR,RG,3750,1,D,YU,BK,F
13:47:12,JSMR,RG,3750,18,D,YU,BK,F
13:47:12,JSMR,RG,3750,9,D,YU,LG,D
13:47:12,JSMR,RG,3750,4,D,YU,CS,F
13:47:12,JSMR,RG,3750,1,D,YU,CS,F
13:47:12,JSMR,RG,3750,10,D,YU,CS,F
13:47:12,JSMR,RG,3750,1,D,YU,LG,D
13:47:12,JSMR,RG,3750,123,D,YU,YU,F
13:47:12,JSMR,RG,3750,50,D,YU,DR,D
13:47:12,JSMR,RG,3750,3,D,YU,BK,F
13:47:12,JSMR,RG,3750,13,D,YU,CS,F
13:47:12,JSMR,RG,3750,98,D,YU,YB,D
13:46:35,JSMR,RG,3740,2,D,CP,BK,F
13:46:20,JSMR,RG,3740,5,D,CP,LG,D
13:46:18,JSMR,RG,3740,2,D,CP,YP,D
13:46:18,JSMR,RG,3750,2,D,DX,YB,D
13:46:18,JSMR,RG,3750,4,D,DX,CS,F
13:46:18,JSMR,RG,3750,2,D,DX,CS,F
13:46:18,JSMR,RG,3750,2,D,DX,CS,F
13:46:14,JSMR,RG,3740,50,D,CP,EP,D
13:46:14,JSMR,RG,3740,4,D,XC,EP,D
13:46:14,JSMR,RG,3740,1,D,DR,EP,D
13:46:14,JSMR,RG,3740,2,D,PD,EP,D
13:46:12,JSMR,RG,3740,3,D,PD,CC,D
13:46:12,JSMR,RG,3740,13,D,OD,CC,D
13:45:48,JSMR,RG,3740,2,D,OD,BK,F
13:45:16,JSMR,RG,3740,10,D,OD,DR,D
13:45:16,JSMR,RG,3740,1,D,XC,DR,D
13:45:16,JSMR,RG,3740,1,D,XC,DR,D
13:45:16,JSMR,RG,3740,2,D,CC,DR,D
13:45:16,JSMR,RG,3740,10,D,PD,DR,D
13:45:16,JSMR,RG,3740,5,D,GR,DR,D
13:45:16,JSMR,RG,3740,3,D,YP,DR,D
13:45:16,JSMR,RG,3740,5,D,AG,DR,D
13:45:16,JSMR,RG,3740,20,F,YP,DR,D
13:45:16,JSMR,RG,3740,3,D,PD,DR,D
13:45:16,JSMR,RG,3740,5,D,CC,DR,D
13:45:16,JSMR,RG,3740,2,D,YP,DR,D
13:45:16,JSMR,RG,3740,2,D,YP,DR,D
13:45:16,JSMR,RG,3740,1,D,YP,DR,D
13:45:16,JSMR,RG,3740,2,D,DH,DR,D
13:45:16,JSMR,RG,3740,1,D,EP,DR,D
13:45:16,JSMR,RG,3740,5,D,YP,DR,D
13:45:16,JSMR,RG,3740,5,D,CC,DR,D
13:45:16,JSMR,RG,3740,5,D,XC,DR,D
13:45:16,JSMR,RG,3740,12,D,IT,DR,D
13:45:11,JSMR,RG,3740,38,D,IT,YP,D
13:45:11,JSMR,RG,3740,1,D,PD,YP,D
13:45:11,JSMR,RG,3740,20,F,AG,YP,D
13:45:11,JSMR,RG,3740,5,D,NI,YP,D
13:45:11,JSMR,RG,3740,2,D,CC,YP,D
13:45:11,JSMR,RG,3740,5,D,CC,YP,D
13:45:11,JSMR,RG,3740,1,D,XC,YP,D
13:45:11,JSMR,RG,3740,50,D,YP,YP,D
13:45:11,JSMR,RG,3740,10,D,AT,YP,D
13:45:11,JSMR,RG,3740,5,D,PD,YP,D
13:45:11,JSMR,RG,3740,2,D,EP,YP,D
13:45:11,JSMR,RG,3740,1,D,PD,YP,D
13:45:11,JSMR,RG,3740,100,D,NI,YP,D
13:45:11,JSMR,RG,3740,2,D,YP,YP,D
13:45:11,JSMR,RG,3740,1,D,DH,YP,D
13:45:11,JSMR,RG,3740,5,F,LG,YP,D
13:45:07,JSMR,RG,3740,211,F,LG,DR,D
13:45:05,JSMR,RG,3740,2,F,LG,GR,D
13:44:54,JSMR,RG,3740,275,F,LG,AZ,D
13:44:34,JSMR,RG,3750,2,D,OD,DR,D
13:44:34,JSMR,RG,3750,387,D,YU,DR,D
13:44:16,JSMR,RG,3750,5,D,YU,NI,D
13:43:53,JSMR,RG,3750,25,D,YU,DR,D
13:43:38,JSMR,RG,3750,1,D,YU,LG,D
13:43:38,JSMR,RG,3750,20,D,YU,CC,D
13:43:35,JSMR,RG,3750,6,D,YU,CS,F
13:43:35,JSMR,RG,3750,16,D,YU,CS,F
13:43:34,JSMR,RG,3750,12,D,YU,CS,F
13:43:34,JSMR,RG,3750,3,D,YU,CS,F
13:43:34,JSMR,RG,3750,4,D,YU,CS,F
13:43:34,JSMR,RG,3750,1,D,YU,CS,F
13:43:34,JSMR,RG,3750,2,D,YU,CS,F
13:43:34,JSMR,RG,3750,9,D,YU,CS,F
13:43:34,JSMR,RG,3750,1,D,YU,BK,F
13:43:34,JSMR,RG,3750,12,D,YU,CS,F
13:43:34,JSMR,RG,3750,10,D,YU,CS,F
13:43:34,JSMR,RG,3750,3,D,YU,CS,F
13:43:34,JSMR,RG,3750,22,D,YU,BK,F
13:43:34,JSMR,RG,3750,12,D,YU,SQ,D
13:43:34,JSMR,RG,3750,449,D,YU,YU,F
13:43:27,JSMR,RG,3750,166,D,YU,YU,F
13:43:27,JSMR,RG,3750,200,D,YU,YP,D
13:43:27,JSMR,RG,3750,5,D,YU,BK,F
13:43:27,JSMR,RG,3750,100,D,YU,YU,D
13:43:27,JSMR,RG,3750,60,D,YU,CC,D
13:43:27,JSMR,RG,3750,11,D,YU,CS,F
13:43:27,JSMR,RG,3750,5,D,YU,CS,F
13:43:27,JSMR,RG,3750,39,D,YU,BK,F
13:43:27,JSMR,RG,3750,5,D,YU,CS,F
13:43:27,JSMR,RG,3750,7,D,YU,CS,F
13:43:27,JSMR,RG,3750,402,D,YU,OD,D
13:43:18,JSMR,RG,3740,4,F,LG,HP,D
13:43:17,JSMR,RG,3740,20,F,LG,YU,F
13:43:02,JSMR,RG,3750,5,D,GR,OD,D
13:43:02,JSMR,RG,3750,1,D,NI,OD,D
13:43:02,JSMR,RG,3750,1,D,OD,OD,D
13:43:02,JSMR,RG,3750,5,D,OD,OD,D
13:43:02,JSMR,RG,3750,2,D,OD,OD,D
13:43:02,JSMR,RG,3750,1,F,OD,OD,D
13:43:02,JSMR,RG,3750,50,D,CC,OD,D
13:43:02,JSMR,RG,3750,2,D,YP,OD,D
13:43:02,JSMR,RG,3750,2,D,YP,OD,D
13:43:02,JSMR,RG,3750,1,D,YP,OD,D
13:43:02,JSMR,RG,3750,10,D,YP,OD,D
13:43:02,JSMR,RG,3750,2,D,YP,OD,D
13:43:02,JSMR,RG,3750,24,D,PD,OD,D
13:43:02,JSMR,RG,3750,1,D,XC,OD,D
13:43:02,JSMR,RG,3750,1,D,XC,OD,D
13:43:02,JSMR,RG,3750,5,D,YP,OD,D
13:43:02,JSMR,RG,3750,2,D,PD,OD,D
13:43:02,JSMR,RG,3750,983,D,KK,OD,D
13:42:49,JSMR,RG,3750,2,D,KK,BK,F
13:42:47,JSMR,RG,3750,15,D,KK,YU,F
13:42:47,JSMR,RG,3750,8,D,PD,YU,F
13:42:47,JSMR,RG,3750,1,D,SQ,YU,F
13:42:47,JSMR,RG,3750,9,D,KK,YU,F
13:42:47,JSMR,RG,3750,9,D,KK,YU,F
13:42:36,JSMR,RG,3750,1,D,KK,CC,D
13:42:33,JSMR,RG,3760,17,D,YP,OD,D
13:42:12,JSMR,RG,3750,24,D,KK,YU,F
13:42:04,JSMR,RG,3750,2,D,KK,PD,D
13:42:01,JSMR,RG,3750,48,D,KK,YB,D
13:41:33,JSMR,RG,3750,6,D,KK,BK,F
13:41:11,JSMR,RG,3750,1,D,KK,XC,D
13:41:07,JSMR,RG,3750,2,D,KK,PD,D
13:41:05,JSMR,RG,3750,50,D,KK,CS,F
13:40:56,JSMR,RG,3750,857,D,KK,YP,D
13:40:56,JSMR,RG,3750,143,D,XC,YP,D
13:40:48,JSMR,RG,3750,1,D,XC,XC,D
13:40:24,JSMR,RG,3750,20,D,XC,CS,F
13:40:21,JSMR,RG,3750,20,D,XC,FZ,D
13:39:54,JSMR,RG,3750,2,D,XC,EP,D
13:39:27,JSMR,RG,3750,7,D,XC,BK,F
13:39:07,JSMR,RG,3750,4,D,XC,PD,D
13:38:37,JSMR,RG,3750,25,D,XC,GR,D
13:38:30,JSMR,RG,3750,40,D,XC,PD,D
13:38:23,JSMR,RG,3750,4,D,XC,YP,D
13:38:13,JSMR,RG,3750,150,D,XC,PD,D
13:38:11,JSMR,RG,3750,277,D,XC,BK,F
13:37:57,JSMR,RG,3750,200,D,XC,PD,D
13:37:53,JSMR,RG,3750,3,D,XC,XL,D
13:37:44,JSMR,RG,3750,18,D,XC,CC,D
13:37:39,JSMR,RG,3750,10,D,XC,YP,D
13:37:33,JSMR,RG,3750,977,D,XC,CC,D
13:37:33,JSMR,RG,3750,5,D,CP,CC,D
13:37:33,JSMR,RG,3750,2,D,CP,CC,D
13:37:33,JSMR,RG,3750,1,D,PD,CC,D
13:37:33,JSMR,RG,3750,1,D,DH,CC,D
13:37:33,JSMR,RG,3750,20,D,ZR,CC,D
13:37:33,JSMR,RG,3750,1,D,SQ,CC,D
13:37:33,JSMR,RG,3750,10,D,KK,CC,D
13:37:33,JSMR,RG,3750,200,D,OD,CC,D
13:37:33,JSMR,RG,3750,3,D,YP,CC,D
13:37:33,JSMR,RG,3750,5,D,LG,CC,D
13:37:33,JSMR,RG,3750,100,D,CC,CC,D
13:37:33,JSMR,RG,3750,1,D,YP,CC,D
13:37:33,JSMR,RG,3750,74,D,LG,CC,D
13:37:28,JSMR,RG,3750,40,D,LG,XC,D
13:37:26,JSMR,RG,3750,7,D,LG,BK,F
13:36:40,JSMR,RG,3750,2,D,LG,XC,D
13:36:30,JSMR,RG,3750,1,D,LG,YP,D
13:35:29,JSMR,RG,3750,7,D,LG,BK,F
13:34:37,JSMR,RG,3750,57,D,LG,CC,D
13:34:26,JSMR,RG,3750,25,D,LG,DR,D
13:32:31,JSMR,RG,3760,11,D,CC,CS,F
13:32:31,JSMR,RG,3760,1,D,CC,YP,D
13:32:31,JSMR,RG,3760,16,D,CC,CS,F
13:32:31,JSMR,RG,3760,13,D,CC,BK,F
13:32:31,JSMR,RG,3760,6,D,CC,BK,F
13:32:31,JSMR,RG,3760,3,D,CC,CS,F
13:31:51,JSMR,RG,3760,18,F,BK,CC,D
13:31:51,JSMR,RG,3760,10,F,BK,NI,D
13:31:51,JSMR,RG,3760,1,F,BK,PD,D
13:31:51,JSMR,RG,3760,3,F,BK,PD,D
13:31:51,JSMR,RG,3760,16,F,BK,BK,F
13:31:51,JSMR,RG,3760,23,F,BK,CS,F
13:31:51,JSMR,RG,3760,11,F,BK,CS,F
13:31:51,JSMR,RG,3760,4,F,BK,CS,F
13:31:51,JSMR,RG,3760,1,F,BK,BK,F
13:31:51,JSMR,RG,3760,17,F,BK,CS,F
13:31:51,JSMR,RG,3760,5,F,BK,CS,F
13:31:51,JSMR,RG,3760,6,F,BK,CS,F
13:31:51,JSMR,RG,3760,11,F,BK,CS,F
13:31:51,JSMR,RG,3760,5,F,BK,CS,F
13:31:51,JSMR,RG,3760,13,F,BK,BK,F
13:31:51,JSMR,RG,3760,6,F,BK,BK,F
13:31:51,JSMR,RG,3760,103,F,BK,OD,D
13:31:50,JSMR,RG,3760,3,D,YP,OD,D
13:30:14,JSMR,RG,3760,194,F,BK,OD,D
13:30:14,JSMR,RG,3760,14,F,BK,CS,F
13:30:14,JSMR,RG,3760,3,F,BK,CS,F
13:30:14,JSMR,RG,3760,66,F,BK,OD,D
13:30:10,JSMR,RG,3760,123,D,YP,OD,D
13:30:08,JSMR,RG,3750,10,D,LG,CC,D
13:30:07,JSMR,RG,3750,45,D,LG,CC,D
13:30:03,JSMR,RG,3750,11,D,LG,LG,D
13:30:03,JSMR,RG,3760,10,D,PD,OD,D
13:30:03,JSMR,RG,3750,5,D,LG,XC,D
13:30:02,JSMR,RG,3750,2,D,LG,EP,D
13:30:01,JSMR,RG,3760,100,D,GR,OD,D
13:30:01,JSMR,RG,3750,14,D,LG,DH,D
13:30:01,JSMR,RG,3750,50,D,MG,DH,D
13:30:01,JSMR,RG,3750,10,D,MG,XC,D
13:30:01,JSMR,RG,3750,3,D,CC,XC,D
13:30:01,JSMR,RG,3750,17,D,DR,XC,D
13:30:01,JSMR,RG,3750,3,D,DR,AZ,D
13:30:01,JSMR,RG,3760,1,D,SQ,OD,D
11:29:31,JSMR,RG,3750,5,D,DR,RX,D
11:29:31,JSMR,RG,3750,1,D,CC,RX,D
11:29:31,JSMR,RG,3750,1,F,OD,RX,D
11:29:31,JSMR,RG,3750,54,D,YU,RX,D
11:29:27,JSMR,RG,3750,7,D,YU,BK,F
11:29:16,JSMR,RG,3750,42,D,YU,RX,D
11:29:16,JSMR,RG,3750,2,D,YU,ZP,F
11:29:16,JSMR,RG,3750,6,D,YU,ZP,F
11:28:58,JSMR,RG,3750,10,D,YU,PD,D
11:28:49,JSMR,RG,3750,43,D,YU,RX,D
11:28:41,JSMR,RG,3750,6,D,YU,BK,F
11:28:22,JSMR,RG,3750,54,D,YU,RX,D
11:28:13,JSMR,RG,3750,9,D,YU,ZP,F
11:27:38,JSMR,RG,3750,31,D,YU,RX,D
11:27:37,JSMR,RG,3750,4,D,YU,YU,D
11:27:17,JSMR,RG,3750,3,D,YU,PD,D
11:27:17,JSMR,RG,3750,41,D,YU,RX,D
11:27:01,JSMR,RG,3750,4,D,YU,CC,D
11:26:39,JSMR,RG,3750,1,D,YU,XC,D
11:25:21,JSMR,RG,3750,3,D,YU,XC,D
11:23:59,JSMR,RG,3750,22,D,YU,BK,F
11:23:55,JSMR,RG,3750,83,D,YU,BK,F
11:23:54,JSMR,RG,3760,13,D,YU,BK,F
11:23:54,JSMR,RG,3760,10,D,YU,CS,F
11:23:54,JSMR,RG,3760,8,D,YU,CS,F
11:23:54,JSMR,RG,3760,6,D,YU,CS,F
11:23:54,JSMR,RG,3760,17,D,YU,BK,F
11:23:54,JSMR,RG,3760,1,D,YU,CS,F
11:23:54,JSMR,RG,3760,1,D,YU,CS,F
11:23:54,JSMR,RG,3760,5,D,YU,CS,F
11:23:54,JSMR,RG,3760,5,D,YU,BK,F
11:23:54,JSMR,RG,3760,16,D,YU,BK,F
11:23:54,JSMR,RG,3760,290,D,YU,RX,D
11:23:54,JSMR,RG,3760,5,D,YU,CS,F
11:23:54,JSMR,RG,3760,7,D,YU,CS,F
11:23:54,JSMR,RG,3760,14,D,YU,CS,F
11:23:54,JSMR,RG,3760,8,D,YU,ZP,F
11:23:54,JSMR,RG,3760,94,D,YU,OD,D
11:23:52,JSMR,RG,3750,25,D,YU,BK,F
11:23:51,JSMR,RG,3750,17,D,YU,RX,D
11:23:49,JSMR,RG,3760,406,D,YU,OD,D
11:23:49,JSMR,RG,3760,12,D,YU,BK,F
11:23:49,JSMR,RG,3760,64,D,YU,BK,F
11:23:49,JSMR,RG,3760,6,D,YU,BK,F
11:23:49,JSMR,RG,3760,3,D,YU,CS,F
11:23:49,JSMR,RG,3760,3,D,YU,CS,F
11:23:49,JSMR,RG,3760,1,D,YU,CS,F
11:23:49,JSMR,RG,3760,5,D,YU,OD,D
11:23:47,JSMR,RG,3750,7,D,YU,BK,F
11:23:40,JSMR,RG,3750,20,D,YU,YU,D
11:23:35,JSMR,RG,3750,6,D,YU,BK,F
11:23:35,JSMR,RG,3750,6,D,YU,BK,F
11:22:21,JSMR,RG,3750,25,D,YU,BK,F
11:22:18,JSMR,RG,3750,40,D,YU,BK,F
11:22:13,JSMR,RG,3750,21,D,YU,BK,F
11:22:12,JSMR,RG,3750,277,D,YU,BK,F
11:21:58,JSMR,RG,3750,20,D,YU,BK,F
11:21:57,JSMR,RG,3750,1,D,YU,AK,F
11:21:57,JSMR,RG,3750,1,D,YU,AK,F
11:21:57,JSMR,RG,3750,3,D,YU,AK,F
11:21:56,JSMR,RG,3750,5,D,YU,AK,F
11:21:56,JSMR,RG,3750,11,D,YU,AK,F
11:21:53,JSMR,RG,3750,21,D,YU,BK,F
11:21:53,JSMR,RG,3760,2,D,KK,OD,D
11:21:48,JSMR,RG,3750,69,D,YU,BK,F
11:21:48,JSMR,RG,3750,10,D,YP,BK,F
11:21:48,JSMR,RG,3750,1,D,DR,BK,F
11:21:48,JSMR,RG,3750,3,D,PD,BK,F
11:21:46,JSMR,RG,3760,1,F,OD,OD,D
11:21:46,JSMR,RG,3760,1,D,DR,OD,D
11:21:46,JSMR,RG,3760,491,D,YU,OD,D
11:21:20,JSMR,RG,3770,1,D,DR,AK,F
11:21:06,JSMR,RG,3760,4,D,YU,BK,F
11:20:53,JSMR,RG,3760,5,D,YU,BK,F
11:19:39,JSMR,RG,3740,6,F,LG,YB,D
11:19:32,JSMR,RG,3750,3,D,OD,CC,D
11:19:02,JSMR,RG,3740,22,F,LG,BK,F
11:19:00,JSMR,RG,3790,7,D,YU,BK,F
11:19:00,JSMR,RG,3790,493,D,YU,PG,D
11:18:53,JSMR,RG,3790,7,D,YU,PG,D
11:18:53,JSMR,RG,3790,5,D,YU,KK,D
11:18:53,JSMR,RG,3790,350,D,YU,OD,D
11:18:53,JSMR,RG,3780,50,D,YU,YP,D
11:18:53,JSMR,RG,3780,15,D,YU,KK,D
11:18:53,JSMR,RG,3780,36,D,YU,OD,D
11:18:53,JSMR,RG,3770,1,D,YU,YP,D
11:18:53,JSMR,RG,3750,79,D,YU,BK,F
11:18:53,JSMR,RG,3750,7,D,YU,CS,F
11:18:53,JSMR,RG,3750,6,D,YU,CS,F
11:18:53,JSMR,RG,3750,15,D,YU,BK,F
11:18:53,JSMR,RG,3750,17,D,YU,CS,F
11:18:53,JSMR,RG,3750,10,D,YU,LG,D
11:18:53,JSMR,RG,3750,1,D,YU,BK,F
11:18:53,JSMR,RG,3750,5,D,YU,BK,F
11:18:53,JSMR,RG,3750,4,D,YU,PD,D
11:18:53,JSMR,RG,3750,9,D,YU,ZP,F
11:18:53,JSMR,RG,3750,5,D,YU,CS,F
11:18:53,JSMR,RG,3750,78,D,YU,RX,D
11:18:52,JSMR,RG,3750,5,D,DH,RX,D
11:18:16,JSMR,RG,3750,49,D,PG,RX,D
11:18:16,JSMR,RG,3750,13,D,PG,CS,F
11:18:16,JSMR,RG,3750,3,D,PG,CS,F
11:18:16,JSMR,RG,3750,1,D,PG,CS,F
11:18:16,JSMR,RG,3750,2,D,PG,CS,F
11:18:16,JSMR,RG,3750,2,D,PG,CS,F
11:18:16,JSMR,RG,3750,3,D,PG,CS,F
11:18:16,JSMR,RG,3750,8,D,PG,CS,F
11:18:16,JSMR,RG,3750,67,D,PG,BK,F
11:18:16,JSMR,RG,3750,2,D,PG,BK,F
11:18:16,JSMR,RG,3750,12,D,PG,BK,F
11:18:16,JSMR,RG,3750,270,D,PG,RX,D
11:18:16,JSMR,RG,3750,17,D,PG,CS,F
11:18:16,JSMR,RG,3750,5,D,PG,CS,F
11:18:16,JSMR,RG,3750,46,D,PG,CC,F
11:17:49,JSMR,RG,3740,5,F,LG,BK,F
11:17:46,JSMR,RG,3740,20,F,LG,LG,D
11:17:45,JSMR,RG,3740,22,F,LG,AK,F
11:17:44,JSMR,RG,3740,71,F,LG,RX,D
11:17:27,JSMR,RG,3740,18,F,LG,XC,D
11:17:13,JSMR,RG,3740,10,F,LG,LG,D
11:16:39,JSMR,RG,3740,120,F,LG,RX,D
11:16:26,JSMR,RG,3740,5,F,LG,BK,F
11:16:11,JSMR,RG,3740,10,F,LG,LG,D
11:15:57,JSMR,RG,3740,35,F,LG,RX,D
11:15:40,JSMR,RG,3740,10,F,LG,PD,D
11:15:25,JSMR,RG,3750,3,D,YP,CC,F
11:15:24,JSMR,RG,3740,47,F,LG,RX,D
11:15:18,JSMR,RG,3750,50,D,CC,CC,F
11:15:11,JSMR,RG,3750,2,D,CC,CC,F
11:14:45,JSMR,RG,3750,2,D,YP,CC,F
11:14:41,JSMR,RG,3740,15,F,LG,RX,D
11:14:24,JSMR,RG,3750,5,D,AG,CC,F
11:14:02,JSMR,RG,3750,1,D,YU,CC,F
11:13:05,JSMR,RG,3750,1,D,EP,CC,F
11:12:57,JSMR,RG,3740,160,F,LG,RX,D
11:12:33,JSMR,RG,3750,35,D,KK,CC,F
11:12:33,JSMR,RG,3750,9,D,KK,BK,F
11:12:33,JSMR,RG,3750,18,D,KK,BK,F
11:12:33,JSMR,RG,3750,12,D,KK,ZP,F
11:12:33,JSMR,RG,3750,20,D,KK,CS,F
11:12:33,JSMR,RG,3750,6,D,KK,CS,F
11:12:29,JSMR,RG,3740,798,F,LG,SQ,D
11:12:21,JSMR,RG,3750,10,D,KK,SQ,D
11:12:21,JSMR,RG,3750,2,D,XC,SQ,D
11:12:21,JSMR,RG,3750,14,D,KK,SQ,D
11:12:21,JSMR,RG,3750,17,D,DH,SQ,D
11:12:21,JSMR,RG,3750,10,D,YP,SQ,D
11:12:21,JSMR,RG,3750,50,D,DR,SQ,D
11:12:21,JSMR,RG,3750,1,D,CC,SQ,D
11:12:21,JSMR,RG,3750,5,D,YP,SQ,D
11:12:21,JSMR,RG,3750,20,D,NI,SQ,D
11:12:21,JSMR,RG,3750,73,D,OD,SQ,D
11:12:08,JSMR,RG,3760,1,D,NI,CS,F
11:12:07,JSMR,RG,3750,5,D,OD,BK,F
11:12:02,JSMR,RG,3750,3,D,OD,AK,F
11:10:31,JSMR,RG,3760,1,D,SQ,CS,F
11:10:21,JSMR,RG,3760,1,D,NI,CS,F
11:09:30,JSMR,RG,3760,6,D,NI,CS,F
11:09:30,JSMR,RG,3760,1,D,NI,ZP,F
11:09:30,JSMR,RG,3760,13,D,NI,KK,D
11:08:47,JSMR,RG,3750,2,D,OD,CS,F
11:08:47,JSMR,RG,3750,3,D,OD,CS,F
11:08:47,JSMR,RG,3750,10,D,OD,CS,F
11:08:46,JSMR,RG,3750,30,D,OD,CC,F
11:08:46,JSMR,RG,3750,13,D,OD,BK,F
11:08:46,JSMR,RG,3750,4,D,OD,CS,F
11:08:46,JSMR,RG,3750,5,D,OD,CS,F
11:08:46,JSMR,RG,3750,13,D,OD,CS,F
11:08:46,JSMR,RG,3750,1,D,OD,CS,F
11:08:46,JSMR,RG,3750,3,D,OD,CS,F
11:08:46,JSMR,RG,3750,5,D,OD,BK,F
11:08:46,JSMR,RG,3750,20,D,OD,ZP,F
11:08:46,JSMR,RG,3750,10,D,OD,RX,D
11:08:39,JSMR,RG,3750,2,D,OD,RX,D
11:08:37,JSMR,RG,3740,8,F,LG,OD,D
11:08:24,JSMR,RG,3750,10,D,PD,RX,D
11:08:22,JSMR,RG,3750,89,D,OD,RX,D
11:08:22,JSMR,RG,3750,111,D,OD,RX,D
11:08:15,JSMR,RG,3750,90,D,OD,RX,D
11:08:15,JSMR,RG,3750,5,D,OD,BK,F
11:08:15,JSMR,RG,3750,23,D,OD,BK,F
11:08:15,JSMR,RG,3750,2,D,OD,CS,F
11:08:15,JSMR,RG,3750,2,D,OD,CS,F
11:08:15,JSMR,RG,3750,10,D,OD,CS,F
11:08:15,JSMR,RG,3750,8,D,OD,CS,F
11:08:15,JSMR,RG,3750,6,D,OD,CS,F
11:08:15,JSMR,RG,3750,4,D,OD,CS,F
11:08:15,JSMR,RG,3750,50,D,OD,YP,D
11:07:27,JSMR,RG,3740,30,F,LG,RX,D
11:07:01,JSMR,RG,3750,3,D,PD,AK,F
11:07:01,JSMR,RG,3750,1,D,PD,AK,F
11:07:01,JSMR,RG,3750,1,D,YP,AK,F
11:07:01,JSMR,RG,3750,1,D,XC,AK,F
11:07:01,JSMR,RG,3750,5,D,EP,AK,F
11:07:01,JSMR,RG,3750,6,D,KK,AK,F
11:07:00,JSMR,RG,3750,8,D,KK,CS,F
11:07:00,JSMR,RG,3750,16,D,KK,RX,D
11:07:00,JSMR,RG,3750,2,D,YP,RX,D
11:07:00,JSMR,RG,3750,5,D,LS,RX,D
11:07:00,JSMR,RG,3750,1,D,XL,RX,D
11:07:00,JSMR,RG,3750,1,D,SQ,RX,D
11:07:00,JSMR,RG,3750,46,D,YP,RX,D
11:06:44,JSMR,RG,3750,4,D,YP,BK,F
11:06:44,JSMR,RG,3750,2,D,FZ,BK,F
11:05:50,JSMR,RG,3750,7,D,FZ,BK,F
11:04:58,JSMR,RG,3750,7,D,FZ,NI,D
11:04:55,JSMR,RG,3750,4,D,FZ,YP,D
11:04:34,JSMR,RG,3740,16,F,LG,YP,D
11:04:34,JSMR,RG,3750,1,D,YP,YP,D
11:04:34,JSMR,RG,3750,1,D,EP,YP,D
11:04:34,JSMR,RG,3750,100,D,YP,YP,D
11:04:34,JSMR,RG,3750,312,D,YU,YP,D
11:04:34,JSMR,RG,3750,50,D,OD,YP,D
11:04:34,JSMR,RG,3750,10,D,DX,YP,D
11:04:34,JSMR,RG,3750,2,D,YP,YP,D
11:04:34,JSMR,RG,3750,5,D,CC,YP,D
11:04:34,JSMR,RG,3750,50,D,CC,YP,D
11:04:34,JSMR,RG,3750,5,D,KK,YP,D
11:04:34,JSMR,RG,3750,10,D,KK,YP,D
11:04:34,JSMR,RG,3750,1,D,YP,YP,D
11:04:34,JSMR,RG,3750,1,D,XC,YP,D
11:04:34,JSMR,RG,3750,2,D,DH,YP,D
11:04:34,JSMR,RG,3750,50,D,IT,YP,D
11:04:34,JSMR,RG,3750,3,D,XC,YP,D
11:04:34,JSMR,RG,3750,5,D,YP,YP,D
11:04:34,JSMR,RG,3750,6,D,CP,YP,D
11:04:34,JSMR,RG,3760,1,D,CC,YP,D
11:04:34,JSMR,RG,3760,10,D,PD,YP,D
11:04:34,JSMR,RG,3760,10,D,DX,YP,D
11:04:34,JSMR,RG,3760,50,D,YP,YP,D
11:04:34,JSMR,RG,3760,50,D,YU,YP,D
11:04:34,JSMR,RG,3760,5,D,SQ,YP,D
11:04:34,JSMR,RG,3760,86,D,YB,YP,D
11:04:19,JSMR,RG,3770,110,D,YU,RX,D
11:04:19,JSMR,RG,3770,12,D,YU,CS,F
11:04:19,JSMR,RG,3770,1,D,YU,ZP,F
11:04:19,JSMR,RG,3770,177,D,YU,OD,D
11:04:13,JSMR,RG,3760,4,D,YB,AK,F
11:03:11,JSMR,RG,3760,10,D,YB,XC,D
11:02:46,JSMR,RG,3770,7,D,PD,OD,D
11:01:45,JSMR,RG,3760,3,D,PD,XC,D
11:01:45,JSMR,RG,3760,6,D,PD,CS,F
11:01:45,JSMR,RG,3760,11,D,PD,CC,F
11:01:38,JSMR,RG,3760,1,D,NI,CC,F
11:01:29,JSMR,RG,3760,8,D,DX,CC,F
11:01:29,JSMR,RG,3760,2,D,DX,RX,D
11:01:17,JSMR,RG,3760,42,D,YU,RX,D
11:01:17,JSMR,RG,3760,7,D,YU,BK,F
11:01:17,JSMR,RG,3760,15,D,YU,LG,D
11:01:17,JSMR,RG,3760,2,D,YU,ZP,F
11:01:17,JSMR,RG,3760,1,D,YU,CC,F
11:01:17,JSMR,RG,3760,2,D,YU,NI,D
11:01:17,JSMR,RG,3760,4,D,YU,CS,F
11:01:17,JSMR,RG,3760,1,D,YU,CS,F
11:01:17,JSMR,RG,3760,7,D,YU,CS,F
11:01:17,JSMR,RG,3760,15,D,YU,KK,D
11:01:17,JSMR,RG,3760,4,D,YU,CS,F
11:01:12,JSMR,RG,3750,9,D,CP,KI,D
11:01:06,JSMR,RG,3760,11,D,YU,CS,F
11:01:06,JSMR,RG,3760,4,D,YU,CS,F
11:01:06,JSMR,RG,3760,14,D,YU,CS,F
11:01:06,JSMR,RG,3760,1,D,YU,CS,F
11:01:06,JSMR,RG,3760,58,D,YU,OD,D
11:00:33,JSMR,RG,3750,4,D,CP,XC,D
11:00:06,JSMR,RG,3750,1,D,CP,XC,D
11:00:06,JSMR,RG,3750,1,D,XC,XC,D
10:59:48,JSMR,RG,3750,1,F,BK,CS,F
10:59:48,JSMR,RG,3750,1,F,BK,CS,F
10:59:47,JSMR,RG,3750,1,D,DH,CS,F
10:59:47,JSMR,RG,3750,49,D,DH,YP,D
10:59:45,JSMR,RG,3750,1,D,NI,YP,D
10:59:45,JSMR,RG,3750,2,D,YP,YP,D
10:59:45,JSMR,RG,3750,3,D,XC,YP,D
10:59:45,JSMR,RG,3750,1,D,YP,YP,D
10:59:45,JSMR,RG,3750,4,D,HD,YP,D
10:59:41,JSMR,RG,3760,15,D,CC,OD,D
10:59:28,JSMR,RG,3750,21,D,HD,CS,F
10:59:25,JSMR,RG,3750,7,F,BK,ZP,F
10:59:25,JSMR,RG,3750,25,F,BK,BK,F
10:59:25,JSMR,RG,3750,8,F,BK,BK,F
10:59:25,JSMR,RG,3750,5,F,BK,CS,F
10:59:25,JSMR,RG,3750,12,F,BK,CS,F
10:59:25,JSMR,RG,3750,2,F,BK,CS,F
10:59:25,JSMR,RG,3750,2,F,BK,CS,F
10:59:25,JSMR,RG,3750,36,F,BK,CC,F
10:59:25,JSMR,RG,3750,12,F,BK,BK,F
10:59:25,JSMR,RG,3750,4,F,BK,PD,D
10:59:25,JSMR,RG,3750,183,F,BK,RX,D
10:59:24,JSMR,RG,3750,1,D,KK,RX,D
10:59:10,JSMR,RG,3750,1,D,XC,RX,D
10:59:04,JSMR,RG,3750,2,D,YP,RX,D
10:59:04,JSMR,RG,3740,30,F,LG,PD,D
10:58:53,JSMR,RG,3750,7,D,PD,RX,D
10:58:38,JSMR,RG,3750,30,D,CC,RX,D
10:58:32,JSMR,RG,3750,2,D,PD,RX,D
10:58:30,JSMR,RG,3740,13,F,LG,BK,F
10:58:28,JSMR,RG,3750,100,D,YP,RX,D
10:58:12,JSMR,RG,3750,2,D,CC,RX,D
10:58:03,JSMR,RG,3750,40,D,YP,RX,D
10:58:03,JSMR,RG,3750,10,D,YP,CS,F
10:58:00,JSMR,RG,3740,13,F,LG,BK,F
10:57:57,JSMR,RG,3740,259,F,LG,DR,D
10:57:49,JSMR,RG,3750,1,D,PD,CS,F
10:57:49,JSMR,RG,3750,4,D,YB,CS,F
10:57:49,JSMR,RG,3750,1,D,YB,CS,F
10:57:49,JSMR,RG,3750,9,D,YB,CS,F
10:57:49,JSMR,RG,3750,1,D,YB,CS,F
10:57:49,JSMR,RG,3750,6,D,YB,CS,F
10:57:49,JSMR,RG,3750,4,D,YB,BK,F
10:57:41,JSMR,RG,3750,4,D,NI,BK,F
10:57:41,JSMR,RG,3750,1,D,NI,ZP,F
10:57:39,JSMR,RG,3750,25,D,CC,ZP,F
10:57:27,JSMR,RG,3750,2,D,PD,ZP,F
10:57:19,JSMR,RG,3750,25,D,YB,BK,F
10:57:06,JSMR,RG,3740,2,F,LG,HP,D
10:56:49,JSMR,RG,3740,117,F,LG,RX,D
10:56:46,JSMR,RG,3750,155,D,OD,BK,F
10:56:46,JSMR,RG,3750,3,D,OD,CS,F
10:56:46,JSMR,RG,3750,5,D,OD,CS,F
10:56:46,JSMR,RG,3750,35,D,OD,ZP,F
10:56:46,JSMR,RG,3750,13,D,OD,CS,F
10:56:46,JSMR,RG,3750,1,D,OD,CS,F
10:56:46,JSMR,RG,3750,4,D,OD,CS,F
10:56:46,JSMR,RG,3750,84,D,OD,OD,D
10:56:45,JSMR,RG,3750,3,D,XC,OD,D
10:56:40,JSMR,RG,3740,22,F,LG,BK,F
10:56:39,JSMR,RG,3750,1,D,DR,OD,D
10:56:38,JSMR,RG,3740,59,F,LG,BK,F
10:56:34,JSMR,RG,3740,13,F,LG,BK,F
10:56:34,JSMR,RG,3740,27,F,LG,BK,F
10:56:34,JSMR,RG,3740,100,D,PD,BK,F
10:56:34,JSMR,RG,3740,1,D,YP,BK,F
10:56:34,JSMR,RG,3740,1,D,IF,BK,F
10:56:34,JSMR,RG,3740,1,D,YP,BK,F
10:56:34,JSMR,RG,3740,1,D,YP,BK,F
10:56:34,JSMR,RG,3740,1,D,KK,BK,F
10:56:34,JSMR,RG,3740,10,D,DH,BK,F
10:56:34,JSMR,RG,3740,50,D,CC,BK,F
10:56:34,JSMR,RG,3740,1,D,AZ,BK,F
10:56:34,JSMR,RG,3740,18,D,YP,BK,F
10:56:34,JSMR,RG,3740,54,D,YU,BK,F
10:56:34,JSMR,RG,3740,1,D,YP,BK,F
10:56:34,JSMR,RG,3740,15,D,DH,BK,F
10:56:34,JSMR,RG,3740,1,D,PD,BK,F
10:56:34,JSMR,RG,3740,12,D,EP,BK,F
10:56:32,JSMR,RG,3750,2,D,PD,OD,D
10:56:32,JSMR,RG,3750,5,D,AR,OD,D
10:56:32,JSMR,RG,3750,25,D,AI,OD,D
10:56:32,JSMR,RG,3750,10,D,SQ,OD,D
10:56:32,JSMR,RG,3750,200,D,YP,OD,D
10:56:32,JSMR,RG,3750,10,D,CC,OD,D
10:56:32,JSMR,RG,3750,50,D,CC,OD,D
10:56:32,JSMR,RG,3750,1,D,PD,OD,D
10:56:32,JSMR,RG,3750,5,D,YU,OD,D
10:56:32,JSMR,RG,3750,10,D,SQ,OD,D
10:56:32,JSMR,RG,3750,1,D,XC,OD,D
10:56:32,JSMR,RG,3750,10,D,TP,OD,D
10:56:32,JSMR,RG,3750,10,D,DR,OD,D
10:56:32,JSMR,RG,3750,3,D,SQ,OD,D
10:56:32,JSMR,RG,3750,20,F,AG,OD,D
10:56:32,JSMR,RG,3750,40,D,XC,OD,D
10:56:32,JSMR,RG,3750,3,D,PD,OD,D
10:56:32,JSMR,RG,3750,20,D,CP,OD,D
10:56:32,JSMR,RG,3750,1,D,YP,OD,D
10:56:32,JSMR,RG,3750,1,D,XL,OD,D
10:56:32,JSMR,RG,3750,20,D,OD,OD,D
10:56:32,JSMR,RG,3750,20,D,NI,OD,D
10:56:32,JSMR,RG,3750,2,D,HP,OD,D
10:56:32,JSMR,RG,3750,1,D,PD,OD,D
10:56:32,JSMR,RG,3750,3,D,PD,OD,D
10:56:32,JSMR,RG,3750,20,D,CC,OD,D
10:56:32,JSMR,RG,3750,10,D,OD,OD,D
10:56:32,JSMR,RG,3750,1,D,GR,OD,D
10:56:32,JSMR,RG,3750,2,D,PD,OD,D
10:56:32,JSMR,RG,3750,1,D,XL,OD,D
10:56:32,JSMR,RG,3750,10,D,CC,OD,D
10:56:32,JSMR,RG,3750,10,D,NI,OD,D
10:56:32,JSMR,RG,3750,5,D,NI,OD,D
10:56:32,JSMR,RG,3750,1,D,PD,OD,D
10:56:32,JSMR,RG,3750,100,D,NI,OD,D
10:56:32,JSMR,RG,3750,5,D,XA,OD,D
10:56:32,JSMR,RG,3750,100,D,LG,OD,D
10:56:32,JSMR,RG,3750,8,D,OD,OD,D
10:56:32,JSMR,RG,3750,2,D,YP,OD,D
10:56:32,JSMR,RG,3750,2,D,YP,OD,D
10:56:32,JSMR,RG,3750,750,D,AZ,OD,D
10:56:32,JSMR,RG,3750,1,D,AZ,OD,D
10:56:32,JSMR,RG,3750,2,D,XC,OD,D
10:56:32,JSMR,RG,3750,1,D,OD,OD,D
10:56:32,JSMR,RG,3750,15,D,ZP,OD,D
10:56:32,JSMR,RG,3750,2,D,PD,OD,D
10:56:32,JSMR,RG,3750,5,D,AT,OD,D
10:56:32,JSMR,RG,3750,50,D,PD,OD,D
10:56:32,JSMR,RG,3750,5,D,AT,OD,D
10:56:32,JSMR,RG,3750,15,D,YP,OD,D
10:56:32,JSMR,RG,3750,16,D,RB,OD,D
10:56:23,JSMR,RG,3750,20,D,RB,BK,F
10:56:22,JSMR,RG,3750,8,D,RB,BK,F
10:55:32,JSMR,RG,3750,49,D,RB,RX,D
10:55:24,JSMR,RG,3760,1,D,OD,OD,D
10:55:15,JSMR,RG,3760,10,D,DR,OD,D
10:54:58,JSMR,RG,3750,7,D,RB,BK,F
10:54:58,JSMR,RG,3750,4,D,PD,BK,F
10:54:58,JSMR,RG,3750,4,D,PD,BK,F
10:54:58,JSMR,RG,3750,5,D,CC,BK,F
10:54:56,JSMR,RG,3750,5,D,CC,BK,F
10:54:56,JSMR,RG,3750,10,D,DH,BK,F
10:54:56,JSMR,RG,3750,3,D,YP,BK,F
10:54:52,JSMR,RG,3760,50,D,OD,OD,D
10:54:52,JSMR,RG,3750,22,D,YP,RX,D
10:54:52,JSMR,RG,3750,30,D,YP,RX,D
10:54:31,JSMR,RG,3750,20,D,YP,CS,F
10:54:31,JSMR,RG,3750,2,D,NI,CS,F
10:54:28,JSMR,RG,3750,1,D,NI,XC,D
10:54:23,JSMR,RG,3760,1,D,YU,OD,D
10:54:13,JSMR,RG,3750,17,D,NI,RX,D
10:54:13,JSMR,RG,3750,6,D,PD,RX,D
10:54:13,JSMR,RG,3750,29,D,NI,RX,D
10:54:12,JSMR,RG,3750,1,D,NI,BK,F
10:54:12,JSMR,RG,3750,5,D,CC,BK,F
10:54:12,JSMR,RG,3750,2,D,KK,BK,F
10:54:03,JSMR,RG,3760,2,D,HP,OD,D
10:53:59,JSMR,RG,3750,10,D,YP,BK,F
10:53:59,JSMR,RG,3750,5,D,PD,BK,F
10:53:59,JSMR,RG,3750,1,D,YP,BK,F
10:53:59,JSMR,RG,3750,5,D,CC,BK,F
10:53:59,JSMR,RG,3750,1,D,YP,BK,F
10:53:53,JSMR,RG,3760,6,D,PD,OD,D
10:53:38,JSMR,RG,3750,13,D,YP,BK,F
10:53:33,JSMR,RG,3750,24,D,YP,RX,D
10:53:05,JSMR,RG,3750,12,D,YP,BK,F
10:53:05,JSMR,RG,3750,1,D,SQ,BK,F
10:53:04,JSMR,RG,3750,9,D,SQ,RX,D
10:53:04,JSMR,RG,3750,35,D,CC,RX,D
10:53:04,JSMR,RG,3750,2,D,CC,RX,D
10:53:04,JSMR,RG,3750,15,D,DR,RX,D
10:53:04,JSMR,RG,3750,4,D,NI,RX,D
10:52:58,JSMR,RG,3760,2,D,YU,OD,D
10:52:55,JSMR,RG,3760,20,D,DH,OD,D
10:52:49,JSMR,RG,3760,1,D,NI,OD,D
10:52:48,JSMR,RG,3750,16,D,NI,BK,F
10:52:48,JSMR,RG,3750,4,D,DH,BK,F
10:52:44,JSMR,RG,3750,1,D,YP,BK,F
10:52:44,JSMR,RG,3750,25,D,GR,BK,F
10:52:41,JSMR,RG,3750,14,D,GR,BK,F
10:52:39,JSMR,RG,3750,11,D,GR,BK,F
10:52:39,JSMR,RG,3750,50,D,YP,BK,F
10:52:39,JSMR,RG,3750,1,D,YP,BK,F
10:52:39,JSMR,RG,3750,20,D,CC,BK,F
10:52:39,JSMR,RG,3750,1,D,KK,BK,F
10:52:39,JSMR,RG,3750,1,D,AZ,BK,F
10:52:39,JSMR,RG,3750,1,D,DH,BK,F
10:52:39,JSMR,RG,3750,1,D,XC,BK,F
10:52:39,JSMR,RG,3750,1,D,EP,BK,F
10:52:39,JSMR,RG,3750,10,D,AZ,BK,F
10:52:39,JSMR,RG,3750,7,D,NI,BK,F
10:52:36,JSMR,RG,3750,1,D,NI,CC,D
10:52:36,JSMR,RG,3750,2,D,NI,BK,F
10:52:36,JSMR,RG,3750,2,D,CP,BK,F
10:52:36,JSMR,RG,3750,10,D,IF,BK,F
10:52:34,JSMR,RG,3760,100,D,NI,OD,D
10:52:34,JSMR,RG,3760,50,D,CC,OD,D
10:52:34,JSMR,RG,3760,50,D,CC,OD,D
10:52:34,JSMR,RG,3760,4,D,PD,OD,D
10:52:34,JSMR,RG,3760,1,D,EP,OD,D
10:52:34,JSMR,RG,3760,1,D,PD,OD,D
10:52:34,JSMR,RG,3760,1,D,PD,OD,D
10:52:34,JSMR,RG,3760,2,D,YP,OD,D
10:52:34,JSMR,RG,3760,10,D,OD,OD,D
10:52:34,JSMR,RG,3760,50,D,NI,OD,D
10:52:34,JSMR,RG,3760,1,D,YP,OD,D
10:52:34,JSMR,RG,3760,1,D,YP,OD,D
10:52:34,JSMR,RG,3760,200,D,YP,OD,D
10:52:34,JSMR,RG,3760,1,D,CC,OD,D
10:52:34,JSMR,RG,3760,1,D,YP,OD,D
10:52:34,JSMR,RG,3760,100,D,CC,OD,D
10:52:34,JSMR,RG,3760,100,D,SQ,OD,D
10:52:34,JSMR,RG,3760,3,D,YP,OD,D
10:52:34,JSMR,RG,3760,20,D,SQ,OD,D
10:52:34,JSMR,RG,3760,5,D,PD,OD,D
10:52:34,JSMR,RG,3760,15,D,DH,OD,D
10:52:34,JSMR,RG,3760,1,D,ZP,OD,D
10:52:34,JSMR,RG,3760,5,D,YP,OD,D
10:52:34,JSMR,RG,3760,1,D,OD,OD,D
10:52:34,JSMR,RG,3760,2,D,CC,OD,D
10:52:34,JSMR,RG,3760,300,D,CC,OD,D
10:52:34,JSMR,RG,3760,109,D,CD,OD,D
10:52:27,JSMR,RG,3760,24,D,CD,RX,D
10:52:23,JSMR,RG,3770,10,D,YB,OD,D
10:52:14,JSMR,RG,3760,7,D,CD,BK,F
10:51:57,JSMR,RG,3760,51,D,CD,RX,D
10:51:23,JSMR,RG,3760,16,D,CD,BK,F
10:51:19,JSMR,RG,3760,81,D,CD,RX,D
10:51:15,JSMR,RG,3760,12,D,CD,BK,F
10:51:15,JSMR,RG,3760,2,D,CC,BK,F
10:51:12,JSMR,RG,3760,2,D,YP,BK,F
10:51:12,JSMR,RG,3760,5,D,PD,BK,F
10:51:12,JSMR,RG,3760,7,D,DR,BK,F
10:51:10,JSMR,RG,3760,6,D,DR,NI,D
10:51:10,JSMR,RG,3760,1,D,YP,NI,D
10:51:10,JSMR,RG,3760,1,D,YP,NI,D
10:51:10,JSMR,RG,3760,6,D,CC,NI,D
10:51:10,JSMR,RG,3760,1,D,KK,NI,D
10:51:10,JSMR,RG,3760,5,D,DR,NI,D
10:51:10,JSMR,RG,3760,30,D,SQ,NI,D
10:51:10,JSMR,RG,3760,2,D,PD,BK,F
10:51:10,JSMR,RG,3760,12,D,EP,BK,F
10:51:07,JSMR,RG,3770,5,D,TP,OD,D
10:51:07,JSMR,RG,3770,5,D,LS,OD,D
10:51:07,JSMR,RG,3770,1,D,XC,OD,D
10:51:07,JSMR,RG,3770,1,D,EP,OD,D
10:51:07,JSMR,RG,3770,10,D,CC,OD,D
10:51:07,JSMR,RG,3770,2,D,NI,OD,D
10:51:07,JSMR,RG,3770,1,D,PD,OD,D
10:51:07,JSMR,RG,3770,2,D,YP,OD,D
10:51:07,JSMR,RG,3770,20,D,NI,OD,D
10:51:07,JSMR,RG,3770,10,D,XA,OD,D
10:51:07,JSMR,RG,3770,10,D,DX,OD,D
10:51:07,JSMR,RG,3770,1,D,YP,OD,D
10:51:07,JSMR,RG,3770,10,D,AZ,OD,D
10:51:07,JSMR,RG,3770,1,D,YB,OD,D
10:51:07,JSMR,RG,3770,1,D,YP,OD,D
10:51:07,JSMR,RG,3770,200,D,OD,OD,D
10:51:07,JSMR,RG,3770,17,D,YP,OD,D
10:51:07,JSMR,RG,3770,1,D,PD,OD,D
10:51:07,JSMR,RG,3770,10,D,YP,OD,D
10:51:07,JSMR,RG,3770,3,D,PD,OD,D
10:51:07,JSMR,RG,3770,10,D,XA,OD,D
10:51:07,JSMR,RG,3770,20,F,AG,OD,D
10:51:07,JSMR,RG,3770,1,D,YP,OD,D
10:51:07,JSMR,RG,3770,2,D,NI,OD,D
10:51:07,JSMR,RG,3770,1,D,YP,OD,D
10:51:07,JSMR,RG,3770,15,D,PD,OD,D
10:51:07,JSMR,RG,3770,133,D,YP,OD,D
10:51:07,JSMR,RG,3770,25,D,NI,OD,D
10:51:07,JSMR,RG,3770,1,D,BQ,OD,D
10:51:07,JSMR,RG,3770,50,D,OD,OD,D
10:51:07,JSMR,RG,3770,2,D,PD,OD,D
10:51:07,JSMR,RG,3770,1,D,PD,OD,D
10:51:07,JSMR,RG,3770,1,D,PD,OD,D
10:51:07,JSMR,RG,3770,20,D,XC,OD,D
10:51:07,JSMR,RG,3770,2,D,XA,OD,D
10:51:07,JSMR,RG,3770,211,D,SQ,OD,D
10:50:48,JSMR,RG,3770,121,D,SQ,RX,D
10:50:21,JSMR,RG,3770,7,D,SQ,BK,F
10:50:19,JSMR,RG,3780,2,D,CC,OD,D
10:49:13,JSMR,RG,3770,63,D,SQ,RX,D
10:48:57,JSMR,RG,3770,2,D,SQ,NI,D
10:48:23,JSMR,RG,3770,37,D,SQ,RX,D
10:48:17,JSMR,RG,3770,7,D,SQ,BK,F
10:46:58,JSMR,RG,3770,1,D,SQ,LG,D
10:46:19,JSMR,RG,3780,362,D,YU,OD,D
10:46:19,JSMR,RG,3780,50,D,YU,CC,D
10:46:19,JSMR,RG,3780,15,D,YU,ZP,F
10:46:19,JSMR,RG,3780,3,D,YU,CS,F
10:46:19,JSMR,RG,3780,4,D,YU,CS,F
10:46:19,JSMR,RG,3780,7,D,YU,CS,F
10:46:19,JSMR,RG,3780,20,D,YU,CS,F
10:46:19,JSMR,RG,3780,8,D,YU,AZ,D
10:46:19,JSMR,RG,3780,14,D,YU,BK,F
10:46:19,JSMR,RG,3780,17,D,YU,BK,F
10:45:52,JSMR,RG,3770,1,D,SQ,YP,D
10:45:31,JSMR,RG,3770,26,D,SQ,PD,D
10:44:42,JSMR,RG,3770,63,D,SQ,CS,F
10:44:41,JSMR,RG,3770,2,D,SQ,PD,D
10:44:30,JSMR,RG,3780,2,D,YP,BK,F
10:42:23,JSMR,RG,3780,10,D,YP,BK,F
10:41:44,JSMR,RG,3780,2,D,NI,BK,F
10:41:10,JSMR,RG,3780,10,D,XL,BK,F
10:40:50,JSMR,RG,3780,1,D,YP,BK,F
10:40:02,JSMR,RG,3780,1,D,XC,BK,F
10:39:10,JSMR,RG,3780,10,D,DX,BK,F
10:38:53,JSMR,RG,3770,9,D,SQ,PD,D
10:38:08,JSMR,RG,3780,1,D,NI,BK,F
10:38:03,JSMR,RG,3770,118,D,SQ,DR,D
10:37:50,JSMR,RG,3770,7,D,SQ,PD,D
10:37:03,JSMR,RG,3780,50,D,GR,BK,F
10:36:57,JSMR,RG,3780,1,D,PD,BK,F
10:36:48,JSMR,RG,3780,18,D,GR,BK,F
10:36:48,JSMR,RG,3780,4,D,GR,CS,F
10:36:48,JSMR,RG,3780,4,D,GR,CS,F
10:36:48,JSMR,RG,3780,8,D,GR,CS,F
10:36:48,JSMR,RG,3780,11,D,GR,CS,F
10:36:48,JSMR,RG,3780,5,D,GR,CS,F
10:36:34,JSMR,RG,3780,3,D,GR,CS,F
10:36:34,JSMR,RG,3780,47,D,GR,YP,D
10:35:43,JSMR,RG,3770,1,D,SQ,GR,D
10:35:42,JSMR,RG,3780,2,D,KK,YP,D
10:35:16,JSMR,RG,3770,124,D,SQ,DR,D
10:35:16,JSMR,RG,3770,2,D,YP,DR,D
10:35:16,JSMR,RG,3770,2,D,YB,DR,D
10:35:14,JSMR,RG,3780,5,D,CC,YP,D
10:35:10,JSMR,RG,3780,10,D,NI,YP,D
10:34:40,JSMR,RG,3780,2,D,GR,YP,D
10:34:26,JSMR,RG,3780,10,D,XL,YP,D
10:32:24,JSMR,RG,3780,2,D,AR,YP,D
10:32:24,JSMR,RG,3780,20,D,NI,YP,D
10:32:24,JSMR,RG,3780,5,D,YP,YP,D
10:32:24,JSMR,RG,3780,1,D,XC,YP,D
10:32:24,JSMR,RG,3780,6,D,YP,YP,D
10:32:24,JSMR,RG,3780,1,D,CC,YP,D
10:32:24,JSMR,RG,3780,10,D,KK,YP,D
10:32:24,JSMR,RG,3780,1,D,XC,YP,D
10:32:24,JSMR,RG,3780,78,D,DR,YP,D
10:32:07,JSMR,RG,3780,22,D,DR,AK,F
10:32:07,JSMR,RG,3780,12,D,KK,AK,F
10:32:06,JSMR,RG,3780,18,D,KK,ZP,F
10:32:06,JSMR,RG,3780,5,D,YB,ZP,F
10:32:06,JSMR,RG,3780,4,D,OD,ZP,F
10:32:06,JSMR,RG,3780,46,D,OD,CC,D
10:32:06,JSMR,RG,3780,2,D,PD,CC,D
10:32:06,JSMR,RG,3780,417,D,YU,CC,D
10:31:37,JSMR,RG,3790,1,D,YP,OD,D
10:31:26,JSMR,RG,3780,1,D,YU,XC,D
10:29:46,JSMR,RG,3780,2,D,YU,KK,D
10:29:28,JSMR,RG,3790,1,D,XC,OD,D
10:29:09,JSMR,RG,3790,2,D,XC,OD,D
10:29:09,JSMR,RG,3790,146,D,YP,OD,D
10:27:46,JSMR,RG,3790,25,D,YP,PD,D
10:26:50,JSMR,RG,3790,1,D,YP,NI,F
10:26:18,JSMR,RG,3790,6,D,YP,CS,F
10:26:18,JSMR,RG,3790,7,D,YP,CS,F
10:26:18,JSMR,RG,3790,6,D,YP,CS,F
10:26:18,JSMR,RG,3790,2,D,YP,CS,F
10:26:18,JSMR,RG,3790,7,D,YP,BK,F
10:26:12,JSMR,RG,3790,8,D,NI,BK,F
10:26:12,JSMR,RG,3790,19,D,NI,CS,F
10:26:12,JSMR,RG,3790,20,D,NI,ZP,F
10:26:12,JSMR,RG,3790,13,D,NI,CC,F
10:26:07,JSMR,RG,3790,7,D,GR,CC,F
10:26:07,JSMR,RG,3790,25,D,GR,CC,D
10:26:07,JSMR,RG,3790,5,D,GR,NI,D
10:26:07,JSMR,RG,3790,25,D,GR,PD,D
10:26:07,JSMR,RG,3790,25,D,GR,LG,D
10:26:07,JSMR,RG,3790,10,D,GR,YP,D
10:26:07,JSMR,RG,3790,20,D,GR,YP,D
10:26:07,JSMR,RG,3790,4,D,GR,CS,F
10:26:07,JSMR,RG,3790,4,D,GR,ZP,F
10:26:07,JSMR,RG,3790,11,D,GR,CS,F
10:26:07,JSMR,RG,3790,6,D,GR,CS,F
10:26:07,JSMR,RG,3790,3,D,GR,XL,D
10:26:07,JSMR,RG,3790,5,D,GR,CS,F
10:25:55,JSMR,RG,3790,11,D,GR,CS,F
10:25:55,JSMR,RG,3790,4,D,GR,BK,F
10:25:55,JSMR,RG,3790,25,D,GR,PD,D
10:25:55,JSMR,RG,3790,7,D,GR,BK,F
10:25:55,JSMR,RG,3790,3,D,GR,BK,F
10:25:43,JSMR,RG,3790,40,D,GR,BK,F
10:25:43,JSMR,RG,3790,10,D,GR,OD,D
10:25:34,JSMR,RG,3780,20,D,YU,YP,D
10:24:44,JSMR,RG,3790,1,D,XC,OD,D
10:24:38,JSMR,RG,3790,1,D,OD,OD,D
10:24:15,JSMR,RG,3790,10,D,PD,OD,D
10:22:12,JSMR,RG,3790,2,D,PD,OD,D
10:21:46,JSMR,RG,3790,1,D,CC,OD,D
10:21:29,JSMR,RG,3790,32,F,AG,OD,D
10:20:42,JSMR,RG,3790,10,D,PD,OD,D
10:16:28,JSMR,RG,3780,2,D,YU,LG,D
10:15:26,JSMR,RG,3790,233,D,YU,OD,D
10:15:26,JSMR,RG,3790,13,D,YU,BK,F
10:15:26,JSMR,RG,3790,1,D,YU,ZP,F
10:15:26,JSMR,RG,3790,1,D,YU,XC,D
10:15:26,JSMR,RG,3790,3,D,YU,PD,D
10:15:26,JSMR,RG,3790,10,D,YU,ZP,F
10:15:26,JSMR,RG,3790,4,D,YU,CS,F
10:15:26,JSMR,RG,3790,200,D,YU,OD,D
10:15:26,JSMR,RG,3790,18,D,YU,CS,F
10:15:26,JSMR,RG,3790,1,D,YU,CS,F
10:15:26,JSMR,RG,3790,2,D,YU,CS,F
10:15:26,JSMR,RG,3790,14,D,YU,BK,F
10:15:21,JSMR,RG,3790,2,D,PD,BK,F
10:15:14,JSMR,RG,3780,3,D,YU,CS,F
10:15:14,JSMR,RG,3780,9,D,YU,CS,F
10:15:13,JSMR,RG,3780,3,D,YU,CS,F
10:15:13,JSMR,RG,3780,2,D,YU,CS,F
10:15:13,JSMR,RG,3780,5,D,YU,CS,F
10:15:13,JSMR,RG,3780,1,D,YU,CS,F
10:15:13,JSMR,RG,3780,3,D,YU,CS,F
10:15:13,JSMR,RG,3780,2,D,YU,CS,F
10:15:13,JSMR,RG,3780,3,D,YU,CS,F
10:15:13,JSMR,RG,3780,2,D,YU,CS,F
10:15:13,JSMR,RG,3780,1,D,YU,ZP,F
10:15:13,JSMR,RG,3780,20,D,YU,CC,F
10:15:13,JSMR,RG,3780,4,D,YU,CS,F
10:14:57,JSMR,RG,3780,9,D,OD,CS,F
10:14:57,JSMR,RG,3780,1,D,OD,CS,F
10:14:57,JSMR,RG,3780,2,D,OD,CS,F
10:14:57,JSMR,RG,3780,3,D,OD,CS,F
10:14:57,JSMR,RG,3780,6,D,OD,CS,F
10:14:57,JSMR,RG,3780,34,D,OD,BK,F
10:14:57,JSMR,RG,3780,245,D,OD,BK,F
10:14:44,JSMR,RG,3770,12,D,YB,CC,D
10:14:33,JSMR,RG,3770,21,D,YB,BK,F
10:14:32,JSMR,RG,3770,13,D,YB,BK,F
10:14:29,JSMR,RG,3770,37,D,YB,BK,F
10:14:26,JSMR,RG,3780,37,D,OD,BK,F
10:14:26,JSMR,RG,3780,43,D,OD,ZP,F
10:14:26,JSMR,RG,3780,8,D,OD,CS,F
10:14:26,JSMR,RG,3780,3,D,OD,CS,F
10:14:26,JSMR,RG,3780,18,D,OD,CS,F
10:14:26,JSMR,RG,3780,6,D,OD,CS,F
10:14:26,JSMR,RG,3780,185,D,OD,YP,D
10:14:22,JSMR,RG,3770,15,D,YB,BK,F
10:14:22,JSMR,RG,3770,2,D,YP,BK,F
10:14:22,JSMR,RG,3770,2,D,SQ,BK,F
10:14:22,JSMR,RG,3770,2,D,BQ,BK,F
10:14:22,JSMR,RG,3770,25,D,NI,BK,F
10:14:22,JSMR,RG,3770,1,D,PD,BK,F
10:14:22,JSMR,RG,3770,10,D,OD,BK,F
10:14:22,JSMR,RG,3770,1,D,CC,BK,F
10:14:22,JSMR,RG,3770,2,D,CC,BK,F
10:14:22,JSMR,RG,3770,1,D,YP,BK,F
10:14:22,JSMR,RG,3770,1,D,YP,BK,F
10:14:22,JSMR,RG,3770,21,D,IP,BK,F
10:14:19,JSMR,RG,3770,17,D,IP,CS,F
10:14:19,JSMR,RG,3770,12,D,IP,CS,F
10:14:19,JSMR,RG,3780,80,F,AK,YP,D
10:14:18,JSMR,RG,3780,54,F,AK,OD,D
10:14:18,JSMR,RG,3780,3,D,NI,OD,D
10:14:18,JSMR,RG,3780,10,D,NI,OD,D
10:14:18,JSMR,RG,3780,1,D,PD,OD,D
10:14:18,JSMR,RG,3780,50,D,YP,OD,D
10:14:18,JSMR,RG,3780,1,D,PD,OD,D
10:14:18,JSMR,RG,3780,1,D,NI,OD,D
10:14:18,JSMR,RG,3780,10,D,XL,OD,D
10:14:18,JSMR,RG,3780,25,D,IP,OD,D
10:14:18,JSMR,RG,3780,2,D,CC,OD,D
10:14:18,JSMR,RG,3780,25,D,YB,OD,D
10:14:18,JSMR,RG,3780,2,D,KK,OD,D
10:14:18,JSMR,RG,3780,1,D,YP,OD,D
10:14:18,JSMR,RG,3780,2,D,XA,OD,D
10:14:18,JSMR,RG,3780,50,D,YP,OD,D
10:14:18,JSMR,RG,3780,140,D,ZP,OD,D
10:14:18,JSMR,RG,3780,5,D,CC,OD,D
10:14:18,JSMR,RG,3780,200,D,OD,OD,D
10:14:18,JSMR,RG,3780,72,F,AK,OD,D
10:14:18,JSMR,RG,3780,3,D,NI,OD,D
10:14:18,JSMR,RG,3780,20,D,XC,OD,D
10:14:18,JSMR,RG,3780,1,D,LG,OD,D
10:14:18,JSMR,RG,3780,2,D,YP,OD,D
10:14:18,JSMR,RG,3780,1,D,PD,OD,D
10:14:18,JSMR,RG,3780,3,D,XC,OD,D
10:14:18,JSMR,RG,3780,10,D,YP,OD,D
10:14:18,JSMR,RG,3780,1,D,PD,OD,D
10:14:18,JSMR,RG,3780,5,D,NI,OD,D
10:14:18,JSMR,RG,3780,10,D,XC,OD,D
10:14:18,JSMR,RG,3780,50,D,NI,OD,D
10:14:18,JSMR,RG,3780,4,D,YP,OD,D
10:14:18,JSMR,RG,3780,3,D,PD,OD,D
10:14:18,JSMR,RG,3780,5,D,CC,OD,D
10:14:18,JSMR,RG,3780,5,D,PD,OD,D
10:14:18,JSMR,RG,3780,100,D,CC,OD,D
10:14:18,JSMR,RG,3780,123,D,NI,OD,D
10:14:06,JSMR,RG,3790,1,D,PD,BK,F
10:14:01,JSMR,RG,3780,5,D,NI,KK,D
10:13:46,JSMR,RG,3780,13,D,NI,CC,D
10:13:31,JSMR,RG,3780,25,D,NI,CC,D
10:13:24,JSMR,RG,3780,6,D,NI,XC,D
10:13:01,JSMR,RG,3780,5,D,NI,PD,D
10:12:42,JSMR,RG,3790,2,D,XC,BK,F
10:12:31,JSMR,RG,3780,5,D,NI,LG,D
10:12:21,JSMR,RG,3790,5,D,DR,BK,F
10:12:12,JSMR,RG,3780,25,D,NI,XC,D
10:11:54,JSMR,RG,3780,3,D,NI,PD,D
10:10:49,JSMR,RG,3790,1,D,YP,BK,F
10:10:14,JSMR,RG,3790,4,D,DR,BK,F
10:10:10,JSMR,RG,3790,1,D,KK,BK,F
10:10:01,JSMR,RG,3790,1,D,OD,BK,F
10:09:35,JSMR,RG,3790,1,D,XC,BK,F
10:09:33,JSMR,RG,3790,5,D,DR,BK,F
10:08:36,JSMR,RG,3790,2,D,OD,BK,F
10:08:26,JSMR,RG,3790,15,D,CC,BK,F
10:07:46,JSMR,RG,3790,1,D,PD,BK,F
10:07:32,JSMR,RG,3780,1,D,NI,YP,D
10:07:10,JSMR,RG,3790,4,D,GR,BK,F
10:07:10,JSMR,RG,3790,13,D,GR,BK,F
10:07:10,JSMR,RG,3790,33,D,GR,OD,D
10:07:01,JSMR,RG,3790,25,D,PD,OD,D
10:06:42,JSMR,RG,3790,1,D,PD,OD,D
10:05:54,JSMR,RG,3790,2,D,KK,OD,D
10:05:29,JSMR,RG,3790,1,F,OD,OD,D
10:04:42,JSMR,RG,3790,25,D,YB,OD,D
10:04:39,JSMR,RG,3790,1,D,PD,OD,D
10:03:58,JSMR,RG,3780,4,D,NI,LG,D
10:03:42,JSMR,RG,3780,1,D,NI,XL,D
10:03:27,JSMR,RG,3780,26,D,NI,YP,D
10:02:57,JSMR,RG,3790,2,D,OD,OD,D
10:02:37,JSMR,RG,3790,1,D,YU,OD,D
10:02:01,JSMR,RG,3780,8,D,NI,CC,D
10:02:01,JSMR,RG,3780,1,D,PD,CC,D
10:02:01,JSMR,RG,3780,2,D,CC,CC,D
10:02:01,JSMR,RG,3780,3,D,PD,CC,D
10:01:36,JSMR,RG,3780,1,D,PD,PD,D
10:01:13,JSMR,RG,3790,209,D,YU,OD,D
10:01:13,JSMR,RG,3790,134,D,YU,BK,F
10:01:13,JSMR,RG,3790,1,D,YU,CS,F
10:01:13,JSMR,RG,3790,2,D,YU,CS,F
10:01:13,JSMR,RG,3790,1,D,YU,CS,F
10:01:13,JSMR,RG,3790,1,D,YU,ZP,F
10:01:13,JSMR,RG,3790,2,D,YU,XC,D
10:00:47,JSMR,RG,3790,8,F,AK,AK,F
10:00:47,JSMR,RG,3790,38,F,AK,AK,F
10:00:47,JSMR,RG,3790,15,F,AK,OD,D
10:00:47,JSMR,RG,3790,142,D,SQ,OD,D
10:00:14,JSMR,RG,3790,199,D,SQ,CC,D
9:59:48,JSMR,RG,3790,31,D,SQ,XC,D
9:59:38,JSMR,RG,3790,5,D,SQ,CS,F
9:59:38,JSMR,RG,3790,1,D,SQ,CS,F
9:59:38,JSMR,RG,3790,25,D,SQ,CS,F
9:59:38,JSMR,RG,3790,10,D,SQ,CS,F
9:59:38,JSMR,RG,3790,13,D,SQ,BK,F
9:59:38,JSMR,RG,3790,3,D,SQ,CS,F
9:59:38,JSMR,RG,3790,5,D,SQ,CS,F
9:59:38,JSMR,RG,3790,8,D,SQ,CS,F
9:59:37,JSMR,RG,3790,4,D,SQ,CS,F
9:59:37,JSMR,RG,3790,2,D,SQ,CS,F
9:59:37,JSMR,RG,3790,14,D,SQ,ZP,F
9:59:37,JSMR,RG,3790,6,D,SQ,CS,F
9:59:37,JSMR,RG,3790,10,D,SQ,CS,F
9:59:37,JSMR,RG,3790,5,D,SQ,PD,D
9:59:37,JSMR,RG,3790,8,D,SQ,CS,F
9:59:37,JSMR,RG,3790,1,D,SQ,NI,D
9:59:37,JSMR,RG,3790,13,D,SQ,CC,F
9:59:37,JSMR,RG,3790,3,D,SQ,CS,F
9:59:37,JSMR,RG,3790,4,D,SQ,CS,F
9:59:37,JSMR,RG,3790,1,D,SQ,CS,F
9:59:37,JSMR,RG,3790,9,D,SQ,CS,F
9:59:37,JSMR,RG,3790,39,D,SQ,CC,F
9:59:37,JSMR,RG,3790,233,D,SQ,BK,F
9:59:37,JSMR,RG,3790,6,D,SQ,BK,F
9:59:31,JSMR,RG,3790,2,D,YU,BK,F
9:58:51,JSMR,RG,3790,1,D,XC,BK,F
9:58:29,JSMR,RG,3790,1,D,NI,BK,F
9:57:47,JSMR,RG,3790,1,D,XL,BK,F
9:57:42,JSMR,RG,3790,3,D,CC,BK,F
9:57:42,JSMR,RG,3790,2,D,CC,CS,F
9:57:38,JSMR,RG,3790,1,D,CC,CS,F
9:57:14,JSMR,RG,3790,13,D,DH,CS,F
9:57:14,JSMR,RG,3790,2,D,DH,CS,F
9:57:03,JSMR,RG,3780,1,D,PD,BK,F
9:57:03,JSMR,RG,3780,1,D,YP,BK,F
9:57:03,JSMR,RG,3780,1,D,DH,BK,F
9:57:03,JSMR,RG,3780,10,D,MG,BK,F
9:57:03,JSMR,RG,3780,2,D,YP,BK,F
9:56:59,JSMR,RG,3780,3,D,YP,BK,F
9:56:59,JSMR,RG,3780,3,D,OD,BK,F
9:56:59,JSMR,RG,3780,1,D,YP,BK,F
9:56:59,JSMR,RG,3780,1,D,KK,BK,F
9:56:59,JSMR,RG,3780,1,D,KK,BK,F
9:56:59,JSMR,RG,3780,8,D,DR,BK,F
9:56:54,JSMR,RG,3780,2,D,DR,KK,D
9:56:54,JSMR,RG,3790,3,D,YU,CS,F
9:56:54,JSMR,RG,3790,4,D,YU,ZP,F
9:56:54,JSMR,RG,3790,8,D,YU,CS,F
9:56:54,JSMR,RG,3790,135,D,YU,YP,D
9:56:53,JSMR,RG,3780,22,D,KI,BK,F
9:56:53,JSMR,RG,3780,28,D,KI,PD,D
9:56:53,JSMR,RG,3780,12,D,EP,PD,D
9:56:22,JSMR,RG,3790,1,D,XC,YP,D
9:56:22,JSMR,RG,3790,10,D,NI,YP,D
9:56:22,JSMR,RG,3790,16,D,NI,YP,D
9:56:14,JSMR,RG,3790,5,D,NI,CS,F
9:56:13,JSMR,RG,3790,18,D,NI,BK,F
9:56:12,JSMR,RG,3790,6,D,NI,CS,F
9:56:11,JSMR,RG,3790,14,D,NI,XC,D
9:56:11,JSMR,RG,3790,1,D,SQ,XC,D
9:56:11,JSMR,RG,3790,50,D,CC,XC,D
9:56:11,JSMR,RG,3790,5,D,PD,XC,D
9:56:11,JSMR,RG,3790,2,D,KK,XC,D
9:56:11,JSMR,RG,3790,5,D,KK,PD,F
9:56:02,JSMR,RG,3790,1,D,KK,XC,D
9:55:43,JSMR,RG,3790,2,D,KK,YP,D
9:55:43,JSMR,RG,3790,2,D,GR,YP,D
9:55:37,JSMR,RG,3790,8,D,GR,ZP,F
9:55:37,JSMR,RG,3790,10,D,PD,ZP,F
9:55:37,JSMR,RG,3790,1,D,CC,ZP,F
9:55:37,JSMR,RG,3790,1,D,KK,ZP,F
9:55:37,JSMR,RG,3790,17,F,AK,ZP,F
9:55:37,JSMR,RG,3790,12,F,AK,YP,D
9:55:36,JSMR,RG,3790,43,F,AK,KK,D
9:55:32,JSMR,RG,3790,11,F,AK,AK,F
9:55:32,JSMR,RG,3790,1,D,CC,AK,F
9:55:32,JSMR,RG,3790,1,D,PD,AK,F
9:55:32,JSMR,RG,3790,10,D,DH,AK,F
9:55:32,JSMR,RG,3790,1,D,YP,AK,F
9:55:32,JSMR,RG,3790,4,D,OD,AK,F
9:55:32,JSMR,RG,3790,6,D,OD,AK,F
9:55:32,JSMR,RG,3790,10,D,OD,CS,F
9:55:32,JSMR,RG,3790,10,D,XC,CS,F
9:55:32,JSMR,RG,3790,1,D,XC,CS,F
9:55:32,JSMR,RG,3790,10,D,DR,CS,F
9:55:32,JSMR,RG,3790,17,D,YB,CS,F
9:55:31,JSMR,RG,3790,8,D,YB,YP,D
9:55:31,JSMR,RG,3790,1,D,PD,YP,D
9:55:31,JSMR,RG,3790,10,D,YP,YP,D
9:55:31,JSMR,RG,3790,2,D,YP,YP,D
9:55:31,JSMR,RG,3790,5,D,OD,YP,D
9:55:31,JSMR,RG,3790,265,D,OD,YP,D
9:55:31,JSMR,RG,3790,38,D,GR,YP,D
9:55:03,JSMR,RG,3790,2,D,GR,NI,D
9:55:03,JSMR,RG,3790,1,D,YB,NI,D
9:55:03,JSMR,RG,3790,2,D,SQ,NI,D
9:55:03,JSMR,RG,3790,10,D,KK,NI,D
9:55:03,JSMR,RG,3790,2,D,PD,NI,D
9:55:03,JSMR,RG,3790,10,D,SQ,NI,D
9:55:03,JSMR,RG,3790,1,D,XC,NI,D
9:55:03,JSMR,RG,3790,1,D,PD,NI,D
9:55:03,JSMR,RG,3790,5,D,CC,NI,D
9:55:03,JSMR,RG,3790,5,D,PD,NI,D
9:55:03,JSMR,RG,3790,2,D,CC,NI,D
9:55:03,JSMR,RG,3790,1,D,YP,NI,D
9:55:03,JSMR,RG,3790,8,D,YP,NI,D
9:54:17,JSMR,RG,3790,12,D,YP,CC,D
9:53:56,JSMR,RG,3790,2,D,YP,YP,D
9:53:39,JSMR,RG,3790,20,D,YP,CS,F
9:52:02,JSMR,RG,3800,23,D,CC,OD,D
9:52:02,JSMR,RG,3800,27,D,CC,BK,F
9:50:53,JSMR,RG,3800,7,D,DR,BK,F
9:50:53,JSMR,RG,3800,13,D,DR,BK,F
9:49:21,JSMR,RG,3800,12,D,EP,BK,F
9:47:15,JSMR,RG,3800,1,D,NI,BK,F
9:46:56,JSMR,RG,3800,10,D,DR,BK,F
9:46:24,JSMR,RG,3800,1,D,YP,BK,F
9:46:14,JSMR,RG,3800,7,D,PD,BK,F
9:46:07,JSMR,RG,3800,1,D,NI,BK,F
9:45:44,JSMR,RG,3790,10,D,YP,NI,D
9:45:42,JSMR,RG,3790,13,D,YP,BK,F
9:45:38,JSMR,RG,3800,76,D,YU,BK,F
9:45:38,JSMR,RG,3800,3,D,YU,CS,F
9:45:38,JSMR,RG,3800,3,D,YU,CS,F
9:45:38,JSMR,RG,3800,36,D,YU,ZP,F
9:45:38,JSMR,RG,3800,4,D,YU,CS,F
9:45:38,JSMR,RG,3800,28,D,YU,CS,F
9:45:38,JSMR,RG,3800,200,D,YU,OD,D
9:45:37,JSMR,RG,3790,19,D,YP,BK,F
9:45:37,JSMR,RG,3790,16,D,YP,CC,D
9:45:37,JSMR,RG,3790,1,D,YP,CC,D
9:45:37,JSMR,RG,3790,5,D,XC,CC,D
9:44:18,JSMR,RG,3790,22,D,XC,PD,D
9:44:11,JSMR,RG,3790,15,D,XC,AO,D
9:43:44,JSMR,RG,3790,8,D,XC,BK,F
9:43:44,JSMR,RG,3790,16,D,AG,BK,F
9:43:43,JSMR,RG,3800,50,D,YU,OD,D
9:43:40,JSMR,RG,3800,50,D,YU,OD,D
9:43:38,JSMR,RG,3790,5,D,AG,IF,D
9:43:19,JSMR,RG,3790,1,D,AG,XC,D
9:43:08,JSMR,RG,3790,5,D,AG,BK,F
9:43:08,JSMR,RG,3790,15,D,AI,BK,F
9:43:05,JSMR,RG,3800,1,D,XC,BK,F
9:43:05,JSMR,RG,3800,10,D,OD,BK,F
9:43:05,JSMR,RG,3800,2,D,YP,BK,F
9:43:05,JSMR,RG,3800,2,D,XC,BK,F
9:43:05,JSMR,RG,3800,50,D,OD,BK,F
9:43:05,JSMR,RG,3800,69,F,AK,BK,F
9:43:05,JSMR,RG,3800,79,D,CC,BK,F
9:43:04,JSMR,RG,3800,17,D,CC,AK,F
9:42:56,JSMR,RG,3800,4,D,CC,SQ,D
9:42:56,JSMR,RG,3800,1,D,XC,SQ,D
9:42:56,JSMR,RG,3800,1,D,PD,SQ,D
9:42:56,JSMR,RG,3800,14,D,CC,SQ,D
9:42:40,JSMR,RG,3810,50,D,YU,BK,F
9:42:30,JSMR,RG,3800,6,D,CC,CC,D
9:42:30,JSMR,RG,3800,2,D,YP,CC,D
9:42:30,JSMR,RG,3800,92,D,OD,CC,D
9:42:10,JSMR,RG,3800,1,D,OD,YP,D
9:41:32,JSMR,RG,3810,43,D,YP,BK,F
9:41:32,JSMR,RG,3810,7,D,YP,ZP,F
9:41:29,JSMR,RG,3800,20,D,OD,SQ,D
9:40:36,JSMR,RG,3800,7,D,OD,AK,F
9:40:36,JSMR,RG,3800,8,D,OD,AK,F
9:40:36,JSMR,RG,3800,50,D,OD,YP,D
9:40:32,JSMR,RG,3800,10,D,OD,YP,D
9:40:24,JSMR,RG,3800,2,D,OD,OD,D
9:38:44,JSMR,RG,3800,10,D,OD,BK,F
9:38:44,JSMR,RG,3800,1,D,CP,BK,F
9:38:44,JSMR,RG,3800,1,D,YP,BK,F
9:38:44,JSMR,RG,3800,12,D,KI,BK,F
9:38:40,JSMR,RG,3800,21,D,KI,BK,F
9:38:37,JSMR,RG,3800,17,D,KI,YP,D
9:38:37,JSMR,RG,3800,2,D,CC,YP,D
9:38:37,JSMR,RG,3800,1,D,XC,YP,D
9:38:37,JSMR,RG,3800,10,D,NI,YP,D
9:38:37,JSMR,RG,3800,5,D,PD,YP,D
9:38:37,JSMR,RG,3800,25,D,NI,YP,D
9:38:37,JSMR,RG,3800,1,D,YU,YP,D
9:38:37,JSMR,RG,3800,2,D,CC,YP,D
9:38:37,JSMR,RG,3800,5,D,PD,YP,D
9:38:37,JSMR,RG,3800,10,D,CC,YP,D
9:38:37,JSMR,RG,3800,1,D,PD,YP,D
9:38:37,JSMR,RG,3800,5,D,AT,YP,D
9:38:37,JSMR,RG,3800,3,D,YP,YP,D
9:38:37,JSMR,RG,3800,13,D,YP,YP,D
9:38:37,JSMR,RG,3800,4,D,XC,YP,D
9:38:37,JSMR,RG,3800,16,D,GR,YP,D
9:38:33,JSMR,RG,3800,14,D,GR,BK,F
9:38:28,JSMR,RG,3800,24,D,GR,BK,F
9:38:24,JSMR,RG,3800,150,D,GR,YP,D
9:38:02,JSMR,RG,3800,4,D,GR,XC,D
9:37:23,JSMR,RG,3800,20,D,GR,CC,D
9:37:18,JSMR,RG,3810,1,D,XC,ZP,F
9:36:07,JSMR,RG,3800,16,D,GR,BK,F
9:36:04,JSMR,RG,3800,2,D,GR,PD,D
9:35:51,JSMR,RG,3800,4,D,GR,YB,D
9:35:51,JSMR,RG,3800,6,D,YU,YB,D
9:35:51,JSMR,RG,3800,20,D,YU,DH,D
9:35:40,JSMR,RG,3800,3,D,YU,EP,D
9:35:13,JSMR,RG,3800,10,D,YU,PD,D
9:34:54,JSMR,RG,3800,16,D,YU,BK,F
9:34:46,JSMR,RG,3800,26,D,YU,BK,F
9:34:44,JSMR,RG,3800,19,D,YU,BK,F
9:34:44,JSMR,RG,3800,4,D,YP,BK,F
9:34:44,JSMR,RG,3800,1,D,YP,BK,F
9:34:44,JSMR,RG,3800,1,D,PD,BK,F
9:34:44,JSMR,RG,3800,16,D,PD,CC,F
9:33:24,JSMR,RG,3810,1,D,PD,YP,D
9:33:20,JSMR,RG,3810,200,D,OD,YP,D
9:33:20,JSMR,RG,3810,4,D,CC,YP,D
9:33:20,JSMR,RG,3810,25,D,DR,YP,D
9:33:20,JSMR,RG,3810,10,D,YP,YP,D
9:33:20,JSMR,RG,3810,50,D,GR,YP,D
9:33:20,JSMR,RG,3810,1,F,OD,YP,D
9:33:20,JSMR,RG,3810,2,D,CC,YP,D
9:33:20,JSMR,RG,3810,5,D,LS,YP,D
9:33:20,JSMR,RG,3810,40,D,DR,YP,D
9:32:42,JSMR,RG,3820,27,F,AK,OD,D
9:32:42,JSMR,RG,3820,250,D,PD,OD,D
9:32:40,JSMR,RG,3820,28,D,PD,AK,F
9:32:17,JSMR,RG,3820,12,D,PD,BK,F
9:32:16,JSMR,RG,3820,16,D,PD,CS,F
9:32:16,JSMR,RG,3820,9,D,PD,CS,F
9:32:16,JSMR,RG,3820,7,D,PD,ZP,F
9:32:16,JSMR,RG,3820,13,D,PD,BK,F
9:32:16,JSMR,RG,3820,1,D,PD,CC,F
9:32:16,JSMR,RG,3820,8,D,PD,XC,D
9:32:16,JSMR,RG,3820,1,D,PD,ZP,F
9:32:16,JSMR,RG,3820,8,D,PD,PD,D
9:32:16,JSMR,RG,3820,13,D,PD,BK,F
9:32:16,JSMR,RG,3820,100,D,PD,OD,D
9:32:16,JSMR,RG,3820,30,D,PD,YP,D
9:32:16,JSMR,RG,3820,4,D,PD,KK,D
9:31:32,JSMR,RG,3810,36,F,AK,BK,F
9:31:32,JSMR,RG,3810,79,D,OD,BK,F
9:31:16,JSMR,RG,3810,1,D,OD,GR,D
9:30:14,JSMR,RG,3810,16,D,OD,CS,F
9:30:14,JSMR,RG,3810,4,D,OD,CS,F
9:30:14,JSMR,RG,3810,2,D,OD,LG,D
9:30:14,JSMR,RG,3810,2,D,OD,CS,F
9:30:14,JSMR,RG,3810,7,D,OD,CS,F
9:30:14,JSMR,RG,3810,14,D,OD,BK,F
9:30:14,JSMR,RG,3810,30,D,OD,CS,F
9:30:14,JSMR,RG,3810,5,D,OD,CS,F
9:30:14,JSMR,RG,3810,14,D,OD,ZP,F
9:30:14,JSMR,RG,3810,26,D,OD,OD,D
9:29:26,JSMR,RG,3810,3,D,CC,OD,D
9:28:47,JSMR,RG,3810,2,D,AI,OD,D
9:28:32,JSMR,RG,3810,23,D,AI,OD,D
9:28:29,JSMR,RG,3810,2,D,XC,OD,D
9:28:29,JSMR,RG,3810,2,D,YP,OD,D
9:28:29,JSMR,RG,3810,5,D,YP,OD,D
9:28:29,JSMR,RG,3810,1,D,DR,OD,D
9:28:29,JSMR,RG,3810,3,D,YU,OD,D
9:28:29,JSMR,RG,3810,2,D,YP,OD,D
9:28:29,JSMR,RG,3810,87,F,AK,OD,D
9:28:29,JSMR,RG,3810,44,D,GR,OD,D
9:28:06,JSMR,RG,3810,1,D,GR,YP,D
9:27:23,JSMR,RG,3820,2,D,YU,KK,D
9:26:51,JSMR,RG,3820,2,D,YP,KK,D
9:26:30,JSMR,RG,3810,5,D,GR,YP,D
9:25:58,JSMR,RG,3810,1,F,AK,ZP,F
9:25:58,JSMR,RG,3810,1,F,AK,CC,F
9:25:58,JSMR,RG,3810,14,F,AK,BK,F
9:25:58,JSMR,RG,3810,8,F,AK,ZP,F
9:25:58,JSMR,RG,3810,11,F,AK,CS,F
9:25:58,JSMR,RG,3810,3,F,AK,CS,F
9:25:58,JSMR,RG,3810,10,F,AK,PD,D
9:25:58,JSMR,RG,3810,6,F,AK,CS,F
9:25:52,JSMR,RG,3810,2,D,PD,CS,F
9:25:19,JSMR,RG,3810,18,D,AI,CS,F
9:25:19,JSMR,RG,3810,2,D,AI,CS,F
9:25:11,JSMR,RG,3810,8,D,PD,CS,F
9:25:11,JSMR,RG,3810,13,D,PD,BK,F
9:25:00,JSMR,RG,3810,2,D,PD,BK,F
9:25:00,JSMR,RG,3810,7,D,PD,ZP,F
9:25:00,JSMR,RG,3810,14,D,PD,BK,F
9:25:00,JSMR,RG,3810,6,D,PD,CS,F
9:24:35,JSMR,RG,3800,30,D,PD,GR,D
9:24:07,JSMR,RG,3800,3,D,PD,YB,D
9:24:07,JSMR,RG,3800,20,D,YU,YB,D
9:24:07,JSMR,RG,3800,2,D,NI,YB,D
9:24:05,JSMR,RG,3810,7,D,YP,CS,F
9:24:05,JSMR,RG,3810,26,D,YP,OD,D
9:23:59,JSMR,RG,3810,4,D,PD,OD,D
9:23:08,JSMR,RG,3810,1,D,PD,OD,D
9:23:07,JSMR,RG,3810,1,D,NI,OD,D
9:22:37,JSMR,RG,3810,68,D,CC,OD,D
9:22:37,JSMR,RG,3810,34,D,CC,BK,F
9:22:37,JSMR,RG,3810,7,D,CC,CS,F
9:22:37,JSMR,RG,3810,7,D,CC,ZP,F
9:22:37,JSMR,RG,3810,14,D,CC,AZ,D
9:21:09,JSMR,RG,3800,1,D,NI,CC,D
9:21:09,JSMR,RG,3800,1,D,YP,CC,D
9:21:09,JSMR,RG,3800,5,D,CC,CC,D
9:21:09,JSMR,RG,3800,5,D,KK,CC,D
9:21:09,JSMR,RG,3800,1,D,XL,CC,D
9:21:09,JSMR,RG,3800,3,D,YP,CC,D
9:21:09,JSMR,RG,3800,1,D,YP,CC,D
9:21:09,JSMR,RG,3800,1,D,DX,CC,D
9:21:00,JSMR,RG,3810,3,D,YP,AZ,D
9:21:00,JSMR,RG,3810,1,D,KK,AZ,D
9:21:00,JSMR,RG,3810,6,D,CC,AZ,D
9:21:00,JSMR,RG,3810,6,D,CC,AZ,D
9:20:51,JSMR,RG,3820,1,D,XC,KK,D
9:20:36,JSMR,RG,3810,3,D,CC,YP,D
9:20:20,JSMR,RG,3810,1,D,CC,ZP,F
9:20:20,JSMR,RG,3810,1,D,NI,ZP,F
9:20:20,JSMR,RG,3810,1,D,YP,ZP,F
9:20:20,JSMR,RG,3810,1,D,YP,ZP,F
9:20:20,JSMR,RG,3810,2,D,YB,ZP,F
9:19:40,JSMR,RG,3810,2,D,YB,PD,D
9:19:40,JSMR,RG,3810,28,D,YB,PD,D
9:19:17,JSMR,RG,3810,13,D,YB,ZP,F
9:18:03,JSMR,RG,3810,32,D,YB,BK,F
9:17:18,JSMR,RG,3810,9,D,YB,CS,F
9:17:18,JSMR,RG,3810,9,D,YB,CS,F
9:17:18,JSMR,RG,3810,4,D,YB,CS,F
9:17:18,JSMR,RG,3810,4,D,YB,CS,F
9:17:18,JSMR,RG,3810,1,D,YB,ZP,F
9:16:25,JSMR,RG,3810,2,D,PD,ZP,F
9:16:23,JSMR,RG,3810,1,D,XC,ZP,F
9:16:20,JSMR,RG,3810,1,D,YP,ZP,F
9:16:20,JSMR,RG,3810,49,D,YP,OD,D
9:16:11,JSMR,RG,3810,51,D,GR,OD,D
9:15:57,JSMR,RG,3810,11,D,GR,OD,D
9:15:56,JSMR,RG,3810,11,D,GR,CS,F
9:15:56,JSMR,RG,3810,17,D,GR,CS,F
9:15:56,JSMR,RG,3810,20,D,GR,CS,F
9:15:56,JSMR,RG,3810,12,D,GR,CS,F
9:15:55,JSMR,RG,3810,6,D,GR,CS,F
9:15:55,JSMR,RG,3810,14,D,GR,BK,F
9:15:55,JSMR,RG,3810,14,D,GR,CS,F
9:15:55,JSMR,RG,3810,94,D,GR,OD,D
9:15:37,JSMR,RG,3810,5,D,CC,OD,D
9:15:27,JSMR,RG,3810,1,D,PD,OD,D
9:15:18,JSMR,RG,3810,3,F,AK,CS,F
9:15:18,JSMR,RG,3810,4,F,AK,CS,F
9:15:17,JSMR,RG,3810,47,F,AK,OD,D
9:15:17,JSMR,RG,3810,53,F,AK,OD,D
9:15:15,JSMR,RG,3810,3,F,AK,XC,D
9:15:10,JSMR,RG,3820,1,D,PD,KK,D
9:15:02,JSMR,RG,3810,1,F,AK,CS,F
9:15:01,JSMR,RG,3810,1,F,AK,CS,F
9:15:01,JSMR,RG,3810,34,D,PD,CS,F
9:15:00,JSMR,RG,3810,8,D,PD,CS,F
9:15:00,JSMR,RG,3810,8,D,PD,CS,F
9:15:00,JSMR,RG,3810,1,F,BK,CC,F
9:15:00,JSMR,RG,3810,9,F,BK,ZP,F
9:15:00,JSMR,RG,3810,10,F,BK,XL,D
9:15:00,JSMR,RG,3810,29,F,BK,YU,F
9:15:00,JSMR,RG,3810,19,F,BK,CS,F
9:15:00,JSMR,RG,3810,4,F,BK,ZP,F
9:15:00,JSMR,RG,3810,43,F,BK,PD,D
9:14:42,JSMR,RG,3800,3,D,DX,XC,D
9:14:42,JSMR,RG,3800,4,D,DX,GR,D
9:14:22,JSMR,RG,3800,2,D,DX,CC,D
9:14:22,JSMR,RG,3800,2,D,PD,CC,D
9:14:22,JSMR,RG,3800,1,D,PD,CC,D
9:14:22,JSMR,RG,3800,25,D,YP,CC,D
9:13:19,JSMR,RG,3800,5,D,PD,MK,D
9:13:19,JSMR,RG,3800,10,D,YU,MK,D
9:13:19,JSMR,RG,3800,5,D,PD,MK,D
9:12:42,JSMR,RG,3810,4,D,XC,PD,D
9:12:42,JSMR,RG,3810,1,D,YP,PD,D
9:12:42,JSMR,RG,3810,55,F,AK,PD,D
9:12:42,JSMR,RG,3810,79,D,OD,PD,D
9:12:32,JSMR,RG,3810,10,D,OD,AZ,D
9:12:13,JSMR,RG,3810,3,D,OD,XC,D
9:12:08,JSMR,RG,3810,5,D,OD,ZP,F
9:12:08,JSMR,RG,3810,3,D,OD,XC,D
9:11:50,JSMR,RG,3810,2,D,BQ,ZP,F
9:11:50,JSMR,RG,3810,1,D,BQ,YP,D
9:11:50,JSMR,RG,3810,10,D,BQ,CS,F
9:11:50,JSMR,RG,3810,7,D,BQ,ZP,F
9:11:50,JSMR,RG,3810,15,D,BQ,NI,D
9:11:19,JSMR,RG,3810,1,D,PD,NI,D
9:11:06,JSMR,RG,3800,1,F,AK,XC,D
9:10:57,JSMR,RG,3800,1,D,PD,YP,D
9:10:57,JSMR,RG,3800,1,D,XL,YP,D
9:10:38,JSMR,RG,3800,5,D,XL,PD,D
9:10:38,JSMR,RG,3800,5,D,YP,PD,D
9:10:38,JSMR,RG,3800,2,D,AR,PD,D
9:10:38,JSMR,RG,3800,5,D,XC,PD,D
9:10:38,JSMR,RG,3800,3,D,HD,PD,D
9:10:34,JSMR,RG,3800,22,D,HD,PD,D
9:09:43,JSMR,RG,3810,2,D,YP,NI,D
9:09:43,JSMR,RG,3810,2,D,AR,NI,D
9:09:24,JSMR,RG,3810,3,D,YP,YU,D
9:09:24,JSMR,RG,3810,56,F,AK,YU,D
9:09:02,JSMR,RG,3810,9,F,AK,YP,D
9:09:01,JSMR,RG,3810,6,F,AK,YP,D
9:09:01,JSMR,RG,3810,15,D,AO,YP,D
9:08:37,JSMR,RG,3810,5,D,PD,CS,F
9:08:37,JSMR,RG,3810,3,D,PD,ZP,F
9:08:37,JSMR,RG,3810,2,D,PD,DH,D
9:08:11,JSMR,RG,3800,3,F,BK,ZP,F
9:08:10,JSMR,RG,3800,5,F,BK,LG,D
9:08:10,JSMR,RG,3800,13,F,BK,BK,F
9:08:10,JSMR,RG,3800,6,F,BK,CS,F
9:08:10,JSMR,RG,3800,5,F,BK,YU,D
9:08:08,JSMR,RG,3800,1,D,KK,YU,D
9:07:49,JSMR,RG,3800,5,D,YB,YU,D
9:07:49,JSMR,RG,3800,2,D,YB,YP,D
9:07:43,JSMR,RG,3800,26,D,YB,CS,F
9:07:43,JSMR,RG,3800,1,D,YB,CS,F
9:07:43,JSMR,RG,3800,6,D,YB,CS,F
9:07:43,JSMR,RG,3800,2,D,YB,CS,F
9:07:43,JSMR,RG,3800,8,D,YB,CS,F
9:07:42,JSMR,RG,3800,29,D,YB,BK,F
9:07:42,JSMR,RG,3800,8,D,YB,CS,F
9:07:42,JSMR,RG,3800,13,D,YB,ZP,F
9:07:41,JSMR,RG,3800,2,D,CP,ZP,F
9:07:40,JSMR,RG,3800,2,D,LS,ZP,F
9:07:40,JSMR,RG,3800,8,D,LS,SQ,D
9:07:34,JSMR,RG,3790,10,D,AI,PD,D
9:07:28,JSMR,RG,3820,3,D,AR,ZP,F
9:07:05,JSMR,RG,3800,6,D,NI,CS,F
9:07:04,JSMR,RG,3800,14,D,NI,AK,F
9:07:04,JSMR,RG,3800,3,D,CC,AK,F
9:07:04,JSMR,RG,3800,1,D,PD,AK,F
9:07:04,JSMR,RG,3800,1,D,YP,AK,F
9:07:04,JSMR,RG,3800,20,D,XC,AK,F
9:07:04,JSMR,RG,3800,4,D,OD,AK,F
9:07:04,JSMR,RG,3800,22,F,AK,AK,F
9:07:04,JSMR,RG,3800,75,F,AK,YP,D
9:07:04,JSMR,RG,3800,2,D,NI,YP,D
9:07:04,JSMR,RG,3800,1,D,DR,YP,D
9:07:04,JSMR,RG,3800,1,D,XC,YP,D
9:07:04,JSMR,RG,3800,1,D,YP,YP,D
9:07:04,JSMR,RG,3800,10,D,YP,YP,D
9:07:04,JSMR,RG,3800,7,D,DR,YP,D
9:07:04,JSMR,RG,3800,1,D,PD,YP,D
9:07:04,JSMR,RG,3800,250,D,NI,YP,D
9:07:04,JSMR,RG,3800,20,D,YP,YP,D
9:07:04,JSMR,RG,3800,25,D,OD,YP,D
9:07:04,JSMR,RG,3800,1,D,YP,YP,D
9:07:04,JSMR,RG,3800,3,D,YP,YP,D
9:07:04,JSMR,RG,3800,20,D,CC,YP,D
9:07:04,JSMR,RG,3800,5,D,CC,YP,D
9:07:04,JSMR,RG,3800,1,D,KK,YP,D
9:07:04,JSMR,RG,3800,25,D,PD,YP,D
9:07:04,JSMR,RG,3800,30,D,SQ,YP,D
9:07:04,JSMR,RG,3800,10,D,EP,YP,D
9:07:04,JSMR,RG,3800,1,D,YB,YP,D
9:07:04,JSMR,RG,3800,2,D,HP,YP,D
9:07:04,JSMR,RG,3800,9,D,KI,YP,D
9:06:46,JSMR,RG,3800,1,D,KI,XC,D
9:06:38,JSMR,RG,3800,1,D,KI,YP,D
9:06:38,JSMR,RG,3800,13,D,KI,YP,D
9:06:37,JSMR,RG,3800,7,D,KI,PD,D
9:06:37,JSMR,RG,3800,13,D,KI,PD,D
9:06:37,JSMR,RG,3800,6,D,KI,CS,F
9:06:37,JSMR,RG,3800,1,D,AZ,CS,F
9:06:36,JSMR,RG,3810,1,D,KK,AK,F
9:06:36,JSMR,RG,3810,1,D,YP,AK,F
9:06:36,JSMR,RG,3810,1,D,YP,AK,F
9:06:36,JSMR,RG,3810,4,D,SQ,AK,F
9:06:30,JSMR,RG,3810,62,D,SQ,BK,F
9:06:29,JSMR,RG,3810,34,D,SQ,BK,F
9:06:29,JSMR,RG,3810,10,D,YP,BK,F
9:06:29,JSMR,RG,3810,13,D,KK,BK,F
9:06:29,JSMR,RG,3810,1,D,AZ,BK,F
9:06:29,JSMR,RG,3810,192,D,OD,BK,F
9:06:28,JSMR,RG,3810,8,D,OD,YU,D
9:06:01,JSMR,RG,3820,1,D,YP,YU,D
9:05:59,JSMR,RG,3820,5,D,PD,BK,F
9:05:59,JSMR,RG,3820,52,F,AK,BK,F
9:05:59,JSMR,RG,3820,1,D,YP,BK,F
9:05:59,JSMR,RG,3820,8,D,NI,BK,F
9:05:59,JSMR,RG,3820,32,D,IT,BK,F
9:05:57,JSMR,RG,3820,24,D,IT,YP,D
9:05:47,JSMR,RG,3820,44,D,IT,EP,D
9:05:47,JSMR,RG,3820,6,D,YP,EP,D
9:05:13,JSMR,RG,3820,9,D,YP,BK,F
9:05:13,JSMR,RG,3820,1,D,YP,BK,F
9:05:13,JSMR,RG,3820,20,D,CC,BK,F
9:05:13,JSMR,RG,3820,1,D,KK,BK,F
9:05:13,JSMR,RG,3820,40,D,PD,BK,F
9:05:13,JSMR,RG,3820,12,D,GR,BK,F
9:05:07,JSMR,RG,3820,15,D,GR,BK,F
9:05:07,JSMR,RG,3820,4,D,GR,CC,F
9:04:58,JSMR,RG,3820,4,D,GR,CC,D
9:04:51,JSMR,RG,3820,4,D,GR,YP,D
9:04:38,JSMR,RG,3820,100,D,GR,CC,D
9:04:30,JSMR,RG,3820,14,D,GR,RX,D
9:04:30,JSMR,RG,3820,97,D,GR,AK,F
9:04:30,JSMR,RG,3820,6,D,KK,AK,F
9:04:29,JSMR,RG,3820,1,D,KK,PD,D
9:04:06,JSMR,RG,3830,88,D,YB,BK,F
9:04:06,JSMR,RG,3830,3,D,YB,RX,D
9:04:06,JSMR,RG,3830,3,D,YB,RX,D
9:04:06,JSMR,RG,3830,3,D,YB,CS,F
9:04:06,JSMR,RG,3830,3,D,YB,ZP,F
9:03:46,JSMR,RG,3830,5,D,DR,AK,F
9:03:45,JSMR,RG,3830,1,D,DR,XC,D
9:03:45,JSMR,RG,3830,1,D,YP,XC,D
9:03:17,JSMR,RG,3840,5,F,AK,AK,F
9:03:14,JSMR,RG,3840,1,F,AK,CC,F
9:03:12,JSMR,RG,3840,26,F,AK,CS,F
9:03:12,JSMR,RG,3840,7,D,YP,CS,F
9:03:12,JSMR,RG,3840,14,D,YP,BK,F
9:03:12,JSMR,RG,3840,10,D,YP,CS,F
9:03:12,JSMR,RG,3840,4,D,YP,ZP,F
9:03:12,JSMR,RG,3840,1,D,YP,XL,D
9:03:12,JSMR,RG,3840,23,D,YP,BK,F
9:03:12,JSMR,RG,3840,6,D,YP,ZP,F
9:03:12,JSMR,RG,3840,7,D,YP,CS,F
9:03:12,JSMR,RG,3840,1,D,YP,CS,F
9:03:12,JSMR,RG,3840,7,D,YP,CS,F
9:03:12,JSMR,RG,3840,6,D,YP,CS,F
9:03:12,JSMR,RG,3840,23,D,YP,RX,D
9:03:11,JSMR,RG,3830,18,F,AK,RX,D
9:03:08,JSMR,RG,3830,100,F,AK,DX,D
9:02:47,JSMR,RG,3830,8,F,AK,PD,D
9:02:47,JSMR,RG,3830,1,D,XL,PD,D
9:02:47,JSMR,RG,3830,1,D,IT,PD,D
9:02:44,JSMR,RG,3840,5,D,YP,RX,D
9:02:44,JSMR,RG,3840,14,D,YP,BK,F
9:02:44,JSMR,RG,3840,27,D,YP,CC,F
9:02:44,JSMR,RG,3840,33,D,YP,BK,F
9:02:44,JSMR,RG,3840,38,D,YP,BK,F
9:02:44,JSMR,RG,3840,11,D,YP,ZP,F
9:02:44,JSMR,RG,3840,2,D,YP,RX,D
9:02:42,JSMR,RG,3830,3,D,IT,RX,D
9:02:40,JSMR,RG,3830,20,D,IT,YP,D
9:02:32,JSMR,RG,3830,15,D,IT,RX,D
9:02:31,JSMR,RG,3830,26,D,IT,YP,D
9:02:29,JSMR,RG,3830,35,D,IT,PD,D
9:02:29,JSMR,RG,3830,10,D,OD,PD,D
9:02:29,JSMR,RG,3830,5,D,KK,PD,D
9:02:12,JSMR,RG,3840,5,D,NI,RX,D
9:02:02,JSMR,RG,3840,13,F,AK,ZP,F
9:02:02,JSMR,RG,3840,6,F,AK,RX,D
9:02:01,JSMR,RG,3840,19,F,AK,CS,F
9:02:01,JSMR,RG,3840,5,D,YP,CS,F
9:02:01,JSMR,RG,3840,1,D,YP,CS,F
9:02:01,JSMR,RG,3840,3,D,CC,CS,F
9:02:01,JSMR,RG,3840,1,D,KK,CS,F
9:02:01,JSMR,RG,3840,5,D,OD,CS,F
9:02:00,JSMR,RG,3840,35,D,OD,YP,D
9:01:59,JSMR,RG,3840,2,D,OD,RX,D
9:01:57,JSMR,RG,3840,33,D,OD,CC,D
9:01:54,JSMR,RG,3840,5,D,OD,YP,D
9:01:51,JSMR,RG,3840,13,D,OD,AK,F
9:01:47,JSMR,RG,3840,3,D,OD,PD,D
9:01:40,JSMR,RG,3850,2,D,XL,BK,F
9:01:28,JSMR,RG,3850,1,D,XL,CS,F
9:01:15,JSMR,RG,3860,1,D,XL,CC,F
9:01:00,JSMR,RG,3860,2,D,XL,CC,F
9:00:45,JSMR,RG,3860,1,D,XL,CC,F
9:00:41,JSMR,RG,3860,1,D,YP,CC,F
9:00:33,JSMR,RG,3840,1,D,OD,RX,D
9:00:33,JSMR,RG,3840,6,D,OD,RX,D
9:00:32,JSMR,RG,3840,7,D,OD,RX,D
9:00:31,JSMR,RG,3840,36,D,OD,RX,D
9:00:29,JSMR,RG,3860,13,D,CC,CC,F
9:00:28,JSMR,RG,3860,48,D,CC,CC,F
9:00:28,JSMR,RG,3860,4,D,CC,EP,D
9:00:25,JSMR,RG,3860,1,D,YP,EP,D
9:00:24,JSMR,RG,3860,1,D,YP,EP,D
9:00:24,JSMR,RG,3840,2,D,OD,RX,D
9:00:23,JSMR,RG,3840,7,D,OD,RX,D
9:00:16,JSMR,RG,3860,5,D,LG,EP,D
9:00:10,JSMR,RG,3840,15,D,OD,PD,D
9:00:09,JSMR,RG,3860,1,D,SQ,EP,D
9:00:09,JSMR,RG,3860,9,D,SQ,EP,D
9:00:09,JSMR,RG,3860,3,D,CC,EP,D
9:00:08,JSMR,RG,3860,14,D,EP,BK,F
9:00:06,JSMR,RG,3860,2,D,EP,RX,D
9:00:06,JSMR,RG,3860,5,D,EP,RX,D
9:00:04,JSMR,RG,3860,5,D,EP,PD,D
9:00:04,JSMR,RG,3860,2,D,PD,XC,D
9:00:02,JSMR,RG,3840,6,D,OD,ZP,F
9:00:02,JSMR,RG,3840,12,D,OD,EP,D
9:00:02,JSMR,RG,3860,1,D,ZP,XC,D
9:00:01,JSMR,RG,3840,12,D,OD,EP,D
9:00:01,JSMR,RG,3880,200,D,OD,IT,D
