Time,Stock,Brd,Price,Qty,BT,BC,SC,ST
15:12:45,JSMR,RG,3950,10,D,IT,PD,D
15:06:12,JSMR,RG,3950,15,D,IT,SQ,D
15:06:01,JSMR,RG,3950,12,D,IT,YP,D
15:06:01,JSMR,RG,3950,5,D,IT,YP,D
15:06:01,JSMR,RG,3950,26,D,IT,DR,D
15:06:01,JSMR,RG,3950,2,D,IT,DH,D
15:05:45,JSMR,RG,3950,2,D,ZP,DH,D
15:05:45,JSMR,RG,3950,18,D,ZP,GR,D
15:05:04,JSMR,RG,3950,1,D,YP,GR,D
15:04:50,JSMR,RG,3950,1,D,DH,GR,D
15:04:50,JSMR,RG,3950,4,D,DH,CP,D
15:03:39,JSMR,RG,3950,30,D,GR,CP,D
15:03:05,JSMR,RG,3950,5,D,CC,CP,D
15:02:51,JSMR,RG,3950,10,D,AT,CP,D
15:02:17,JSMR,RG,3950,5,D,EP,CP,D
15:02:12,JSMR,RG,3950,5,D,CC,CP,D
15:02:11,JSMR,RG,3950,10,D,LG,CP,D
15:01:57,JSMR,RG,3950,1,D,NI,CP,D
15:01:47,JSMR,RG,3950,20,D,SQ,CP,D
15:01:36,JSMR,RG,3950,10,D,KK,CP,D
15:00:00,JSMR,RG,3950,25,F,CS,GR,D
15:00:00,JSMR,RG,3950,55,F,CS,KK,D
15:00:00,JSMR,RG,3950,1,F,CS,PD,D
15:00:00,JSMR,RG,3950,20,F,CS,ZP,D
15:00:00,JSMR,RG,3950,1,F,CS,XC,D
15:00:00,JSMR,RG,3950,45,F,CS,KK,D
15:00:00,JSMR,RG,3950,41,F,CS,CC,D
15:00:00,JSMR,RG,3950,15,D,PD,CC,D
15:00:00,JSMR,RG,3950,30,D,KK,CC,D
15:00:00,JSMR,RG,3950,14,D,AG,CC,D
15:00:00,JSMR,RG,3950,10,D,AG,NI,D
15:00:00,JSMR,RG,3950,1,D,AG,CC,D
15:00:00,JSMR,RG,3950,2,D,AG,XC,D
15:00:00,JSMR,RG,3950,390,D,AG,YP,D
15:00:00,JSMR,RG,3950,83,D,AG,KZ,D
15:00:00,JSMR,RG,3950,164,F,CS,KZ,D
15:00:00,JSMR,RG,3950,283,F,AK,KZ,D
15:00:00,JSMR,RG,3950,58,F,AK,YU,D
15:00:00,JSMR,RG,3950,3,D,NI,YU,D
15:00:00,JSMR,RG,3950,529,F,BK,YU,D
15:00:00,JSMR,RG,3950,17,F,AK,YU,D
14:49:52,JSMR,RG,3940,10,D,KK,YP,D
14:49:40,JSMR,RG,3910,4,D,YP,PD,D
14:49:40,JSMR,RG,3910,5,D,SQ,PD,D
14:49:40,JSMR,RG,3910,1,D,YP,PD,D
14:49:33,JSMR,RG,3900,12,D,LG,RX,D
14:49:33,JSMR,RG,3900,1,D,YP,RX,D
14:49:33,JSMR,RG,3900,10,D,GR,RX,D
14:49:33,JSMR,RG,3900,41,D,DR,RX,D
14:49:33,JSMR,RG,3900,10,D,EP,RX,D
14:49:33,JSMR,RG,3900,30,D,EP,RX,D
14:49:33,JSMR,RG,3900,5,D,PD,RX,D
14:49:33,JSMR,RG,3900,51,D,CC,RX,D
14:49:26,JSMR,RG,3910,37,F,AK,RX,D
14:49:26,JSMR,RG,3910,1,D,YP,RX,D
14:49:26,JSMR,RG,3910,6,F,BK,RX,D
14:49:26,JSMR,RG,3910,50,D,YP,RX,D
14:49:24,JSMR,RG,3920,3,D,YP,RX,D
14:49:23,JSMR,RG,3920,11,D,DR,RX,D
14:49:23,JSMR,RG,3920,15,D,DR,CS,F
14:49:23,JSMR,RG,3920,5,D,CC,CS,F
14:49:17,JSMR,RG,3920,10,D,SQ,CS,F
14:49:15,JSMR,RG,3920,15,D,CC,CS,F
14:49:09,JSMR,RG,3920,5,D,YP,CS,F
14:49:04,JSMR,RG,3920,159,F,BK,CS,F
14:49:00,JSMR,RG,3900,130,D,CC,AK,D
14:48:59,JSMR,RG,3900,24,D,CC,AK,D
14:48:59,JSMR,RG,3900,45,D,CC,AK,D
14:48:59,JSMR,RG,3900,2,D,XC,AK,D
14:48:59,JSMR,RG,3900,4,F,DX,AK,D
14:48:59,JSMR,RG,3910,3,F,BK,AK,D
14:48:56,JSMR,RG,3910,50,D,DR,AK,D
14:48:56,JSMR,RG,3910,11,D,YP,AK,D
14:48:56,JSMR,RG,3910,45,D,YP,AK,D
14:48:55,JSMR,RG,3910,44,D,YP,AK,D
14:48:55,JSMR,RG,3910,11,F,BK,AK,D
14:48:55,JSMR,RG,3910,33,D,YP,AK,D
14:48:55,JSMR,RG,3910,67,D,YP,AK,D
14:48:54,JSMR,RG,3920,12,F,BK,CS,F
14:48:50,JSMR,RG,3920,19,F,BK,CS,F
14:48:49,JSMR,RG,3920,10,D,CC,CS,F
14:48:45,JSMR,RG,3910,87,F,AK,AK,D
14:48:44,JSMR,RG,3910,176,F,AK,AK,D
14:48:44,JSMR,RG,3910,14,F,AK,RX,D
14:48:44,JSMR,RG,3910,87,D,YP,RX,D
14:48:44,JSMR,RG,3910,13,D,YP,AK,D
14:48:44,JSMR,RG,3910,252,F,AK,AK,D
14:48:43,JSMR,RG,3910,84,F,AK,AK,D
14:48:43,JSMR,RG,3910,99,D,YP,AK,D
14:48:43,JSMR,RG,3910,1,D,YP,AK,D
14:48:43,JSMR,RG,3910,8,D,YP,AK,D
14:48:43,JSMR,RG,3910,4,F,BK,AK,D
14:48:42,JSMR,RG,3910,100,D,YP,AK,D
14:48:41,JSMR,RG,3900,100,F,DX,RX,D
14:48:41,JSMR,RG,3900,13,D,PD,RX,D
14:48:41,JSMR,RG,3900,460,D,PD,AK,D
14:48:41,JSMR,RG,3900,175,D,PD,AK,D
14:48:40,JSMR,RG,3910,1,D,CC,AK,D
14:48:40,JSMR,RG,3900,1,D,PD,CC,D
14:48:35,JSMR,RG,3900,176,D,PD,AK,D
14:48:31,JSMR,RG,3910,5,D,LS,AK,D
14:48:29,JSMR,RG,3910,5,D,GR,AK,D
14:48:29,JSMR,RG,3910,195,D,GR,AK,D
14:48:27,JSMR,RG,3900,175,D,PD,AK,D
14:48:27,JSMR,RG,3900,1,D,YP,AK,D
14:48:27,JSMR,RG,3910,10,D,NI,AK,D
14:48:24,JSMR,RG,3910,10,D,SQ,AK,D
14:48:22,JSMR,RG,3910,152,F,AK,AK,D
14:48:22,JSMR,RG,3910,2,D,YP,AK,D
14:48:22,JSMR,RG,3910,10,D,DH,AK,D
14:48:22,JSMR,RG,3910,1,D,YP,AK,D
14:48:22,JSMR,RG,3910,1,D,YB,AK,D
14:48:22,JSMR,RG,3910,1,D,YP,AK,D
14:48:22,JSMR,RG,3910,3,D,NI,AK,D
14:48:22,JSMR,RG,3910,10,D,GR,AK,D
14:48:22,JSMR,RG,3910,5,D,XC,AK,D
14:48:22,JSMR,RG,3910,7,D,PD,AK,D
14:48:22,JSMR,RG,3910,47,D,PD,AK,D
14:48:22,JSMR,RG,3920,1,D,OD,AK,D
14:48:20,JSMR,RG,3910,129,D,PD,AK,D
14:48:18,JSMR,RG,3910,115,D,PD,RX,D
14:48:17,JSMR,RG,3910,666,D,PD,AK,D
14:48:17,JSMR,RG,3910,43,D,PD,AK,D
14:48:17,JSMR,RG,3910,304,D,PD,AK,D
14:48:17,JSMR,RG,3910,7,D,PD,AK,D
14:48:17,JSMR,RG,3920,1,D,PD,AK,D
14:48:17,JSMR,RG,3920,3,D,PD,AK,D
14:48:17,JSMR,RG,3920,4,D,YP,AK,D
14:48:17,JSMR,RG,3920,90,D,YP,AK,D
14:48:15,JSMR,RG,3920,10,D,YP,RX,D
14:48:15,JSMR,RG,3920,5,D,DH,RX,D
14:48:15,JSMR,RG,3920,25,D,XC,RX,D
14:48:15,JSMR,RG,3920,1,D,YB,RX,D
14:48:15,JSMR,RG,3920,5,D,YP,RX,D
14:48:15,JSMR,RG,3920,1,D,YP,RX,D
14:48:15,JSMR,RG,3920,20,D,DR,RX,D
14:48:05,JSMR,RG,3930,50,D,YP,AK,D
14:48:05,JSMR,RG,3930,1,D,YB,AK,D
14:48:05,JSMR,RG,3930,1,D,KK,AK,D
14:48:05,JSMR,RG,3930,3,D,CC,AK,D
14:48:05,JSMR,RG,3930,1,D,YP,AK,D
14:48:05,JSMR,RG,3930,100,D,YP,AK,D
14:48:05,JSMR,RG,3930,3,D,KK,AK,D
14:48:05,JSMR,RG,3930,1,D,KK,AK,D
14:48:05,JSMR,RG,3930,6,D,YP,AK,D
14:48:05,JSMR,RG,3930,1,D,XC,AK,D
14:48:05,JSMR,RG,3930,5,D,GR,AK,D
14:48:04,JSMR,RG,3940,5,D,KZ,AK,D
14:47:56,JSMR,RG,3940,1,D,YB,AK,D
14:47:56,JSMR,RG,3940,1,D,YU,AK,D
14:47:56,JSMR,RG,3940,2,D,KK,AK,D
14:47:56,JSMR,RG,3940,100,D,YP,AK,D
14:47:55,JSMR,RG,3950,10,D,YP,RX,D
14:47:55,JSMR,RG,3950,5,D,CC,RX,D
14:47:55,JSMR,RG,3950,10,D,YP,RX,D
14:47:55,JSMR,RG,3950,1,D,KK,RX,D
14:47:54,JSMR,RG,3960,1,D,YP,RX,D
14:47:54,JSMR,RG,3960,2,D,YP,RX,D
14:47:50,JSMR,RG,3970,50,D,CC,AK,D
14:47:50,JSMR,RG,3970,5,D,NI,AK,D
14:47:50,JSMR,RG,3970,500,D,DR,AK,D
14:47:50,JSMR,RG,3970,1,D,OD,AK,D
14:47:50,JSMR,RG,3970,3,D,YP,AK,D
14:47:50,JSMR,RG,3970,5,D,KK,AK,D
14:47:50,JSMR,RG,3970,1,D,XC,AK,D
14:47:50,JSMR,RG,3970,100,D,GR,AK,D
14:47:50,JSMR,RG,3970,1,D,PD,AK,D
14:47:35,JSMR,RG,3980,20,D,YP,AK,D
14:47:35,JSMR,RG,3980,1,D,CC,AK,D
14:47:35,JSMR,RG,3980,2,D,YP,AK,D
14:47:35,JSMR,RG,3980,3,D,LG,AK,D
14:47:31,JSMR,RG,3980,252,D,LG,AK,F
14:47:30,JSMR,RG,3980,403,D,LG,AK,D
14:47:30,JSMR,RG,3980,500,D,LG,YP,D
14:47:30,JSMR,RG,3980,95,D,LG,RX,D
14:47:20,JSMR,RG,3980,247,D,LG,AK,D
14:47:20,JSMR,RG,3980,5,D,NI,AK,D
14:47:20,JSMR,RG,3980,100,D,GR,AK,D
14:47:20,JSMR,RG,3980,2,D,CC,AK,D
14:47:20,JSMR,RG,3980,1,D,YP,AK,D
14:47:20,JSMR,RG,3980,83,D,LG,AK,D
14:47:20,JSMR,RG,3980,159,D,LG,AK,D
14:47:10,JSMR,RG,3980,23,D,LG,RX,D
14:47:09,JSMR,RG,3990,6,D,NI,RX,D
14:47:09,JSMR,RG,3990,9,D,CC,RX,D
14:47:09,JSMR,RG,3990,1,D,CC,RX,D
14:47:09,JSMR,RG,3990,69,D,LG,RX,D
14:47:05,JSMR,RG,3990,10,D,LG,CC,D
14:46:50,JSMR,RG,4000,2,D,ZP,XC,D
14:46:48,JSMR,RG,3990,100,D,LG,GR,D
14:46:48,JSMR,RG,3990,200,D,LG,PP,D
14:46:46,JSMR,RG,3990,33,D,LG,RX,D
14:46:46,JSMR,RG,3990,47,D,LG,RX,D
14:46:45,JSMR,RG,3990,1,D,LG,SQ,D
14:46:35,JSMR,RG,3990,556,D,LG,AK,D
14:46:35,JSMR,RG,3990,398,D,LG,AK,D
14:46:35,JSMR,RG,3990,13,D,KK,AK,D
14:46:29,JSMR,RG,3990,12,D,KK,RX,D
14:46:29,JSMR,RG,3990,11,D,YP,RX,D
14:46:21,JSMR,RG,3990,1,D,YP,YP,D
14:45:59,JSMR,RG,3990,1,D,YP,CC,D
14:45:59,JSMR,RG,3990,2,D,CC,CC,D
14:45:59,JSMR,RG,3990,97,D,OD,CC,D
14:45:52,JSMR,RG,4000,1,D,PP,XC,D
14:45:52,JSMR,RG,4000,259,D,PP,RX,D
14:45:52,JSMR,RG,4000,10,D,PP,IP,D
14:45:52,JSMR,RG,4000,25,D,PP,YP,D
14:45:52,JSMR,RG,4000,5,D,PP,HP,D
14:45:51,JSMR,RG,3990,1,D,OD,SQ,D
14:45:29,JSMR,RG,3990,139,D,OD,RX,D
14:45:12,JSMR,RG,3990,2,D,OD,KK,D
14:45:09,JSMR,RG,3990,13,D,OD,PD,D
14:44:58,JSMR,RG,3990,116,D,OD,RX,D
14:44:40,JSMR,RG,3990,2,D,OD,PD,D
14:44:27,JSMR,RG,3990,30,D,OD,PD,D
14:44:18,JSMR,RG,3990,100,D,OD,DX,D
14:44:18,JSMR,RG,3990,100,D,CC,DX,D
14:44:18,JSMR,RG,3990,100,D,GR,DX,D
14:44:18,JSMR,RG,3990,1,D,KZ,DX,D
14:44:18,JSMR,RG,3990,10,D,CC,DX,D
14:44:18,JSMR,RG,3990,296,D,LG,DX,D
14:44:17,JSMR,RG,3990,84,D,LG,RX,D
14:43:48,JSMR,RG,3990,71,D,LG,RX,D
14:43:48,JSMR,RG,3990,40,D,LG,RX,D
14:43:34,JSMR,RG,3990,100,D,LG,PP,D
14:43:31,JSMR,RG,3990,30,D,LG,XC,D
14:43:29,JSMR,RG,4000,195,D,OD,HP,D
14:43:29,JSMR,RG,4000,3,D,OD,YP,D
14:43:29,JSMR,RG,4000,302,D,OD,YJ,D
14:43:28,JSMR,RG,3990,379,D,LG,DX,D
14:43:28,JSMR,RG,3990,25,D,CC,DX,D
14:43:28,JSMR,RG,3990,3,D,YP,DX,D
14:43:28,JSMR,RG,3990,1,D,CC,DX,D
14:43:28,JSMR,RG,3990,2,D,YP,DX,D
14:43:28,JSMR,RG,3990,2,D,XC,DX,D
14:43:28,JSMR,RG,3990,20,D,NI,DX,D
14:43:28,JSMR,RG,3990,173,D,LG,DX,D
14:43:28,JSMR,RG,3990,295,D,LG,DX,D
14:43:23,JSMR,RG,3990,20,D,LG,NI,D
14:43:21,JSMR,RG,3990,1,D,PC,GR,D
14:43:21,JSMR,RG,3990,9,D,LG,GR,D
14:43:08,JSMR,RG,3990,91,D,LG,RX,D
14:42:57,JSMR,RG,4000,40,D,HP,YJ,D
14:42:36,JSMR,RG,3990,100,D,LG,RX,D
14:42:17,JSMR,RG,4000,11,D,KZ,YJ,D
14:42:17,JSMR,RG,4000,500,D,OD,YJ,D
14:42:17,JSMR,RG,4000,4,D,KZ,YJ,D
14:42:17,JSMR,RG,4000,300,D,PP,YJ,D
14:42:17,JSMR,RG,4000,500,D,OD,YJ,D
14:42:17,JSMR,RG,4000,334,D,LG,YJ,D
14:42:17,JSMR,RG,4000,9,D,LG,YJ,D
14:42:01,JSMR,RG,4000,86,D,LG,RX,D
14:41:53,JSMR,RG,4000,3,D,LG,KK,D
14:41:30,JSMR,RG,4000,115,D,LG,RX,D
14:41:30,JSMR,RG,4010,1,D,EP,YJ,D
14:41:03,JSMR,RG,4010,1,D,PD,YJ,D
14:40:54,JSMR,RG,4000,255,D,LG,DX,D
14:40:54,JSMR,RG,4000,245,D,LG,DX,D
14:40:28,JSMR,RG,4000,1,D,LG,YP,D
14:40:27,JSMR,RG,4000,100,D,LG,YP,D
14:40:09,JSMR,RG,4000,8,D,LG,YP,D
14:40:00,JSMR,RG,4000,1,D,LG,OD,D
14:39:05,JSMR,RG,4010,10,D,PD,YJ,D
14:39:04,JSMR,RG,4000,6,D,LG,YP,D
14:39:03,JSMR,RG,4000,3,D,LG,XC,D
14:38:31,JSMR,RG,4000,10,D,LG,CC,D
14:38:28,JSMR,RG,4000,10,D,LG,LG,D
14:37:48,JSMR,RG,4000,2,D,LG,YP,D
14:37:33,JSMR,RG,4000,5,D,LG,NI,D
14:37:10,JSMR,RG,4000,5,D,LG,NI,D
14:36:25,JSMR,RG,4000,2,D,LG,YP,D
14:36:12,JSMR,RG,4000,1,D,LG,YP,D
14:35:44,JSMR,RG,4000,18,D,LG,PD,D
14:35:44,JSMR,RG,4000,8,D,KK,PD,D
14:35:37,JSMR,RG,4000,2,D,KK,CC,D
14:35:37,JSMR,RG,4000,19,D,PD,CC,D
14:34:41,JSMR,RG,4000,1,D,PD,XC,D
14:34:31,JSMR,RG,4000,5,D,PD,YP,D
14:34:23,JSMR,RG,4000,8,D,KZ,YP,D
14:34:23,JSMR,RG,4000,2,D,KZ,NI,D
14:34:23,JSMR,RG,4000,3,D,PP,NI,D
14:34:14,JSMR,RG,4000,10,D,PP,CC,D
14:33:58,JSMR,RG,4000,1,D,PP,CC,D
14:33:57,JSMR,RG,4000,1,D,PP,CC,D
14:33:57,JSMR,RG,4000,1,D,PP,CC,D
14:33:56,JSMR,RG,4000,10,D,PP,SQ,D
14:33:56,JSMR,RG,4000,1,D,PP,CC,D
14:33:56,JSMR,RG,4000,1,D,PP,CC,D
14:33:55,JSMR,RG,4000,1,D,PP,CC,D
14:33:54,JSMR,RG,4000,1,D,PP,CC,D
14:33:53,JSMR,RG,4000,1,D,PP,CC,D
14:33:52,JSMR,RG,4000,1,D,PP,CC,D
14:33:48,JSMR,RG,4000,10,D,PP,NI,D
14:33:47,JSMR,RG,4000,1,D,PP,CC,D
14:33:44,JSMR,RG,4000,80,D,PP,XC,D
14:33:43,JSMR,RG,4000,60,D,PP,EP,D
14:33:42,JSMR,RG,4000,80,D,PP,PP,D
14:33:36,JSMR,RG,4000,5,D,PP,CC,D
14:33:25,JSMR,RG,4000,5,D,PP,NI,D
14:33:25,JSMR,RG,4000,77,D,PP,DX,D
14:33:19,JSMR,RG,4000,85,D,LG,DX,D
14:33:19,JSMR,RG,4000,238,D,LG,DX,D
14:33:15,JSMR,RG,4000,25,D,LG,CC,D
14:32:51,JSMR,RG,4000,6,D,LG,NI,D
14:32:51,JSMR,RG,4000,13,D,LG,PD,D
14:32:51,JSMR,RG,4000,5,D,LG,YP,D
14:32:51,JSMR,RG,4000,10,D,LG,NI,D
14:32:51,JSMR,RG,4000,132,D,LG,DX,D
14:32:51,JSMR,RG,4000,68,D,LG,DX,D
14:32:51,JSMR,RG,4000,502,D,LG,YJ,D
14:32:48,JSMR,RG,4000,10,D,CC,YJ,D
14:32:43,JSMR,RG,4000,25,D,HP,YJ,D
14:32:37,JSMR,RG,4000,215,D,LG,YJ,D
14:32:21,JSMR,RG,4000,1,D,YP,YJ,D
14:32:21,JSMR,RG,4000,5,D,YP,YJ,D
14:32:21,JSMR,RG,4000,1,D,PD,YJ,D
14:32:21,JSMR,RG,4000,1,D,YP,YJ,D
14:32:21,JSMR,RG,4000,10,D,NI,YJ,D
14:32:21,JSMR,RG,4000,5,D,PD,YJ,D
14:32:21,JSMR,RG,4000,5,D,PD,YJ,D
14:32:21,JSMR,RG,4000,185,D,LG,YJ,D
14:32:21,JSMR,RG,4000,3,D,KZ,YJ,D
14:32:21,JSMR,RG,4000,32,D,LG,YJ,D
14:32:19,JSMR,RG,4000,5,D,LG,CC,D
14:32:07,JSMR,RG,4000,141,D,LG,DX,D
14:32:07,JSMR,RG,4000,322,D,LG,DX,D
14:32:07,JSMR,RG,4000,50,D,DR,DX,D
14:32:07,JSMR,RG,4000,237,D,IF,DX,D
14:31:49,JSMR,RG,4000,1,D,IF,XC,D
14:31:46,JSMR,RG,4000,93,D,IF,DX,D
14:31:36,JSMR,RG,4020,1,D,CC,YB,D
14:30:17,JSMR,RG,4020,3,D,XL,YB,D
14:30:17,JSMR,RG,4010,2,D,XL,YP,D
14:30:15,JSMR,RG,4010,1,D,YP,YP,D
14:30:15,JSMR,RG,4010,28,D,PP,YP,D
14:30:15,JSMR,RG,4010,2,D,PP,CC,D
14:30:07,JSMR,RG,4010,13,D,PP,YP,D
14:29:58,JSMR,RG,4010,20,D,PP,YP,D
14:29:58,JSMR,RG,4010,10,D,PP,YP,D
14:29:54,JSMR,RG,4010,227,D,PP,YP,D
14:29:54,JSMR,RG,4010,23,D,LG,YP,D
14:29:50,JSMR,RG,4020,1,D,YP,YB,D
14:29:39,JSMR,RG,4010,5,D,LG,PD,D
14:29:36,JSMR,RG,4010,200,D,LG,YP,D
14:29:29,JSMR,RG,4010,40,D,LG,XC,D
14:29:23,JSMR,RG,4010,183,D,LG,KK,D
14:29:23,JSMR,RG,4010,549,D,LG,KK,D
14:29:23,JSMR,RG,4010,25,D,KK,KK,D
14:29:23,JSMR,RG,4010,319,D,LG,KK,D
14:29:23,JSMR,RG,4010,432,D,LG,KK,D
14:29:23,JSMR,RG,4010,248,D,LG,KK,D
14:29:23,JSMR,RG,4010,144,D,LG,KK,D
14:29:17,JSMR,RG,4010,1,D,LG,OD,D
14:29:17,JSMR,RG,4010,20,D,LG,XC,D
14:28:58,JSMR,RG,4010,9,D,LG,XL,D
14:28:48,JSMR,RG,4010,2,D,LG,PD,D
14:28:13,JSMR,RG,4020,10,F,AK,YP,D
14:28:13,JSMR,RG,4020,5,F,AK,NI,D
14:28:13,JSMR,RG,4020,3,F,AK,CC,D
14:28:13,JSMR,RG,4020,10,F,AK,PD,D
14:28:13,JSMR,RG,4020,5,F,AK,OD,D
14:28:13,JSMR,RG,4020,10,F,AK,XC,D
14:27:49,JSMR,RG,4020,10,D,KZ,XC,D
14:27:47,JSMR,RG,4010,3,D,LG,YP,D
14:27:45,JSMR,RG,4010,5,D,LG,NI,D
14:27:43,JSMR,RG,4020,8,D,LG,XC,D
14:27:43,JSMR,RG,4020,100,D,LG,GR,D
14:27:43,JSMR,RG,4020,10,D,LG,CC,D
14:27:43,JSMR,RG,4020,15,D,LG,OD,D
14:27:43,JSMR,RG,4020,4,D,LG,YP,D
14:27:43,JSMR,RG,4020,1,D,LG,CC,D
14:27:43,JSMR,RG,4020,40,D,LG,PD,D
14:27:43,JSMR,RG,4020,1,D,LG,NI,D
14:27:43,JSMR,RG,4020,4,D,LG,NI,D
14:27:43,JSMR,RG,4020,100,D,LG,PD,D
14:27:43,JSMR,RG,4020,5,D,LG,YU,D
14:27:43,JSMR,RG,4020,100,D,LG,YU,D
14:27:43,JSMR,RG,4020,51,D,LG,NI,D
14:27:43,JSMR,RG,4020,2,D,LG,SQ,D
14:27:43,JSMR,RG,4020,100,D,LG,XL,D
14:27:43,JSMR,RG,4020,15,D,LG,ZP,D
14:27:43,JSMR,RG,4020,1,D,LG,YP,D
14:27:43,JSMR,RG,4020,10,D,LG,OD,D
14:27:43,JSMR,RG,4020,1,D,LG,YB,D
14:27:43,JSMR,RG,4020,5,D,LG,YP,D
14:27:43,JSMR,RG,4020,10,D,LG,YP,D
14:27:43,JSMR,RG,4020,20,D,LG,CC,D
14:27:43,JSMR,RG,4020,10,D,LG,DR,D
14:27:43,JSMR,RG,4020,23,D,LG,RX,D
14:27:43,JSMR,RG,4020,177,D,LG,RX,D
14:27:43,JSMR,RG,4020,2,D,LG,NI,D
14:27:43,JSMR,RG,4020,15,D,LG,PD,D
14:27:43,JSMR,RG,4020,100,D,LG,YP,D
14:27:43,JSMR,RG,4020,8,D,LG,SQ,D
14:27:43,JSMR,RG,4020,5,D,LG,NI,D
14:27:43,JSMR,RG,4020,1,D,LG,PD,D
14:27:43,JSMR,RG,4020,10,D,LG,PD,D
14:27:43,JSMR,RG,4020,1,D,LG,XC,D
14:27:43,JSMR,RG,4020,60,D,LG,NI,D
14:27:43,JSMR,RG,4020,100,D,LG,PP,D
14:27:43,JSMR,RG,4020,2,D,LG,CC,D
14:27:43,JSMR,RG,4020,200,D,LG,DX,D
14:27:43,JSMR,RG,4020,5,D,LG,XC,D
14:27:43,JSMR,RG,4020,25,D,LG,DR,D
14:27:43,JSMR,RG,4020,5,D,LG,YP,D
14:27:43,JSMR,RG,4020,1,D,LG,YP,D
14:27:43,JSMR,RG,4020,2,D,LG,CC,D
14:27:43,JSMR,RG,4020,15,D,LG,AZ,D
14:27:43,JSMR,RG,4020,5,D,LG,KK,D
14:27:43,JSMR,RG,4020,36,D,LG,YU,D
14:27:31,JSMR,RG,4010,10,D,LG,DH,D
14:27:30,JSMR,RG,4010,25,D,LG,AG,F
14:27:11,JSMR,RG,4010,5,D,LG,NI,D
14:27:07,JSMR,RG,4010,1,D,LG,AT,D
14:27:05,JSMR,RG,4010,50,D,LG,CC,D
14:27:03,JSMR,RG,4010,6,D,LG,PD,D
14:26:53,JSMR,RG,4010,1,D,LG,YP,D
14:26:22,JSMR,RG,4010,1,D,LG,PD,D
14:26:21,JSMR,RG,4010,1,D,LG,SQ,D
14:26:21,JSMR,RG,4010,1,D,LG,XC,D
14:26:15,JSMR,RG,4010,1,D,LG,PD,D
14:26:15,JSMR,RG,4010,2,D,LG,XC,D
14:25:44,JSMR,RG,4010,5,D,LG,NI,D
14:25:32,JSMR,RG,4010,25,D,LG,OD,D
14:25:29,JSMR,RG,4010,10,D,LG,OD,D
14:25:15,JSMR,RG,4010,100,D,LG,YP,D
14:24:54,JSMR,RG,4010,5,D,LG,CC,D
14:24:35,JSMR,RG,4010,10,D,LG,YP,D
14:24:32,JSMR,RG,4010,30,D,LG,CC,D
14:24:23,JSMR,RG,4010,30,D,LG,YP,D
14:24:14,JSMR,RG,4010,20,D,NI,YP,D
14:24:12,JSMR,RG,4010,39,F,AK,DX,D
14:24:11,JSMR,RG,4010,61,D,LG,DX,D
14:24:11,JSMR,RG,4010,3,D,LG,XC,D
14:24:11,JSMR,RG,4010,73,D,LG,RX,D
14:24:10,JSMR,RG,4010,127,D,LG,RX,D
14:24:10,JSMR,RG,4010,5,D,LG,NI,D
14:24:10,JSMR,RG,4010,15,D,LG,CC,D
14:24:10,JSMR,RG,4010,130,D,LG,DR,D
14:23:28,JSMR,RG,4010,9,D,YP,DR,D
14:23:28,JSMR,RG,4010,1,D,EP,DR,D
14:23:08,JSMR,RG,4010,24,D,YP,DR,D
14:23:08,JSMR,RG,4010,336,D,OD,DR,D
14:22:59,JSMR,RG,4010,10,D,OD,YP,D
14:22:52,JSMR,RG,4010,10,D,OD,XL,D
14:22:47,JSMR,RG,4010,2,D,OD,XC,D
14:22:44,JSMR,RG,4010,2,D,OD,KK,D
14:22:36,JSMR,RG,4010,1,D,OD,XC,D
14:22:35,JSMR,RG,4010,15,D,OD,YP,D
14:22:27,JSMR,RG,4010,1,D,OD,XC,D
14:22:25,JSMR,RG,4010,1,D,OD,YU,D
14:22:10,JSMR,RG,4010,3,D,OD,YP,D
14:22:02,JSMR,RG,4010,1,D,OD,XC,D
14:21:41,JSMR,RG,4010,9,D,OD,YP,D
14:21:37,JSMR,RG,4010,10,D,OD,YP,D
14:21:35,JSMR,RG,4010,1,D,OD,NI,D
14:21:29,JSMR,RG,4010,1,D,OD,PD,D
14:21:22,JSMR,RG,4010,2,D,OD,SQ,D
14:21:22,JSMR,RG,4010,1,D,OD,PD,D
14:21:22,JSMR,RG,4010,5,D,OD,OD,D
14:21:22,JSMR,RG,4010,1,D,OD,GR,D
14:21:22,JSMR,RG,4010,1,D,OD,DH,D
14:21:22,JSMR,RG,4010,2,D,OD,YP,D
14:21:22,JSMR,RG,4010,1,D,OD,SQ,D
14:21:22,JSMR,RG,4010,10,D,OD,MK,D
14:21:22,JSMR,RG,4010,74,D,OD,RX,D
14:21:07,JSMR,RG,4010,36,D,DR,RX,D
14:21:07,JSMR,RG,4010,64,D,DR,DX,D
14:21:00,JSMR,RG,4010,1,D,CC,DX,D
14:20:46,JSMR,RG,4010,20,D,CC,DX,D
14:20:21,JSMR,RG,4010,115,D,LG,DX,D
14:20:19,JSMR,RG,4020,14,D,YP,YU,D
14:20:17,JSMR,RG,4010,13,D,LG,DR,D
14:20:17,JSMR,RG,4020,2,D,YU,YU,D
14:20:11,JSMR,RG,4010,100,D,LG,XA,D
14:20:11,JSMR,RG,4010,15,D,LG,PD,D
14:20:11,JSMR,RG,4010,49,D,LG,YP,D
14:20:11,JSMR,RG,4010,1,D,LG,PD,D
14:20:11,JSMR,RG,4010,20,D,LG,SQ,D
14:20:11,JSMR,RG,4010,5,D,LG,DR,D
14:20:11,JSMR,RG,4010,2,D,LG,GR,D
14:20:11,JSMR,RG,4010,5,D,LG,KK,D
14:20:11,JSMR,RG,4010,2,D,LG,XC,D
14:20:11,JSMR,RG,4010,2,D,LG,PD,D
14:20:11,JSMR,RG,4010,5,D,LG,XC,D
14:20:11,JSMR,RG,4010,21,D,LG,CC,D
14:20:10,JSMR,RG,4010,79,D,LG,CC,D
14:20:10,JSMR,RG,4010,100,D,LG,GR,D
14:20:10,JSMR,RG,4010,5,D,LG,YP,D
14:20:10,JSMR,RG,4010,1,D,LG,YB,D
14:20:10,JSMR,RG,4010,2,D,LG,YP,D
14:20:10,JSMR,RG,4010,5,D,LG,PD,D
14:20:10,JSMR,RG,4010,2,D,LG,SQ,D
14:20:10,JSMR,RG,4010,10,D,LG,KK,D
14:20:10,JSMR,RG,4010,200,D,LG,RX,D
14:20:10,JSMR,RG,4010,200,D,LG,DX,D
14:20:10,JSMR,RG,4010,1,D,LG,OD,D
14:20:10,JSMR,RG,4010,25,D,LG,YU,D
14:20:10,JSMR,RG,4010,2,D,LG,KK,D
14:20:10,JSMR,RG,4010,13,D,LG,PD,D
14:19:55,JSMR,RG,4000,21,D,IF,YP,D
14:19:45,JSMR,RG,4000,1,D,IF,PD,D
14:19:45,JSMR,RG,4000,100,D,IF,OD,D
14:19:45,JSMR,RG,4000,47,D,IF,GR,D
14:19:13,JSMR,RG,4000,3,D,CC,GR,D
14:18:24,JSMR,RG,4000,3,D,KZ,YP,D
14:18:24,JSMR,RG,4000,7,D,KZ,PD,D
14:18:23,JSMR,RG,4000,3,D,CC,PD,D
14:18:23,JSMR,RG,4000,5,D,CC,CC,D
14:18:23,JSMR,RG,4000,2,D,CC,DX,D
14:18:10,JSMR,RG,4000,12,D,YP,DX,D
14:18:03,JSMR,RG,4000,1,D,PD,DX,D
14:18:03,JSMR,RG,4000,178,D,LG,DX,D
14:18:03,JSMR,RG,4000,7,D,LG,DX,D
14:18:03,JSMR,RG,4000,10,D,LG,CC,D
14:18:03,JSMR,RG,4000,100,D,LG,CC,D
14:18:03,JSMR,RG,4000,5,D,LG,IP,D
14:18:03,JSMR,RG,4000,3,D,LG,NI,D
14:18:03,JSMR,RG,4000,1,D,LG,XC,D
14:18:03,JSMR,RG,4000,56,D,LG,NI,D
14:18:03,JSMR,RG,4000,1,D,LG,PD,D
14:18:03,JSMR,RG,4000,100,D,LG,PS,D
14:18:03,JSMR,RG,4000,24,D,LG,XC,D
14:18:03,JSMR,RG,4000,15,D,LG,YP,D
14:18:02,JSMR,RG,3990,10,D,LG,CC,D
14:17:56,JSMR,RG,3990,1,D,LG,YP,D
14:17:10,JSMR,RG,3990,5,D,LG,YP,D
14:17:05,JSMR,RG,3990,30,D,LG,DR,D
14:17:02,JSMR,RG,3990,3,D,LG,OD,D
14:16:08,JSMR,RG,3990,5,D,LG,XL,D
14:15:36,JSMR,RG,4000,10,D,PD,YP,D
14:15:19,JSMR,RG,4000,1,D,XC,YP,D
14:15:19,JSMR,RG,4000,34,D,AG,YP,D
14:15:09,JSMR,RG,4000,2,D,AG,XC,D
14:15:09,JSMR,RG,4000,100,D,AG,PP,D
14:15:03,JSMR,RG,4000,5,D,AG,SQ,D
14:15:03,JSMR,RG,4000,1,D,AG,XC,D
14:15:03,JSMR,RG,4000,1,D,AG,PD,D
14:15:03,JSMR,RG,4000,200,D,AG,DX,D
14:15:03,JSMR,RG,4000,156,D,AG,RX,D
14:15:03,JSMR,RG,4000,1,D,AG,PD,D
14:14:32,JSMR,RG,4000,1,D,YP,PD,D
14:14:19,JSMR,RG,4000,10,D,YP,YP,D
14:14:19,JSMR,RG,4000,24,D,NI,YP,D
14:14:12,JSMR,RG,4000,100,D,NI,GR,D
14:14:10,JSMR,RG,4000,39,D,NI,DX,D
14:14:10,JSMR,RG,4000,1,D,EP,DX,D
14:14:10,JSMR,RG,4000,5,D,CC,DX,D
14:14:10,JSMR,RG,4000,20,D,ZP,DX,D
14:14:10,JSMR,RG,4000,1,D,CC,DX,D
14:14:10,JSMR,RG,4000,44,D,CC,DX,D
14:14:10,JSMR,RG,4000,10,D,YP,DX,D
14:14:10,JSMR,RG,4000,80,D,YP,DX,D
14:14:02,JSMR,RG,4000,1,D,YP,CC,D
14:14:02,JSMR,RG,4000,44,D,YP,DX,D
14:14:02,JSMR,RG,4000,156,D,OD,DX,D
14:14:01,JSMR,RG,4000,1,D,OD,NI,D
14:13:57,JSMR,RG,4000,50,D,OD,YP,D
14:13:53,JSMR,RG,4000,5,D,OD,XA,D
14:13:51,JSMR,RG,4010,5,D,NI,PD,D
14:13:51,JSMR,RG,4010,1,D,NI,YP,D
14:13:51,JSMR,RG,4010,1,D,NI,YP,D
14:13:51,JSMR,RG,4010,3,D,NI,GR,D
14:13:46,JSMR,RG,4000,25,D,OD,HD,D
14:13:40,JSMR,RG,4000,50,D,OD,CC,D
14:13:39,JSMR,RG,4000,5,D,OD,LS,D
14:13:36,JSMR,RG,4010,1,D,AI,PD,D
14:13:25,JSMR,RG,4000,5,D,OD,XC,D
14:13:22,JSMR,RG,4000,50,D,OD,YP,D
14:13:19,JSMR,RG,4000,10,D,OD,DX,D
14:13:17,JSMR,RG,4000,118,D,OD,NI,D
14:13:13,JSMR,RG,4000,1,D,OD,YP,D
14:13:11,JSMR,RG,4000,24,D,OD,CC,D
14:13:10,JSMR,RG,4000,1,F,AK,DR,D
14:13:10,JSMR,RG,4000,5,F,AK,YP,D
14:13:10,JSMR,RG,4000,5,F,AK,PD,D
14:13:10,JSMR,RG,4000,10,F,AK,YP,D
14:13:10,JSMR,RG,4000,2,F,AK,SQ,D
14:13:10,JSMR,RG,4000,11,F,AK,SQ,D
14:13:10,JSMR,RG,4000,1,F,AK,CC,D
14:13:10,JSMR,RG,4000,191,F,AK,CS,F
14:13:10,JSMR,RG,4000,2,F,AK,YP,D
14:13:09,JSMR,RG,4000,3,D,DR,YP,D
14:13:09,JSMR,RG,4000,10,D,DR,NI,D
14:13:09,JSMR,RG,4000,200,D,DR,RX,D
14:13:09,JSMR,RG,4000,287,D,DR,DX,D
14:13:07,JSMR,RG,4000,10,D,YP,DX,D
14:13:06,JSMR,RG,4000,5,D,XC,DX,D
14:13:05,JSMR,RG,4000,198,F,AK,DX,D
14:13:05,JSMR,RG,4000,1,F,AK,OD,D
14:13:05,JSMR,RG,4000,10,F,AK,YB,D
14:13:05,JSMR,RG,4000,2,F,AK,GR,D
14:13:05,JSMR,RG,4000,15,F,AK,YP,D
14:13:05,JSMR,RG,4000,2,F,AK,IT,D
14:13:05,JSMR,RG,4000,76,F,AK,IT,D
14:13:04,JSMR,RG,4000,172,D,OD,IT,D
14:13:04,JSMR,RG,4000,100,D,OD,IT,D
14:13:04,JSMR,RG,4000,228,D,OD,IT,D
14:12:54,JSMR,RG,4000,22,F,AK,IT,D
14:12:54,JSMR,RG,4000,3,F,AK,NI,D
14:12:54,JSMR,RG,4000,1,F,AK,CC,D
14:12:54,JSMR,RG,4000,1,F,AK,XC,D
14:12:54,JSMR,RG,4000,20,F,AK,NI,D
14:12:54,JSMR,RG,4000,5,F,AK,CC,D
14:12:54,JSMR,RG,4000,10,F,AK,PD,D
14:12:54,JSMR,RG,4000,14,F,AK,CC,D
14:12:53,JSMR,RG,4000,2,D,YP,CC,D
14:12:53,JSMR,RG,4000,39,F,AK,CC,D
14:12:53,JSMR,RG,4000,21,F,AK,NI,D
14:12:53,JSMR,RG,4000,1,F,AK,YP,D
14:12:53,JSMR,RG,4000,15,F,AK,YP,D
14:12:52,JSMR,RG,4000,33,D,PD,YP,D
14:12:52,JSMR,RG,4000,40,D,PD,DR,D
14:12:52,JSMR,RG,4000,8,D,PD,GR,D
14:12:52,JSMR,RG,4000,15,D,PD,PD,D
14:12:52,JSMR,RG,4000,2,D,PD,XC,D
14:12:52,JSMR,RG,4000,3,D,PD,YP,D
14:12:52,JSMR,RG,4000,100,D,PD,CC,D
14:12:52,JSMR,RG,4000,35,D,PD,XC,D
14:12:52,JSMR,RG,4000,1,D,PD,GR,D
14:12:52,JSMR,RG,4000,1,D,PD,PD,D
14:12:52,JSMR,RG,4000,10,D,PD,EP,D
14:12:52,JSMR,RG,4000,10,D,PD,EP,D
14:12:52,JSMR,RG,4000,1,D,PD,DH,D
14:12:52,JSMR,RG,4000,1,D,PD,DH,D
14:12:52,JSMR,RG,4000,5,D,PD,YP,D
14:12:52,JSMR,RG,4000,10,D,PD,KK,D
14:12:52,JSMR,RG,4000,25,D,PD,YP,D
14:12:52,JSMR,RG,4000,2,D,PD,PD,D
14:12:52,JSMR,RG,4000,1,D,PD,XC,D
14:12:52,JSMR,RG,4000,200,D,PD,OD,D
14:12:52,JSMR,RG,4000,95,D,PD,CC,D
14:12:52,JSMR,RG,4000,3,D,PD,PD,D
14:12:52,JSMR,RG,4000,10,D,PD,CC,D
14:12:52,JSMR,RG,4000,100,D,PD,YP,D
14:12:52,JSMR,RG,4000,5,D,PD,CC,D
14:12:52,JSMR,RG,4000,2,D,PD,PD,D
14:12:52,JSMR,RG,4000,100,D,PD,DR,D
14:12:52,JSMR,RG,4000,5,D,PD,YP,D
14:12:52,JSMR,RG,4000,1,D,PD,YP,D
14:12:52,JSMR,RG,4000,10,D,PD,CC,D
14:12:52,JSMR,RG,4000,15,D,PD,CC,D
14:12:52,JSMR,RG,4000,50,D,PD,LS,D
14:12:52,JSMR,RG,4000,50,D,PD,LS,D
14:12:52,JSMR,RG,4000,50,D,PD,LS,D
14:12:52,JSMR,RG,4000,1,D,PD,YB,D
14:12:47,JSMR,RG,3990,14,D,LG,CC,D
14:12:42,JSMR,RG,3990,2,D,LG,PD,D
14:12:33,JSMR,RG,3990,10,D,LG,YP,D
14:12:25,JSMR,RG,3990,33,D,LG,CC,D
14:12:18,JSMR,RG,3990,10,D,LG,CC,D
14:12:13,JSMR,RG,3990,2,D,LG,PD,D
14:12:09,JSMR,RG,3990,11,D,LG,EP,D
14:12:09,JSMR,RG,3990,1,D,LG,CC,D
14:12:09,JSMR,RG,3990,200,D,LG,DX,D
14:11:53,JSMR,RG,3990,35,D,LG,LG,D
14:11:53,JSMR,RG,3990,1,D,LG,NI,D
14:11:49,JSMR,RG,3990,2,D,LG,SQ,D
14:11:47,JSMR,RG,3990,238,D,LG,GR,D
14:11:46,JSMR,RG,3990,500,D,DR,GR,D
14:11:46,JSMR,RG,3990,262,D,YP,GR,D
14:11:44,JSMR,RG,3990,5,D,YP,YP,D
14:11:41,JSMR,RG,3990,33,D,YP,SQ,D
14:11:41,JSMR,RG,3990,6,D,KZ,SQ,D
14:11:41,JSMR,RG,3990,11,D,DR,SQ,D
14:11:41,JSMR,RG,3990,50,D,DR,YP,D
14:11:35,JSMR,RG,3990,1,D,DR,XA,D
14:11:35,JSMR,RG,3990,2,D,DR,XC,D
14:11:35,JSMR,RG,3990,3,D,DR,YP,D
14:11:35,JSMR,RG,3990,200,D,DR,RX,D
14:11:35,JSMR,RG,3990,5,D,DR,KK,D
14:11:35,JSMR,RG,3990,25,D,DR,AG,F
14:11:35,JSMR,RG,3990,1,D,DR,YP,D
14:11:35,JSMR,RG,3990,202,D,DR,DX,D
14:11:31,JSMR,RG,3990,228,F,AK,DX,D
14:11:31,JSMR,RG,3990,70,D,PD,DX,D
14:11:31,JSMR,RG,3990,7,D,PD,XA,D
14:11:31,JSMR,RG,3990,500,D,PD,CC,D
14:11:31,JSMR,RG,3990,12,D,PD,DR,D
14:11:31,JSMR,RG,3990,1,D,PD,YP,D
14:11:31,JSMR,RG,3990,2,D,PD,XC,D
14:11:31,JSMR,RG,3990,10,D,PD,PD,D
14:11:31,JSMR,RG,3990,15,D,PD,PD,D
14:11:31,JSMR,RG,3990,5,D,PD,YP,D
14:11:31,JSMR,RG,3990,88,D,PD,DH,D
14:11:31,JSMR,RG,3990,1,D,PD,PD,D
14:11:31,JSMR,RG,3990,200,D,PD,YP,D
14:11:31,JSMR,RG,3990,4,D,PD,PD,D
14:11:31,JSMR,RG,3990,5,D,PD,TP,D
14:11:31,JSMR,RG,3990,2,D,PD,HP,D
14:11:31,JSMR,RG,3990,20,D,PD,EP,D
14:11:31,JSMR,RG,3990,5,D,PD,YP,D
14:11:31,JSMR,RG,3990,50,D,PD,KI,D
14:11:31,JSMR,RG,3990,1,D,PD,YB,D
14:11:31,JSMR,RG,3990,2,D,PD,PD,D
14:11:28,JSMR,RG,3980,1,D,LG,CC,D
14:11:22,JSMR,RG,3980,1,D,LG,CC,D
14:11:10,JSMR,RG,3980,1,D,LG,CC,D
14:10:35,JSMR,RG,3980,50,D,LG,KI,D
14:10:33,JSMR,RG,3980,100,D,LG,YP,D
14:10:32,JSMR,RG,3980,2,D,LG,YP,D
14:10:20,JSMR,RG,3980,10,D,LG,YP,D
14:10:07,JSMR,RG,3980,1,D,LG,AZ,D
14:10:04,JSMR,RG,3980,8,D,LG,PD,D
14:10:03,JSMR,RG,3980,4,D,LG,YP,D
14:09:56,JSMR,RG,3980,2,D,LG,SQ,D
14:09:56,JSMR,RG,3980,5,D,LG,YP,D
14:09:56,JSMR,RG,3980,25,D,LG,CC,D
14:09:56,JSMR,RG,3980,25,D,LG,RX,D
14:09:56,JSMR,RG,3980,275,D,LG,RX,D
14:09:56,JSMR,RG,3980,7,D,LG,NI,D
14:09:56,JSMR,RG,3980,301,D,LG,DX,D
14:09:50,JSMR,RG,3980,80,D,XC,DX,D
14:09:20,JSMR,RG,3980,19,D,YP,DX,D
14:09:20,JSMR,RG,3980,33,D,YP,PP,D
14:09:01,JSMR,RG,3970,5,D,LG,YP,D
14:08:57,JSMR,RG,3970,180,D,LG,PP,D
14:08:48,JSMR,RG,3980,347,D,YU,PP,D
14:08:48,JSMR,RG,3980,5,D,YU,KK,D
14:08:48,JSMR,RG,3980,15,D,YU,PD,D
14:08:48,JSMR,RG,3980,4,D,YU,YP,D
14:08:48,JSMR,RG,3980,20,D,YU,EP,D
14:08:48,JSMR,RG,3980,2,D,YU,RG,D
14:08:48,JSMR,RG,3980,1,D,YU,XC,D
14:08:48,JSMR,RG,3980,100,D,YU,YP,D
14:08:48,JSMR,RG,3980,200,D,YU,YP,D
14:08:48,JSMR,RG,3980,2,D,YU,NI,D
14:08:48,JSMR,RG,3980,2,D,YU,HP,D
14:08:48,JSMR,RG,3980,1,D,YU,YP,D
14:08:48,JSMR,RG,3980,20,D,YU,SQ,D
14:08:48,JSMR,RG,3980,50,D,YU,LG,D
14:08:48,JSMR,RG,3980,20,D,YU,PD,D
14:08:48,JSMR,RG,3980,5,D,YU,PD,D
14:08:48,JSMR,RG,3980,1,D,YU,DH,D
14:08:48,JSMR,RG,3980,1,D,YU,YB,D
14:08:48,JSMR,RG,3970,140,D,YU,XA,D
14:08:48,JSMR,RG,3970,5,D,YU,YP,D
14:08:48,JSMR,RG,3970,30,D,YU,CC,D
14:08:48,JSMR,RG,3970,1,D,YU,KK,D
14:08:48,JSMR,RG,3970,200,D,YU,XA,D
14:08:48,JSMR,RG,3970,5,D,YU,NI,D
14:08:48,JSMR,RG,3970,10,D,YU,PD,D
14:08:48,JSMR,RG,3970,20,D,YU,KK,D
14:08:48,JSMR,RG,3970,36,D,YU,RX,D
14:08:14,JSMR,RG,3970,5,D,YU,RX,D
14:08:01,JSMR,RG,3970,359,D,OD,RX,D
14:08:01,JSMR,RG,3970,1,D,OD,YP,D
14:08:01,JSMR,RG,3970,140,D,OD,IP,D
14:07:17,JSMR,RG,3970,160,D,LG,IP,D
14:07:17,JSMR,RG,3970,4,D,LG,LG,D
14:07:17,JSMR,RG,3970,8,D,LG,SQ,D
14:07:17,JSMR,RG,3970,8,D,LG,LG,D
14:07:17,JSMR,RG,3970,1,D,LG,OD,D
14:07:17,JSMR,RG,3970,37,D,LG,YP,D
14:07:17,JSMR,RG,3970,32,D,LG,AZ,D
14:07:17,JSMR,RG,3970,2,D,LG,SQ,D
14:07:17,JSMR,RG,3970,10,D,LG,CC,D
14:07:17,JSMR,RG,3970,32,D,LG,AZ,D
14:07:17,JSMR,RG,3970,135,D,LG,DX,D
14:07:17,JSMR,RG,3970,115,D,LG,DX,D
14:07:17,JSMR,RG,3970,1,D,LG,NI,D
14:07:17,JSMR,RG,3970,20,D,LG,CC,D
14:07:17,JSMR,RG,3970,20,D,LG,CC,D
14:07:17,JSMR,RG,3970,11,D,LG,YP,D
14:07:17,JSMR,RG,3970,300,D,LG,CC,D
14:07:17,JSMR,RG,3970,4,D,LG,PD,D
14:07:17,JSMR,RG,3970,25,D,LG,KK,D
14:07:17,JSMR,RG,3970,15,D,LG,PD,D
14:07:17,JSMR,RG,3970,20,D,LG,EP,D
14:07:17,JSMR,RG,3970,39,D,LG,XC,D
14:07:06,JSMR,RG,3960,4,D,YU,OD,D
14:06:48,JSMR,RG,3970,16,D,YU,XC,D
14:06:48,JSMR,RG,3970,9,D,YU,SQ,D
14:06:28,JSMR,RG,3960,18,D,YU,EP,D
14:06:13,JSMR,RG,3960,172,D,YU,AI,D
14:06:13,JSMR,RG,3960,10,D,PD,AI,D
14:06:13,JSMR,RG,3960,20,D,ZP,AI,D
14:06:13,JSMR,RG,3960,118,D,NI,AI,D
14:06:13,JSMR,RG,3960,5,D,KZ,AI,D
14:06:13,JSMR,RG,3960,175,D,YP,AI,D
14:06:09,JSMR,RG,3960,1,D,YP,NI,D
14:05:02,JSMR,RG,3960,10,D,YP,XC,D
14:04:44,JSMR,RG,3960,14,D,YP,DX,D
14:04:44,JSMR,RG,3960,36,D,LG,DX,D
14:04:20,JSMR,RG,3970,41,D,SQ,SQ,D
14:04:20,JSMR,RG,3970,2,D,SQ,RG,D
14:04:20,JSMR,RG,3970,5,D,SQ,YP,D
14:04:20,JSMR,RG,3970,1,D,SQ,KK,D
14:04:20,JSMR,RG,3970,1,D,SQ,YB,D
14:04:15,JSMR,RG,3960,2,D,LG,DR,D
14:04:05,JSMR,RG,3960,10,D,LG,OD,D
14:04:05,JSMR,RG,3960,10,D,LG,XC,D
14:04:05,JSMR,RG,3960,30,D,LG,SH,D
14:04:05,JSMR,RG,3960,1,D,LG,XC,D
14:04:05,JSMR,RG,3960,200,D,LG,DX,D
14:04:05,JSMR,RG,3960,30,D,LG,PD,D
14:04:05,JSMR,RG,3960,3,D,LG,YP,D
14:04:05,JSMR,RG,3960,35,D,LG,CC,D
14:04:05,JSMR,RG,3960,3,D,LG,PD,D
14:04:05,JSMR,RG,3960,1,D,LG,KK,D
14:04:05,JSMR,RG,3960,15,D,LG,PD,D
14:04:05,JSMR,RG,3960,54,D,LG,DX,D
14:04:05,JSMR,RG,3960,46,D,LG,DX,D
14:04:05,JSMR,RG,3960,500,D,LG,AI,D
14:04:05,JSMR,RG,3960,20,D,LG,EP,D
14:04:05,JSMR,RG,3960,4,D,LG,AT,D
14:04:00,JSMR,RG,3960,1,D,YU,AT,D
14:04:00,JSMR,RG,3960,5,D,YU,YP,D
14:04:00,JSMR,RG,3960,1,D,YU,YP,D
14:04:00,JSMR,RG,3960,1,D,YU,YB,D
14:04:00,JSMR,RG,3960,1,D,YU,PD,D
14:04:00,JSMR,RG,3960,50,D,YU,YB,D
14:03:51,JSMR,RG,3950,150,D,LG,DX,D
14:02:52,JSMR,RG,3950,1,D,LG,YP,D
14:02:48,JSMR,RG,3950,1,D,LG,DH,D
14:02:38,JSMR,RG,3950,1,D,LG,XC,D
14:02:38,JSMR,RG,3950,200,D,LG,DX,D
14:02:38,JSMR,RG,3950,100,D,LG,KK,D
14:02:38,JSMR,RG,3950,100,D,LG,KK,D
14:02:38,JSMR,RG,3950,1,D,LG,PD,D
14:02:38,JSMR,RG,3950,10,D,LG,OD,D
14:02:38,JSMR,RG,3950,11,D,LG,SQ,D
14:02:38,JSMR,RG,3950,10,D,LG,XC,D
14:02:38,JSMR,RG,3950,137,D,LG,RX,D
14:02:38,JSMR,RG,3950,163,D,LG,RX,D
14:02:38,JSMR,RG,3950,1,D,LG,CC,D
14:02:38,JSMR,RG,3950,100,D,LG,DX,D
14:02:38,JSMR,RG,3950,1,D,LG,CC,D
14:02:38,JSMR,RG,3950,100,D,LG,CC,D
14:02:38,JSMR,RG,3950,10,D,LG,OD,D
14:02:38,JSMR,RG,3950,1,D,LG,PD,D
14:02:38,JSMR,RG,3950,100,D,LG,PD,D
14:02:38,JSMR,RG,3950,200,D,LG,DX,D
14:02:38,JSMR,RG,3950,3,D,LG,ZP,D
14:02:38,JSMR,RG,3950,2,D,LG,NI,D
14:02:38,JSMR,RG,3950,3,D,LG,XC,D
14:02:38,JSMR,RG,3950,3,D,LG,XL,D
14:02:38,JSMR,RG,3950,10,D,LG,EP,D
14:02:38,JSMR,RG,3950,10,D,LG,YP,D
14:02:38,JSMR,RG,3950,1,D,LG,YP,D
14:02:38,JSMR,RG,3950,2,D,LG,DH,D
14:02:38,JSMR,RG,3950,100,D,LG,TP,D
14:02:38,JSMR,RG,3950,100,D,LG,CC,D
14:02:38,JSMR,RG,3950,2,D,LG,PD,D
14:02:38,JSMR,RG,3950,85,D,LG,YP,D
14:02:38,JSMR,RG,3950,144,D,LG,PD,D
14:02:29,JSMR,RG,3950,56,D,EP,PD,D
14:02:29,JSMR,RG,3950,4,D,EP,KK,D
14:02:08,JSMR,RG,3950,2,D,NI,KK,D
14:02:08,JSMR,RG,3950,2,D,NI,PD,D
14:02:08,JSMR,RG,3950,1,D,NI,YB,D
14:02:08,JSMR,RG,3950,5,D,NI,XC,D
14:00:39,JSMR,RG,3940,3,D,YU,KK,D
14:00:24,JSMR,RG,3940,200,D,YU,PP,D
14:00:24,JSMR,RG,3940,10,D,YU,YP,D
14:00:24,JSMR,RG,3940,100,D,YU,DX,D
14:00:24,JSMR,RG,3940,227,D,YU,RX,D
14:00:00,JSMR,RG,3940,73,D,YU,RX,D
14:00:00,JSMR,RG,3940,26,D,YU,DX,D
13:59:26,JSMR,RG,3940,12,D,KZ,DX,D
13:59:26,JSMR,RG,3940,5,D,KZ,DX,D
13:59:26,JSMR,RG,3940,7,D,LG,DX,D
13:59:15,JSMR,RG,3940,5,D,LG,KK,D
13:59:15,JSMR,RG,3940,1,D,LG,YB,D
13:59:15,JSMR,RG,3940,100,D,LG,KK,D
13:59:15,JSMR,RG,3940,20,D,LG,XC,D
13:59:15,JSMR,RG,3940,50,D,LG,YP,D
13:59:15,JSMR,RG,3940,128,D,LG,YP,D
13:59:15,JSMR,RG,3940,119,D,LG,DX,D
13:59:15,JSMR,RG,3940,81,D,LG,DX,D
13:59:15,JSMR,RG,3940,10,D,LG,OD,D
13:59:15,JSMR,RG,3940,5,D,LG,YP,D
13:59:15,JSMR,RG,3940,200,D,LG,RX,D
13:59:15,JSMR,RG,3940,1,D,LG,OD,D
13:59:15,JSMR,RG,3940,10,D,LG,YB,D
13:59:15,JSMR,RG,3940,1,D,LG,YP,D
13:59:15,JSMR,RG,3940,10,D,LG,CC,D
13:59:15,JSMR,RG,3940,10,D,LG,NI,D
13:59:15,JSMR,RG,3940,5,D,LG,EP,D
13:59:15,JSMR,RG,3940,100,D,LG,PP,D
13:59:15,JSMR,RG,3940,1,D,LG,PD,D
13:59:15,JSMR,RG,3940,136,D,LG,DX,D
13:57:20,JSMR,RG,3930,5,D,LG,CC,D
13:56:02,JSMR,RG,3930,50,D,LG,KK,D
13:54:00,JSMR,RG,3940,14,D,YU,DX,D
13:54:00,JSMR,RG,3940,4,D,YU,PD,D
13:54:00,JSMR,RG,3940,144,D,YU,RX,D
13:50:00,JSMR,RG,3940,85,D,YU,RX,D
13:48:46,JSMR,RG,3930,4,D,LG,XC,D
13:48:02,JSMR,RG,3930,15,D,LG,YP,D
13:47:51,JSMR,RG,3930,15,D,LG,YB,D
13:46:29,JSMR,RG,3930,1,D,LG,NI,D
13:45:36,JSMR,RG,3940,1,D,CC,RX,D
13:45:00,JSMR,RG,3940,70,D,YU,RX,D
13:45:00,JSMR,RG,3940,1,D,YU,CC,D
13:44:52,JSMR,RG,3930,5,D,LG,CP,D
13:44:14,JSMR,RG,3940,8,D,YP,CC,D
13:42:04,JSMR,RG,3940,1,D,YP,CC,D
13:42:04,JSMR,RG,3940,4,D,YP,CC,D
13:40:29,JSMR,RG,3940,5,D,NI,CC,D
13:40:14,JSMR,RG,3940,16,D,YU,CC,D
13:40:14,JSMR,RG,3940,20,D,YU,CC,D
13:40:14,JSMR,RG,3940,1,D,YU,CC,D
13:40:14,JSMR,RG,3940,50,D,YU,DX,D
13:40:14,JSMR,RG,3940,13,D,YU,PP,D
13:38:14,JSMR,RG,3940,4,D,KZ,PP,D
13:38:11,JSMR,RG,3940,8,D,PD,PP,D
13:37:59,JSMR,RG,3940,5,D,CC,PP,D
13:37:53,JSMR,RG,3940,37,D,YP,PP,D
13:37:53,JSMR,RG,3940,1,D,KK,PP,D
13:37:53,JSMR,RG,3940,12,D,KZ,PP,D
13:37:45,JSMR,RG,3940,3,D,KZ,CC,D
13:37:45,JSMR,RG,3940,22,D,YU,CC,D
13:37:24,JSMR,RG,3940,1,D,YU,XC,D
13:37:17,JSMR,RG,3940,11,D,YU,YP,D
13:36:46,JSMR,RG,3930,2,D,LG,XC,D
13:36:33,JSMR,RG,3930,15,D,LG,BK,F
13:36:30,JSMR,RG,3940,27,D,YU,BK,F
13:36:30,JSMR,RG,3940,150,D,YU,YP,D
13:36:30,JSMR,RG,3940,10,D,YU,KK,D
13:36:30,JSMR,RG,3940,40,D,YU,BK,F
13:36:30,JSMR,RG,3940,200,D,YU,DX,D
13:36:30,JSMR,RG,3940,1,D,YU,CC,D
13:36:30,JSMR,RG,3940,25,D,YU,CC,D
13:36:30,JSMR,RG,3940,1,D,YU,KK,D
13:36:30,JSMR,RG,3940,34,D,YU,BK,F
13:36:30,JSMR,RG,3940,5,D,YU,YP,D
13:36:30,JSMR,RG,3940,10,D,YU,YP,D
13:36:30,JSMR,RG,3940,1,D,YU,YP,D
13:36:30,JSMR,RG,3940,3,D,YU,YP,D
13:36:30,JSMR,RG,3940,3,D,YU,CC,D
13:36:30,JSMR,RG,3940,25,D,YU,CC,D
13:36:30,JSMR,RG,3940,1,D,YU,XL,D
13:36:30,JSMR,RG,3940,126,D,YU,DX,D
13:36:30,JSMR,RG,3940,5,D,YU,DR,D
13:36:30,JSMR,RG,3940,4,D,YU,DR,D
13:36:30,JSMR,RG,3940,1,D,YU,XC,D
13:36:30,JSMR,RG,3940,15,D,YU,PD,D
13:36:30,JSMR,RG,3940,50,D,YU,BK,F
13:36:30,JSMR,RG,3940,7,D,YU,NI,D
13:36:30,JSMR,RG,3940,1,D,YU,BK,F
13:36:30,JSMR,RG,3940,21,D,YU,BK,F
13:36:30,JSMR,RG,3940,45,D,YU,PD,D
13:36:30,JSMR,RG,3940,40,D,YU,OD,D
13:36:30,JSMR,RG,3940,49,D,YU,DX,D
13:34:45,JSMR,RG,3930,1,D,LG,CC,D
13:34:16,JSMR,RG,3930,10,D,LG,XC,D
13:32:56,JSMR,RG,3930,2,D,LG,YP,D
13:32:56,JSMR,RG,3930,2,D,XC,YP,D
13:32:56,JSMR,RG,3930,46,D,LG,YP,D
13:32:25,JSMR,RG,3930,1,D,LG,CC,D
13:31:05,JSMR,RG,3930,2,D,LG,PD,D
13:30:15,JSMR,RG,3940,7,D,YP,DX,D
13:30:14,JSMR,RG,3930,3,D,LG,YP,D
13:30:12,JSMR,RG,3940,3,D,XC,DX,D
13:30:12,JSMR,RG,3940,5,D,XC,DX,D
13:30:10,JSMR,RG,3940,3,D,XC,DX,D
13:30:07,JSMR,RG,3940,1,F,KK,DX,D
13:30:05,JSMR,RG,3940,1,D,XL,DX,D
13:30:02,JSMR,RG,3940,20,D,PD,DX,D
13:30:02,JSMR,RG,3940,1,D,SQ,DX,D
13:30:02,JSMR,RG,3940,1,D,PD,DX,D
13:30:01,JSMR,RG,3930,3,D,LG,YU,D
13:30:01,JSMR,RG,3940,2,D,YB,DX,D
11:29:46,JSMR,RG,3940,5,D,YP,DX,D
11:29:25,JSMR,RG,3940,1,D,KZ,DX,D
11:29:20,JSMR,RG,3940,1,D,KZ,DX,D
11:29:15,JSMR,RG,3930,3,D,LG,XC,D
11:29:15,JSMR,RG,3940,1,D,KZ,YP,D
11:27:26,JSMR,RG,3930,2,D,LG,KK,D
11:26:55,JSMR,RG,3930,26,D,LG,KK,D
11:26:55,JSMR,RG,3930,104,D,LG,KK,D
11:26:07,JSMR,RG,3930,10,D,LG,XC,D
11:25:16,JSMR,RG,3930,10,D,LG,CC,D
11:25:16,JSMR,RG,3930,33,D,LG,BK,F
11:25:16,JSMR,RG,3930,43,D,LG,DX,D
11:25:16,JSMR,RG,3930,57,D,LG,DX,D
11:25:16,JSMR,RG,3930,24,D,LG,BK,F
11:25:16,JSMR,RG,3930,33,D,LG,DX,D
11:23:44,JSMR,RG,3920,15,D,XC,BK,F
11:23:44,JSMR,RG,3920,25,D,XC,DX,D
11:22:46,JSMR,RG,3920,13,D,PD,DX,D
11:22:46,JSMR,RG,3920,3,D,XC,DX,D
11:22:46,JSMR,RG,3920,9,D,PD,DX,D
11:22:17,JSMR,RG,3930,2,D,KZ,DX,D
11:22:17,JSMR,RG,3930,12,D,KZ,DX,D
11:22:17,JSMR,RG,3930,2,D,KZ,DX,D
11:22:17,JSMR,RG,3930,51,D,PD,DX,D
11:21:29,JSMR,RG,3930,3,D,PD,CC,D
11:21:29,JSMR,RG,3930,134,D,PD,BK,F
11:21:29,JSMR,RG,3930,26,D,PD,BK,F
11:21:29,JSMR,RG,3930,200,D,PD,CC,D
11:21:29,JSMR,RG,3930,60,D,PD,BK,F
11:21:29,JSMR,RG,3930,380,D,PD,PP,D
11:21:29,JSMR,RG,3930,30,D,PD,GR,D
11:21:29,JSMR,RG,3930,2,D,PD,PD,D
11:21:29,JSMR,RG,3930,5,D,PD,YP,D
11:21:29,JSMR,RG,3930,1,D,PD,CC,D
11:21:29,JSMR,RG,3930,100,D,PD,DX,D
11:21:29,JSMR,RG,3930,1,D,PD,YP,D
11:21:29,JSMR,RG,3930,1,D,PD,PD,D
11:21:29,JSMR,RG,3930,2,D,PD,PD,D
11:21:29,JSMR,RG,3930,4,D,PD,EP,D
11:21:10,JSMR,RG,3920,2,D,PD,KK,D
11:20:08,JSMR,RG,3920,47,D,PD,NI,D
11:20:08,JSMR,RG,3920,1,D,PD,XC,D
11:20:08,JSMR,RG,3920,22,D,PD,PD,D
11:20:08,JSMR,RG,3920,21,D,PD,BK,F
11:20:08,JSMR,RG,3920,200,D,PD,DX,D
11:20:08,JSMR,RG,3920,3,D,PD,PD,D
11:20:08,JSMR,RG,3920,34,D,PD,BK,F
11:20:08,JSMR,RG,3920,380,D,PD,PP,D
11:20:08,JSMR,RG,3920,10,D,PD,KK,D
11:20:08,JSMR,RG,3920,1,D,PD,XC,D
11:20:08,JSMR,RG,3920,4,D,PD,XC,D
11:20:08,JSMR,RG,3920,50,D,PD,DX,D
11:20:08,JSMR,RG,3920,17,D,PD,BK,F
11:20:08,JSMR,RG,3920,10,D,PD,EP,D
11:20:08,JSMR,RG,3920,23,D,PD,BK,F
11:20:08,JSMR,RG,3920,2,D,PD,CC,D
11:20:08,JSMR,RG,3920,50,D,PD,DX,D
11:20:08,JSMR,RG,3920,2,D,PD,KK,D
11:20:08,JSMR,RG,3920,3,D,PD,YP,D
11:20:08,JSMR,RG,3920,69,D,PD,AK,F
11:20:08,JSMR,RG,3920,1,D,PD,YP,D
11:20:08,JSMR,RG,3920,39,D,PD,YU,D
11:19:46,JSMR,RG,3910,24,D,PD,PD,D
11:19:46,JSMR,RG,3910,4,D,PD,YP,D
11:19:46,JSMR,RG,3910,33,D,PD,BK,F
11:19:46,JSMR,RG,3910,100,D,PD,DX,D
11:19:46,JSMR,RG,3910,23,D,PD,BK,F
11:19:46,JSMR,RG,3910,100,D,PD,DX,D
11:19:46,JSMR,RG,3910,43,D,PD,BK,F
11:19:46,JSMR,RG,3910,5,D,PD,NI,D
11:19:46,JSMR,RG,3910,1,D,PD,SQ,D
11:19:46,JSMR,RG,3910,8,D,PD,XC,D
11:19:46,JSMR,RG,3910,28,D,PD,BK,F
11:19:46,JSMR,RG,3910,100,D,PD,DX,D
11:19:46,JSMR,RG,3910,135,D,PD,CC,D
11:19:46,JSMR,RG,3910,10,D,PD,NI,D
11:19:46,JSMR,RG,3910,20,D,PD,BK,F
11:19:46,JSMR,RG,3910,55,D,PD,DX,D
11:17:28,JSMR,RG,3900,2,D,YU,KK,D
11:10:51,JSMR,RG,3900,5,D,YU,YP,D
11:10:44,JSMR,RG,3900,2,D,YU,DX,D
11:10:44,JSMR,RG,3900,98,D,YU,DX,D
11:10:35,JSMR,RG,3900,45,D,YU,DX,D
11:10:35,JSMR,RG,3900,55,D,YU,DX,D
11:10:14,JSMR,RG,3900,97,D,YU,DX,D
11:10:14,JSMR,RG,3900,1,D,CC,DX,D
11:10:14,JSMR,RG,3900,2,D,XC,DX,D
11:10:05,JSMR,RG,3900,8,D,XC,PP,D
11:10:05,JSMR,RG,3900,3,D,KZ,PP,D
11:10:05,JSMR,RG,3900,5,D,NI,PP,D
11:10:05,JSMR,RG,3900,5,D,PD,PP,D
11:10:05,JSMR,RG,3900,10,D,OD,PP,D
11:10:05,JSMR,RG,3900,1,D,YP,PP,D
11:10:05,JSMR,RG,3900,11,D,YU,PP,D
11:10:05,JSMR,RG,3900,5,D,CC,PP,D
11:10:05,JSMR,RG,3900,1,D,YP,PP,D
11:10:05,JSMR,RG,3900,48,D,YU,PP,D
11:10:05,JSMR,RG,3900,16,D,YU,PP,D
11:10:05,JSMR,RG,3900,23,D,YU,PP,D
11:10:05,JSMR,RG,3900,16,D,LG,PP,D
11:10:05,JSMR,RG,3900,14,D,YU,PP,D
11:10:05,JSMR,RG,3900,37,D,YU,PP,D
11:10:05,JSMR,RG,3900,15,D,YU,PP,D
11:10:05,JSMR,RG,3900,16,D,YU,PP,D
11:10:05,JSMR,RG,3900,28,D,YU,PP,D
11:10:05,JSMR,RG,3900,118,D,YU,PP,D
11:08:16,JSMR,RG,3910,5,D,PD,DX,D
11:02:33,JSMR,RG,3910,10,D,NI,DX,D
11:01:55,JSMR,RG,3910,2,D,KZ,DX,D
11:00:55,JSMR,RG,3900,20,D,YU,DH,D
10:59:51,JSMR,RG,3910,28,D,LG,DX,D
10:59:51,JSMR,RG,3910,35,D,LG,ZR,D
10:59:51,JSMR,RG,3910,1,D,LG,KK,D
10:59:50,JSMR,RG,3910,4,D,LG,KK,D
10:59:50,JSMR,RG,3910,2,D,LG,GR,D
10:59:50,JSMR,RG,3910,13,D,LG,GR,D
10:59:50,JSMR,RG,3910,25,D,LG,YP,D
10:59:50,JSMR,RG,3910,42,D,LG,BK,F
10:59:33,JSMR,RG,3910,100,D,CP,PP,D
10:57:50,JSMR,RG,3910,4,D,KZ,PP,D
10:57:49,JSMR,RG,3910,10,D,SQ,PP,D
10:57:20,JSMR,RG,3900,9,D,YU,EP,D
10:56:32,JSMR,RG,3910,3,D,PD,PP,D
10:50:14,JSMR,RG,3910,107,D,LG,PP,D
10:50:14,JSMR,RG,3910,143,D,LG,PP,D
10:50:14,JSMR,RG,3910,13,D,LG,PP,D
10:49:40,JSMR,RG,3910,1,D,LG,OD,D
10:49:40,JSMR,RG,3910,7,D,LG,BK,F
10:49:39,JSMR,RG,3910,16,D,LG,BK,F
10:49:39,JSMR,RG,3910,13,D,LG,DX,D
10:47:28,JSMR,RG,3910,20,D,XC,DX,D
10:46:24,JSMR,RG,3910,2,D,XC,DX,D
10:46:03,JSMR,RG,3910,1,D,YP,DX,D
10:45:08,JSMR,RG,3910,10,D,CC,DX,D
10:44:32,JSMR,RG,3910,3,D,XC,DX,D
10:44:20,JSMR,RG,3910,7,D,KZ,DX,D
10:44:20,JSMR,RG,3910,44,D,PD,DX,D
10:44:17,JSMR,RG,3910,1,D,PD,OD,D
10:44:05,JSMR,RG,3920,4,D,KZ,YU,D
10:43:47,JSMR,RG,3910,38,D,PD,BK,F
10:43:47,JSMR,RG,3910,142,D,PD,SQ,D
10:43:47,JSMR,RG,3910,5,D,PD,PD,D
10:43:47,JSMR,RG,3910,2,D,PD,OD,D
10:43:47,JSMR,RG,3910,32,D,PD,BK,F
10:43:47,JSMR,RG,3910,100,D,PD,DX,D
10:43:47,JSMR,RG,3910,1,D,PD,YP,D
10:43:47,JSMR,RG,3910,5,D,PD,XC,D
10:43:47,JSMR,RG,3910,2,D,PD,EP,D
10:43:47,JSMR,RG,3910,10,D,PD,PD,D
10:43:47,JSMR,RG,3910,9,D,PD,BK,F
10:43:47,JSMR,RG,3910,200,D,PD,DX,D
10:43:47,JSMR,RG,3910,43,D,PD,BK,F
10:43:47,JSMR,RG,3910,300,D,PD,GR,D
10:43:47,JSMR,RG,3910,15,D,PD,PD,D
10:43:47,JSMR,RG,3910,5,D,PD,PD,D
10:43:47,JSMR,RG,3910,1,D,PD,XC,D
10:43:47,JSMR,RG,3910,13,D,PD,BK,F
10:43:47,JSMR,RG,3910,32,D,PD,BQ,D
10:43:43,JSMR,RG,3900,6,D,YU,KK,D
10:41:43,JSMR,RG,3900,2,D,YU,KK,D
10:41:38,JSMR,RG,3900,1,D,YU,CC,D
10:41:01,JSMR,RG,3900,44,D,YU,CC,D
10:41:01,JSMR,RG,3900,1,D,XC,CC,D
10:41:01,JSMR,RG,3900,4,D,KZ,CC,D
10:41:01,JSMR,RG,3900,1,D,PD,CC,D
10:38:01,JSMR,RG,3910,1,D,CC,BQ,D
10:35:07,JSMR,RG,3900,100,D,PD,YU,D
10:31:39,JSMR,RG,3900,10,D,PD,PD,D
10:30:23,JSMR,RG,3900,2,D,PD,CC,D
10:30:18,JSMR,RG,3900,100,D,PD,DX,D
10:28:52,JSMR,RG,3900,100,D,PD,DX,D
10:28:52,JSMR,RG,3900,48,D,PD,BK,F
10:28:52,JSMR,RG,3900,139,D,PD,PP,D
10:26:00,JSMR,RG,3900,49,D,YU,PP,D
10:21:40,JSMR,RG,3900,1,D,DH,PP,D
10:20:19,JSMR,RG,3900,4,D,KZ,PP,D
10:20:19,JSMR,RG,3900,23,D,YU,PP,D
10:20:19,JSMR,RG,3900,1,D,YP,PP,D
10:20:19,JSMR,RG,3900,3,D,YP,PP,D
10:20:19,JSMR,RG,3900,160,D,EP,PP,D
10:17:09,JSMR,RG,3900,100,D,EP,DX,D
10:17:09,JSMR,RG,3900,1,D,EP,CC,D
10:17:09,JSMR,RG,3900,10,D,EP,BK,F
10:17:02,JSMR,RG,3900,1,D,PD,BK,F
10:17:00,JSMR,RG,3900,6,D,YU,BK,F
10:17:00,JSMR,RG,3900,53,D,YU,DX,D
10:14:05,JSMR,RG,3900,6,D,KZ,DX,D
10:14:00,JSMR,RG,3900,38,D,YU,DX,D
10:12:20,JSMR,RG,3900,2,D,YP,DX,D
10:11:34,JSMR,RG,3900,1,D,YP,DX,D
10:11:34,JSMR,RG,3900,1,D,YP,XC,D
10:10:46,JSMR,RG,3900,10,D,NI,XC,D
10:09:33,JSMR,RG,3900,5,D,NI,XC,D
10:09:22,JSMR,RG,3900,15,D,LG,XC,D
10:09:22,JSMR,RG,3900,1,D,LG,YP,D
10:09:22,JSMR,RG,3890,3,D,PD,XC,D
10:09:17,JSMR,RG,3900,1,D,NI,YP,D
10:09:17,JSMR,RG,3900,1,D,NI,XC,D
10:09:17,JSMR,RG,3900,1,D,NI,BK,F
10:08:50,JSMR,RG,3900,10,D,NI,BK,F
10:08:31,JSMR,RG,3900,5,D,PD,BK,F
10:08:00,JSMR,RG,3900,17,D,YU,BK,F
10:08:00,JSMR,RG,3900,17,D,YU,SQ,D
10:07:59,JSMR,RG,3900,2,D,HP,SQ,D
10:06:55,JSMR,RG,3900,1,D,DR,SQ,D
10:06:40,JSMR,RG,3900,1,D,EP,SQ,D
10:05:50,JSMR,RG,3890,6,D,PD,PD,D
10:04:40,JSMR,RG,3900,3,D,KZ,SQ,D
10:03:18,JSMR,RG,3900,20,D,CC,SQ,D
10:03:18,JSMR,RG,3900,56,D,YU,SQ,D
10:02:23,JSMR,RG,3900,200,D,YU,DX,D
10:01:37,JSMR,RG,3900,5,D,YU,CP,D
10:01:26,JSMR,RG,3900,39,D,YU,BK,F
10:01:26,JSMR,RG,3900,200,D,YU,DX,D
10:00:54,JSMR,RG,3900,16,D,YU,BK,F
10:00:54,JSMR,RG,3900,200,D,YU,DX,D
10:00:54,JSMR,RG,3900,25,D,YU,BK,F
10:00:54,JSMR,RG,3900,200,D,YU,DX,D
10:00:54,JSMR,RG,3900,56,D,YU,BK,F
10:00:54,JSMR,RG,3900,3,D,YU,BK,F
10:00:44,JSMR,RG,3900,24,D,YU,BK,F
10:00:44,JSMR,RG,3900,500,D,YU,GR,D
10:00:44,JSMR,RG,3900,76,D,YU,GR,D
10:00:37,JSMR,RG,3900,16,D,YU,GR,D
10:00:37,JSMR,RG,3900,208,D,YU,GR,D
9:59:54,JSMR,RG,3900,11,D,YU,BK,F
9:59:53,JSMR,RG,3900,42,D,YU,BK,F
9:59:53,JSMR,RG,3900,239,D,YU,PP,D
9:59:46,JSMR,RG,3900,141,D,YU,PP,D
9:59:42,JSMR,RG,3900,30,D,YU,BK,F
9:59:42,JSMR,RG,3900,99,D,YU,DX,D
9:59:33,JSMR,RG,3900,100,D,YU,DX,D
9:59:33,JSMR,RG,3900,1,D,KK,DX,D
9:59:19,JSMR,RG,3900,20,D,YU,PD,D
9:59:19,JSMR,RG,3900,10,D,YU,BK,F
9:59:15,JSMR,RG,3900,3,D,KZ,BK,F
9:59:12,JSMR,RG,3900,9,D,YU,BK,F
9:59:12,JSMR,RG,3900,100,D,YU,DX,D
9:59:12,JSMR,RG,3900,100,D,YU,DX,D
9:59:12,JSMR,RG,3900,19,D,YU,BK,F
9:59:12,JSMR,RG,3900,170,D,YU,PP,D
9:59:12,JSMR,RG,3900,102,D,YU,BK,F
9:57:11,JSMR,RG,3900,1,D,PD,BK,F
9:57:04,JSMR,RG,3890,2,D,XC,OD,D
9:57:03,JSMR,RG,3900,6,D,NI,BK,F
9:57:03,JSMR,RG,3900,13,D,NI,YP,D
9:55:53,JSMR,RG,3900,1,D,EP,YP,D
9:54:37,JSMR,RG,3900,5,D,NI,YP,D
9:54:37,JSMR,RG,3900,9,D,YU,YP,D
9:54:31,JSMR,RG,3900,7,D,YU,YP,D
9:54:31,JSMR,RG,3900,15,D,YU,YP,D
9:54:31,JSMR,RG,3900,200,D,YU,YP,D
9:54:31,JSMR,RG,3900,21,D,YU,YP,D
9:54:31,JSMR,RG,3900,7,D,KZ,YP,D
9:54:31,JSMR,RG,3900,5,D,YP,YP,D
9:54:31,JSMR,RG,3900,25,D,PD,YP,D
9:54:31,JSMR,RG,3900,3,D,CC,YP,D
9:54:31,JSMR,RG,3900,3,D,YP,YP,D
9:54:31,JSMR,RG,3900,5,D,XC,YP,D
9:54:31,JSMR,RG,3900,10,D,CC,YP,D
9:54:31,JSMR,RG,3900,2,D,XC,YP,D
9:54:31,JSMR,RG,3900,1,D,PD,YP,D
9:54:31,JSMR,RG,3900,3,D,PD,YP,D
9:54:31,JSMR,RG,3900,25,D,CC,YP,D
9:54:31,JSMR,RG,3900,4,D,XC,YP,D
9:54:31,JSMR,RG,3900,5,D,YP,YP,D
9:54:31,JSMR,RG,3900,10,D,DX,YP,D
9:54:31,JSMR,RG,3900,2,D,KK,YP,D
9:54:31,JSMR,RG,3900,1,D,PD,YP,D
9:54:31,JSMR,RG,3900,1,D,CC,YP,D
9:54:31,JSMR,RG,3900,2,D,LG,YP,D
9:54:31,JSMR,RG,3900,143,D,YU,YP,D
9:52:17,JSMR,RG,3910,10,D,XC,BQ,D
9:51:00,JSMR,RG,3910,37,D,YU,BQ,D
9:51:00,JSMR,RG,3910,3,D,YU,YP,D
9:51:00,JSMR,RG,3910,5,D,YU,XC,D
9:51:00,JSMR,RG,3910,14,D,YU,BK,F
9:51:00,JSMR,RG,3910,1,D,YU,DX,D
9:50:40,JSMR,RG,3900,1,D,YU,ZP,D
9:50:07,JSMR,RG,3900,1,D,YU,CC,D
9:49:37,JSMR,RG,3900,14,D,YU,XC,D
9:48:55,JSMR,RG,3900,41,D,YU,RF,D
9:48:55,JSMR,RG,3900,8,D,LG,RF,D
9:48:55,JSMR,RG,3900,5,D,DR,RF,D
9:48:55,JSMR,RG,3900,1,D,XC,RF,D
9:48:55,JSMR,RG,3900,3,D,XC,RF,D
9:48:55,JSMR,RG,3900,1,D,XC,RF,D
9:48:55,JSMR,RG,3900,2,D,DH,RF,D
9:48:55,JSMR,RG,3900,20,D,OD,RF,D
9:48:55,JSMR,RG,3900,30,D,CC,RF,D
9:48:55,JSMR,RG,3900,50,D,OD,RF,D
9:48:55,JSMR,RG,3900,16,D,DH,RF,D
9:48:55,JSMR,RG,3900,5,D,KZ,RF,D
9:48:55,JSMR,RG,3900,1,D,NI,RF,D
9:48:55,JSMR,RG,3900,1,D,CC,RF,D
9:48:55,JSMR,RG,3900,5,D,XC,RF,D
9:48:55,JSMR,RG,3900,17,D,YU,RF,D
9:48:55,JSMR,RG,3900,2,D,DR,RF,D
9:48:55,JSMR,RG,3900,1,D,KK,RF,D
9:48:55,JSMR,RG,3900,26,D,YU,RF,D
9:48:55,JSMR,RG,3900,21,D,YP,RF,D
9:48:36,JSMR,RG,3910,5,D,KK,DX,D
9:47:55,JSMR,RG,3910,5,D,YP,DX,D
9:47:00,JSMR,RG,3910,39,D,YU,DX,D
9:47:00,JSMR,RG,3910,8,D,YU,PD,D
9:47:00,JSMR,RG,3910,16,D,YU,DX,D
9:46:17,JSMR,RG,3900,1,D,YP,XA,D
9:45:01,JSMR,RG,3900,34,D,YP,YP,D
9:43:21,JSMR,RG,3910,14,D,CC,DX,D
9:43:17,JSMR,RG,3910,5,D,DH,DX,D
9:43:15,JSMR,RG,3910,6,D,KZ,DX,D
9:43:00,JSMR,RG,3910,9,D,YU,DX,D
9:43:00,JSMR,RG,3910,1,D,YU,YP,D
9:43:00,JSMR,RG,3910,11,D,YU,BK,F
9:43:00,JSMR,RG,3910,3,D,YU,CC,D
9:43:00,JSMR,RG,3910,84,D,YU,DX,D
9:42:20,JSMR,RG,3900,1,D,YP,XC,D
9:41:56,JSMR,RG,3910,1,D,PD,DX,D
9:40:18,JSMR,RG,3900,25,D,YP,CC,D
9:39:00,JSMR,RG,3910,15,D,YU,DX,D
9:39:00,JSMR,RG,3910,32,D,YU,BK,F
9:38:07,JSMR,RG,3900,1,D,YP,KK,D
9:37:11,JSMR,RG,3900,15,D,YP,PD,D
9:35:22,JSMR,RG,3910,9,D,YU,BK,F
9:35:22,JSMR,RG,3910,51,D,YU,GR,D
9:35:20,JSMR,RG,3910,6,D,KZ,GR,D
9:35:02,JSMR,RG,3910,5,D,YP,GR,D
9:35:00,JSMR,RG,3910,76,D,YU,GR,D
9:33:35,JSMR,RG,3910,2,D,XC,GR,D
9:32:50,JSMR,RG,3910,1,D,PD,GR,D
9:31:00,JSMR,RG,3910,42,D,YU,GR,D
9:30:36,JSMR,RG,3910,2,D,NI,GR,D
9:29:52,JSMR,RG,3910,1,D,PD,GR,D
9:29:13,JSMR,RG,3910,5,D,DR,GR,D
9:29:00,JSMR,RG,3910,55,D,YU,GR,D
9:28:44,JSMR,RG,3910,2,D,OD,GR,D
9:28:19,JSMR,RG,3910,1,D,NI,GR,D
9:28:10,JSMR,RG,3910,3,D,NI,GR,D
9:27:35,JSMR,RG,3910,4,D,KZ,GR,D
9:26:04,JSMR,RG,3900,1,D,YP,XC,D
9:25:00,JSMR,RG,3910,36,D,YU,GR,D
9:24:36,JSMR,RG,3910,10,D,EP,GR,D
9:23:00,JSMR,RG,3910,18,D,YU,GR,D
9:23:00,JSMR,RG,3910,41,D,YU,DX,D
9:22:30,JSMR,RG,3900,1,D,YP,XC,D
9:22:30,JSMR,RG,3900,1,D,KZ,XC,D
9:22:30,JSMR,RG,3900,3,D,CC,XC,D
9:22:07,JSMR,RG,3900,2,D,CC,PD,D
9:21:59,JSMR,RG,3910,9,D,SQ,DX,D
9:21:59,JSMR,RG,3910,14,D,SQ,BK,F
9:21:59,JSMR,RG,3910,20,D,SQ,XC,D
9:21:59,JSMR,RG,3910,1,D,SQ,YP,D
9:21:59,JSMR,RG,3910,6,D,SQ,HP,D
9:20:00,JSMR,RG,3910,14,D,YU,HP,D
9:20:00,JSMR,RG,3910,1,D,YU,XL,D
9:20:00,JSMR,RG,3910,40,D,YU,DX,D
9:19:45,JSMR,RG,3910,7,D,KZ,DX,D
9:19:38,JSMR,RG,3910,1,D,XC,DX,D
9:19:24,JSMR,RG,3910,1,D,YP,DX,D
9:18:03,JSMR,RG,3910,1,D,YB,DX,D
9:18:03,JSMR,RG,3910,10,D,YB,EP,D
9:18:03,JSMR,RG,3910,2,D,YB,CC,F
9:18:03,JSMR,RG,3910,12,D,YB,BK,F
9:17:00,JSMR,RG,3910,9,D,YU,BK,F
9:17:00,JSMR,RG,3910,40,D,YU,CC,D
9:17:00,JSMR,RG,3910,3,D,YU,YP,D
9:17:00,JSMR,RG,3910,3,D,YU,KK,D
9:17:00,JSMR,RG,3910,32,D,YU,DX,D
9:14:58,JSMR,RG,3900,1,D,CC,YP,D
9:14:08,JSMR,RG,3900,2,D,CC,NI,D
9:14:00,JSMR,RG,3910,18,D,YU,DX,D
9:14:00,JSMR,RG,3910,34,D,YU,BK,F
9:13:38,JSMR,RG,3900,25,D,CC,YU,D
9:12:40,JSMR,RG,3910,1,D,CC,BK,F
9:12:40,JSMR,RG,3910,49,D,CC,DR,D
9:11:00,JSMR,RG,3910,32,D,YU,DR,D
9:09:42,JSMR,RG,3910,25,D,CC,DR,D
9:09:41,JSMR,RG,3910,12,D,DR,DR,D
9:09:17,JSMR,RG,3900,5,D,CC,NI,D
9:09:00,JSMR,RG,3910,30,D,YU,DR,D
9:08:06,JSMR,RG,3900,17,D,CC,DH,D
9:08:06,JSMR,RG,3900,83,D,YU,DH,D
9:07:14,JSMR,RG,3910,5,D,HP,DR,D
9:06:49,JSMR,RG,3910,10,D,CC,DR,D
9:06:45,JSMR,RG,3910,5,D,XC,DR,D
9:06:41,JSMR,RG,3910,50,D,CC,DR,D
9:06:41,JSMR,RG,3910,154,D,YU,DR,D
9:06:19,JSMR,RG,3910,35,D,YU,DX,D
9:06:19,JSMR,RG,3910,1,D,YU,XC,D
9:06:19,JSMR,RG,3910,10,D,YU,NI,D
9:06:13,JSMR,RG,3910,3,D,YP,DX,D
9:05:18,JSMR,RG,3910,7,D,DR,DX,D
9:04:43,JSMR,RG,3910,2,D,DR,KK,D
9:04:41,JSMR,RG,3910,10,D,DR,LG,D
9:04:41,JSMR,RG,3910,5,D,DR,XC,D
9:04:23,JSMR,RG,3910,6,D,KZ,DX,D
9:04:23,JSMR,RG,3910,19,D,YU,DX,D
9:04:13,JSMR,RG,3910,1,D,YU,YP,D
9:03:54,JSMR,RG,3920,2,D,XC,YU,D
9:02:45,JSMR,RG,3920,39,D,YU,YU,D
9:02:45,JSMR,RG,3910,2,D,YU,YP,D
9:02:45,JSMR,RG,3910,23,D,YU,BK,F
9:02:45,JSMR,RG,3910,1,D,YU,DR,D
9:02:45,JSMR,RG,3910,9,D,XL,DR,D
9:02:17,JSMR,RG,3900,33,D,YU,BK,F
9:02:17,JSMR,RG,3900,77,D,YU,ZP,D
9:01:47,JSMR,RG,3900,1,D,XC,ZP,D
9:01:46,JSMR,RG,3900,1,D,OD,ZP,D
9:01:46,JSMR,RG,3900,10,D,CC,ZP,D
9:01:46,JSMR,RG,3900,10,D,YB,ZP,D
9:01:46,JSMR,RG,3900,1,D,OD,ZP,D
9:01:01,JSMR,RG,3910,9,D,EP,DX,D
9:01:01,JSMR,RG,3910,71,D,YP,DX,D
9:00:55,JSMR,RG,3920,20,D,NI,YU,D
9:00:51,JSMR,RG,3920,1,D,XL,YU,D
9:00:37,JSMR,RG,3920,6,D,PD,YU,D
9:00:37,JSMR,RG,3920,1,D,PD,PD,D
9:00:33,JSMR,RG,3920,1,D,SQ,PD,D
9:00:13,JSMR,RG,3920,1,D,SQ,PD,D
8:59:00,JSMR,RG,3910,5,D,YP,YP,D
8:59:00,JSMR,RG,3910,2,D,YP,PD,D
8:59:00,JSMR,RG,3910,4,D,YP,EP,D
8:59:00,JSMR,RG,3910,100,D,YP,YU,D
8:59:00,JSMR,RG,3910,1,D,YP,YP,D
8:59:00,JSMR,RG,3910,10,D,YP,PD,D
8:59:00,JSMR,RG,3910,30,D,YP,XC,D
8:59:00,JSMR,RG,3910,2,D,YP,XC,D
8:59:00,JSMR,RG,3910,1,D,YP,BK,F
8:59:00,JSMR,RG,3910,10,D,YP,BK,F
8:59:00,JSMR,RG,3910,14,D,YP,BK,F
8:59:00,JSMR,RG,3910,2,D,CC,BK,F