Time,Stock,Brd,Price,Qty,BT,BC,SC,ST
15:05:29,JSMR,RG,3610,1,D,YP,CC,D
15:04:24,JSMR,RG,3610,2,D,YP,KK,D
15:02:37,JSMR,RG,3610,40,D,YP,YP,D
15:02:06,JSMR,RG,3610,3,D,YP,PD,D
15:01:50,JSMR,RG,3610,100,D,YP,RG,D
15:01:46,JSMR,RG,3610,75,D,YP,OD,D
15:00:00,JSMR,RG,3610,10,D,YP,PD,D
15:00:00,JSMR,RG,3610,1,D,YP,YP,D
15:00:00,JSMR,RG,3610,12,D,YP,SQ,D
15:00:00,JSMR,RG,3610,1,D,IF,SQ,D
15:00:00,JSMR,RG,3610,5,D,YP,SQ,D
15:00:00,JSMR,RG,3610,1,D,YP,SQ,D
15:00:00,JSMR,RG,3610,1,D,EP,SQ,D
15:00:00,JSMR,RG,3610,280,F,SQ,SQ,D
15:00:00,JSMR,RG,3610,20,F,SQ,YB,D
15:00:00,JSMR,RG,3610,224,F,SQ,BK,F
15:00:00,JSMR,RG,3610,1,D,YP,BK,F
15:00:00,JSMR,RG,3610,1,D,YP,BK,F
15:00:00,JSMR,RG,3610,3,D,YP,BK,F
15:00:00,JSMR,RG,3610,6,D,YP,BK,F
15:00:00,JSMR,RG,3610,2,D,XL,BK,F
15:00:00,JSMR,RG,3610,3,D,YP,BK,F
15:00:00,JSMR,RG,3610,3,D,CC,BK,F
15:00:00,JSMR,RG,3610,5,D,AI,BK,F
15:00:00,JSMR,RG,3610,90,D,DR,BK,F
15:00:00,JSMR,RG,3610,2,D,CC,BK,F
15:00:00,JSMR,RG,3610,10,D,YB,BK,F
15:00:00,JSMR,RG,3610,20,D,SQ,BK,F
15:00:00,JSMR,RG,3610,10,D,DR,BK,F
15:00:00,JSMR,RG,3610,2,D,LG,BK,F
15:00:00,JSMR,RG,3610,10,D,FZ,BK,F
15:00:00,JSMR,RG,3610,7,D,XC,BK,F
15:00:00,JSMR,RG,3610,30,D,AZ,BK,F
15:00:00,JSMR,RG,3610,10,D,YP,BK,F
15:00:00,JSMR,RG,3610,70,D,DR,BK,F
15:00:00,JSMR,RG,3610,30,D,DR,ZP,F
15:00:00,JSMR,RG,3610,49,D,CC,ZP,F
15:00:00,JSMR,RG,3610,11,D,CC,AK,F
15:00:00,JSMR,RG,3610,8,D,CC,AK,F
15:00:00,JSMR,RG,3610,1,D,CC,AK,F
15:00:00,JSMR,RG,3610,1,D,CC,RX,F
15:00:00,JSMR,RG,3610,10,D,YU,RX,F
15:00:00,JSMR,RG,3610,100,D,YP,RX,F
15:00:00,JSMR,RG,3610,34,D,OD,RX,F
15:00:00,JSMR,RG,3610,1,D,XC,RX,F
15:00:00,JSMR,RG,3610,29,D,YU,RX,F
15:00:00,JSMR,RG,3610,10,D,FZ,RX,F
15:00:00,JSMR,RG,3610,210,D,CC,RX,F
15:00:00,JSMR,RG,3610,55,D,KK,RX,F
15:00:00,JSMR,RG,3610,1,D,NI,RX,F
15:00:00,JSMR,RG,3610,30,D,AZ,RX,F
15:00:00,JSMR,RG,3610,5,D,YU,RX,F
15:00:00,JSMR,RG,3610,5,D,PD,RX,F
15:00:00,JSMR,RG,3610,4,D,DR,RX,F
15:00:00,JSMR,RG,3610,500,D,BR,RX,F
15:00:00,JSMR,RG,3610,1000,D,BR,RX,F
15:00:00,JSMR,RG,3610,10,D,NI,RX,F
15:00:00,JSMR,RG,3610,16,F,ZP,RX,F
15:00:00,JSMR,RG,3610,9,F,AK,RX,F
15:00:00,JSMR,RG,3610,87,D,DR,RX,F
15:00:00,JSMR,RG,3610,213,D,PD,RX,F
14:49:57,JSMR,RG,3620,1,D,CC,ZP,F
14:49:52,JSMR,RG,3630,1,F,ZP,YP,D
14:49:51,JSMR,RG,3620,2,D,CC,ZP,F
14:49:48,JSMR,RG,3630,1,F,ZP,YP,D
14:49:47,JSMR,RG,3620,7,D,CC,ZP,F
14:49:46,JSMR,RG,3620,4,D,CC,BK,F
14:49:46,JSMR,RG,3620,14,D,CC,CC,D
14:49:42,JSMR,RG,3630,1,F,ZP,YP,D
14:49:41,JSMR,RG,3620,2,D,CC,ZP,F
14:49:34,JSMR,RG,3620,4,D,CC,BK,F
14:49:28,JSMR,RG,3620,3,D,CC,PD,D
14:49:25,JSMR,RG,3630,1,F,ZP,YP,D
14:49:21,JSMR,RG,3620,5,D,CC,ZP,F
14:49:02,JSMR,RG,3620,8,D,CC,BK,F
14:49:00,JSMR,RG,3620,1,D,CC,AK,D
14:48:59,JSMR,RG,3620,1,D,CC,AK,D
14:48:59,JSMR,RG,3620,11,D,CC,BK,F
14:48:54,JSMR,RG,3620,5,D,CC,BK,F
14:48:52,JSMR,RG,3620,10,D,CC,BK,F
14:48:47,JSMR,RG,3630,1,F,ZP,YP,D
14:48:47,JSMR,RG,3620,162,D,CC,CC,D
14:48:47,JSMR,RG,3620,5,F,ZP,CC,D
14:48:47,JSMR,RG,3620,200,D,LG,CC,D
14:48:47,JSMR,RG,3620,40,D,LG,CC,D
14:48:47,JSMR,RG,3620,193,D,LG,CC,D
14:48:31,JSMR,RG,3620,7,D,LG,YP,D
14:48:31,JSMR,RG,3620,8,D,LG,YP,D
14:48:15,JSMR,RG,3620,4,D,LG,AK,D
14:47:48,JSMR,RG,3620,5,D,LG,YP,D
14:47:48,JSMR,RG,3620,1,D,LG,BQ,D
14:47:48,JSMR,RG,3620,1,D,LG,CC,D
14:47:48,JSMR,RG,3620,20,D,LG,XC,D
14:47:48,JSMR,RG,3620,1,D,LG,AK,D
14:47:48,JSMR,RG,3620,1,D,LG,AK,D
14:47:48,JSMR,RG,3620,39,D,LG,AZ,D
14:47:29,JSMR,RG,3620,11,D,DR,AZ,D
14:47:29,JSMR,RG,3620,35,D,DR,CC,D
14:47:29,JSMR,RG,3620,10,D,DR,XC,D
14:47:29,JSMR,RG,3620,5,D,DR,DR,D
14:47:29,JSMR,RG,3620,1,D,DR,AK,F
14:47:29,JSMR,RG,3620,3,D,DR,XC,D
14:47:29,JSMR,RG,3620,1,D,DR,PD,D
14:47:29,JSMR,RG,3620,1,D,DR,PD,D
14:47:29,JSMR,RG,3620,2,D,DR,CC,D
14:47:29,JSMR,RG,3620,31,D,DR,YP,D
14:47:23,JSMR,RG,3620,2,D,CP,YP,D
14:47:19,JSMR,RG,3620,8,F,ZP,YP,D
14:47:18,JSMR,RG,3620,59,D,YU,YP,D
14:47:18,JSMR,RG,3620,279,D,YU,RX,F
14:47:18,JSMR,RG,3620,57,D,YU,ZP,F
14:47:18,JSMR,RG,3620,3,D,YU,AK,F
14:47:18,JSMR,RG,3620,5,D,YU,YP,D
14:47:18,JSMR,RG,3620,297,D,YU,RX,F
14:47:10,JSMR,RG,3620,2,F,ZP,RX,F
14:47:08,JSMR,RG,3610,16,F,SQ,ZP,F
14:46:53,JSMR,RG,3610,3,F,SQ,DR,D
14:46:41,JSMR,RG,3620,3,F,AK,RX,F
14:46:26,JSMR,RG,3610,1,F,SQ,YP,D
14:46:15,JSMR,RG,3610,23,F,SQ,AK,F
14:46:00,JSMR,RG,3610,1,F,SQ,AK,F
14:45:52,JSMR,RG,3620,10,D,PD,RX,F
14:45:45,JSMR,RG,3610,1,F,SQ,AK,F
14:45:39,JSMR,RG,3620,14,D,XL,RX,F
14:45:25,JSMR,RG,3610,15,F,SQ,BK,F
14:45:23,JSMR,RG,3610,6,F,SQ,ZP,F
14:45:23,JSMR,RG,3610,30,F,SQ,ZP,F
14:45:23,JSMR,RG,3620,11,F,ZP,RX,F
14:45:18,JSMR,RG,3620,5,D,YP,RX,F
14:45:17,JSMR,RG,3620,3,F,ZP,RX,F
14:44:11,JSMR,RG,3620,5,D,YP,RX,F
14:44:05,JSMR,RG,3610,35,F,SQ,YP,D
14:43:59,JSMR,RG,3610,11,F,SQ,AK,D
14:43:56,JSMR,RG,3620,5,D,YU,RX,F
14:43:45,JSMR,RG,3610,15,F,SQ,BK,F
14:43:41,JSMR,RG,3610,28,F,SQ,BK,F
14:43:40,JSMR,RG,3620,553,D,YP,RX,F
14:43:29,JSMR,RG,3610,2,F,SQ,AK,D
14:43:28,JSMR,RG,3610,16,F,SQ,ZP,F
14:43:23,JSMR,RG,3620,42,D,LG,RX,F
14:42:51,JSMR,RG,3610,16,F,SQ,RX,F
14:42:51,JSMR,RG,3620,14,D,CD,RX,F
14:42:46,JSMR,RG,3610,5,F,SQ,XL,D
14:42:46,JSMR,RG,3620,1,D,BQ,RX,F
14:42:44,JSMR,RG,3610,3,F,SQ,AK,D
14:42:40,JSMR,RG,3610,29,F,SQ,RX,F
14:42:40,JSMR,RG,3620,10,D,YB,RX,F
14:42:32,JSMR,RG,3610,12,F,SQ,ZP,F
14:42:28,JSMR,RG,3610,18,F,SQ,RX,F
14:42:25,JSMR,RG,3620,10,D,FZ,RX,F
14:42:17,JSMR,RG,3620,2,F,ZP,RX,F
14:42:16,JSMR,RG,3610,177,F,SQ,RX,F
14:42:10,JSMR,RG,3610,1,F,SQ,KK,D
14:42:06,JSMR,RG,3610,218,F,SQ,RX,F
14:42:04,JSMR,RG,3610,206,F,SQ,RX,F
14:42:01,JSMR,RG,3610,200,F,SQ,DR,D
14:41:59,JSMR,RG,3610,2,F,SQ,AK,D
14:41:53,JSMR,RG,3610,150,F,SQ,PD,D
14:41:45,JSMR,RG,3610,23,F,SQ,ZP,F
14:41:40,JSMR,RG,3620,10,D,OD,RX,F
14:41:39,JSMR,RG,3610,20,F,SQ,HP,D
14:41:34,JSMR,RG,3610,2,F,SQ,XC,D
14:41:25,JSMR,RG,3620,40,D,LG,RX,F
14:41:23,JSMR,RG,3620,40,D,LG,RX,F
14:41:03,JSMR,RG,3610,35,F,SQ,RX,F
14:40:56,JSMR,RG,3610,123,F,SQ,DR,D
14:40:53,JSMR,RG,3610,49,F,SQ,RX,F
14:40:46,JSMR,RG,3610,2,F,SQ,CC,D
14:40:41,JSMR,RG,3610,1,F,SQ,AK,D
14:40:39,JSMR,RG,3610,41,F,SQ,RX,F
14:40:29,JSMR,RG,3610,1,F,SQ,AK,D
14:40:27,JSMR,RG,3610,85,F,SQ,RX,F
14:40:26,JSMR,RG,3620,3,F,ZP,RX,F
14:40:19,JSMR,RG,3610,10,F,SQ,ZP,F
14:40:02,JSMR,RG,3610,55,F,SQ,RX,F
14:39:59,JSMR,RG,3610,1,F,SQ,AK,D
14:39:44,JSMR,RG,3610,121,F,SQ,RX,F
14:39:34,JSMR,RG,3620,7,D,YP,RX,F
14:39:34,JSMR,RG,3620,3,D,YP,AK,F
14:39:32,JSMR,RG,3620,1,D,KK,AK,F
14:39:32,JSMR,RG,3610,17,F,SQ,ZP,F
14:39:32,JSMR,RG,3610,1,F,SQ,YU,D
14:39:31,JSMR,RG,3610,39,F,SQ,YU,D
14:39:30,JSMR,RG,3610,71,F,SQ,YU,D
14:39:18,JSMR,RG,3620,1,D,XC,AK,F
14:38:51,JSMR,RG,3620,3,D,PD,AK,F
14:38:51,JSMR,RG,3620,4,D,PD,AK,F
14:38:51,JSMR,RG,3620,2,D,PD,AK,D
14:38:51,JSMR,RG,3620,1,D,PD,AK,D
14:38:41,JSMR,RG,3620,1,D,YP,AK,D
14:38:41,JSMR,RG,3620,9,D,YP,YU,D
14:38:25,JSMR,RG,3620,10,D,YP,YU,D
14:37:31,JSMR,RG,3620,3,D,XC,YU,D
14:37:30,JSMR,RG,3620,36,D,OD,YU,D
14:37:30,JSMR,RG,3620,44,D,OD,YU,D
14:37:30,JSMR,RG,3620,20,D,OD,YU,D
14:37:04,JSMR,RG,3620,2,D,PD,YU,D
14:37:03,JSMR,RG,3620,126,D,PD,YU,D
14:37:03,JSMR,RG,3620,33,D,PD,YU,D
14:37:03,JSMR,RG,3620,41,D,PD,YU,D
14:37:00,JSMR,RG,3610,39,F,SQ,YU,D
14:37:00,JSMR,RG,3610,25,D,DR,YU,D
14:37:00,JSMR,RG,3610,8,D,DR,YU,D
14:37:00,JSMR,RG,3610,17,D,DR,YU,D
14:37:00,JSMR,RG,3610,2,D,SQ,YU,D
14:37:00,JSMR,RG,3610,31,D,OD,YU,D
14:37:00,JSMR,RG,3610,63,D,OD,YU,D
14:36:52,JSMR,RG,3620,1,D,XL,YU,D
14:36:45,JSMR,RG,3620,10,D,YP,YU,D
14:36:42,JSMR,RG,3620,1,D,YU,YU,D
14:36:28,JSMR,RG,3620,2,D,YU,YU,D
14:36:04,JSMR,RG,3620,20,D,PD,YU,D
14:35:53,JSMR,RG,3620,14,D,KK,YU,D
14:35:19,JSMR,RG,3610,5,D,OD,BK,F
14:35:19,JSMR,RG,3610,4,D,YU,BK,F
14:35:19,JSMR,RG,3610,8,D,YB,BK,F
14:35:14,JSMR,RG,3610,15,D,YB,BK,F
14:35:13,JSMR,RG,3620,10,D,PD,YU,D
14:35:13,JSMR,RG,3620,90,D,PD,YU,D
14:35:06,JSMR,RG,3620,10,D,FZ,YU,D
14:35:01,JSMR,RG,3610,14,D,YB,BK,F
14:35:00,JSMR,RG,3610,63,D,YB,YU,D
14:34:48,JSMR,RG,3620,25,D,CC,YU,D
14:34:42,JSMR,RG,3610,2,D,YP,PD,D
14:34:37,JSMR,RG,3610,3,D,YP,PD,D
14:34:37,JSMR,RG,3610,10,D,PD,PD,D
14:34:34,JSMR,RG,3610,25,D,PD,BK,F
14:34:33,JSMR,RG,3610,15,D,PD,RX,F
14:34:33,JSMR,RG,3610,1,D,NI,RX,F
14:34:33,JSMR,RG,3610,1,D,CC,RX,F
14:34:33,JSMR,RG,3610,1,D,NI,RX,F
14:34:33,JSMR,RG,3610,17,D,CC,RX,F
14:34:33,JSMR,RG,3610,1,D,XC,RX,F
14:34:15,JSMR,RG,3610,5,D,XC,BK,F
14:34:15,JSMR,RG,3610,1,D,PD,BK,F
14:34:15,JSMR,RG,3610,1,F,ZP,BK,F
14:34:15,JSMR,RG,3610,8,D,YP,BK,F
14:34:12,JSMR,RG,3610,36,D,YP,RX,F
14:33:51,JSMR,RG,3610,6,D,YP,AK,D
14:33:51,JSMR,RG,3610,1,D,NI,AK,D
14:33:51,JSMR,RG,3610,3,D,XC,AK,D
14:33:51,JSMR,RG,3610,1,D,XC,AK,D
14:33:51,JSMR,RG,3610,1,D,DR,AK,D
14:33:50,JSMR,RG,3610,32,D,DR,RX,F
14:33:47,JSMR,RG,3620,10,D,YP,YU,D
14:33:31,JSMR,RG,3610,17,D,DR,RX,F
14:33:31,JSMR,RG,3610,12,D,OD,RX,F
14:33:29,JSMR,RG,3620,5,D,DH,YU,D
14:33:14,JSMR,RG,3610,3,D,OD,RX,F
14:33:14,JSMR,RG,3610,10,D,OD,RX,F
14:33:14,JSMR,RG,3610,3,D,YP,RX,F
14:33:14,JSMR,RG,3610,16,D,YP,RX,F
14:33:14,JSMR,RG,3610,3,D,DR,RX,F
14:33:14,JSMR,RG,3610,2,D,NI,RX,F
14:33:14,JSMR,RG,3610,1,D,CC,RX,F
14:33:14,JSMR,RG,3610,1,D,YB,RX,F
14:33:14,JSMR,RG,3610,6,D,YP,RX,F
14:33:14,JSMR,RG,3610,5,D,NI,RX,F
14:33:14,JSMR,RG,3610,1,D,XL,RX,F
14:33:14,JSMR,RG,3610,10,D,KK,RX,F
14:33:14,JSMR,RG,3610,20,D,MG,RX,F
14:33:14,JSMR,RG,3610,8,D,PD,RX,F
14:33:14,JSMR,RG,3610,3,D,XL,RX,F
14:33:14,JSMR,RG,3610,3,D,GR,RX,F
14:33:14,JSMR,RG,3610,1,F,ZP,RX,F
14:33:14,JSMR,RG,3610,1,D,YP,RX,F
14:33:14,JSMR,RG,3610,111,D,ZP,RX,F
14:33:00,JSMR,RG,3610,64,D,ZP,YU,D
14:33:00,JSMR,RG,3610,90,D,ZP,YU,D
14:32:59,JSMR,RG,3610,10,D,ZP,EP,D
14:32:46,JSMR,RG,3610,1,D,ZP,PD,D
14:32:12,JSMR,RG,3620,30,F,CC,YU,D
14:32:00,JSMR,RG,3610,61,D,ZP,YU,D
14:31:31,JSMR,RG,3620,10,D,YP,YU,D
14:31:08,JSMR,RG,3610,33,D,ZP,RX,F
14:31:00,JSMR,RG,3610,68,D,ZP,YU,D
14:30:54,JSMR,RG,3610,10,D,ZP,YP,D
14:30:48,JSMR,RG,3610,37,D,ZP,RX,F
14:30:35,JSMR,RG,3620,6,D,YP,YU,D
14:30:35,JSMR,RG,3620,6,D,YP,YU,D
14:30:34,JSMR,RG,3610,5,D,ZP,CC,D
14:30:29,JSMR,RG,3620,1,D,LG,YU,D
14:30:26,JSMR,RG,3610,10,D,ZP,RX,F
14:30:26,JSMR,RG,3610,3,D,OD,RX,F
14:30:26,JSMR,RG,3610,5,D,YP,RX,F
14:30:26,JSMR,RG,3610,5,D,XL,RX,F
14:30:26,JSMR,RG,3610,2,D,XL,RX,F
14:30:26,JSMR,RG,3610,15,D,YP,RX,F
14:30:20,JSMR,RG,3610,1,D,YP,DR,D
14:30:02,JSMR,RG,3610,4,D,YP,RX,F
14:30:02,JSMR,RG,3610,25,D,XC,RX,F
14:30:00,JSMR,RG,3610,5,D,XC,YU,D
14:30:00,JSMR,RG,3610,7,D,PD,YU,D
14:30:00,JSMR,RG,3610,1,D,XC,YU,D
14:30:00,JSMR,RG,3610,3,D,PD,YU,D
14:30:00,JSMR,RG,3610,13,D,YB,YU,D
14:30:00,JSMR,RG,3610,8,D,GR,YU,D
14:30:00,JSMR,RG,3610,4,D,KK,YU,D
14:30:00,JSMR,RG,3610,8,D,GR,YU,D
14:30:00,JSMR,RG,3610,2,D,GR,YU,D
14:30:00,JSMR,RG,3610,9,D,KK,YU,D
14:30:00,JSMR,RG,3610,1,D,GR,YU,D
14:29:43,JSMR,RG,3610,9,D,GR,RX,F
14:29:43,JSMR,RG,3610,5,D,DH,RX,F
14:29:43,JSMR,RG,3610,1,D,PD,RX,F
14:29:43,JSMR,RG,3610,22,D,SQ,RX,F
14:29:33,JSMR,RG,3610,1,D,SQ,DX,D
14:29:17,JSMR,RG,3610,27,D,SQ,RX,F
14:29:17,JSMR,RG,3610,10,D,PD,RX,F
14:29:17,JSMR,RG,3610,2,D,CC,RX,F
14:29:00,JSMR,RG,3610,1,D,CC,YU,D
14:29:00,JSMR,RG,3610,1,D,IF,YU,D
14:29:00,JSMR,RG,3610,5,D,YP,YU,D
14:29:00,JSMR,RG,3610,1,D,YP,YU,D
14:29:00,JSMR,RG,3610,73,D,YU,YU,D
14:29:00,JSMR,RG,3610,2,D,YU,YU,D
14:29:00,JSMR,RG,3610,74,D,DH,YU,D
14:28:59,JSMR,RG,3610,12,D,DH,AK,D
14:28:51,JSMR,RG,3610,14,D,DH,RX,F
14:28:51,JSMR,RG,3610,1,D,KK,RX,F
14:28:51,JSMR,RG,3610,21,D,YP,RX,F
14:28:49,JSMR,RG,3620,1,D,CC,YU,D
14:28:27,JSMR,RG,3610,9,D,YP,RX,F
14:28:27,JSMR,RG,3610,25,D,SQ,RX,F
14:28:27,JSMR,RG,3610,3,D,KK,RX,F
14:28:18,JSMR,RG,3610,18,D,KK,YP,D
14:28:12,JSMR,RG,3610,6,D,KK,XL,D
14:28:10,JSMR,RG,3610,21,D,KK,BK,F
14:28:04,JSMR,RG,3610,16,D,KK,BK,F
14:28:02,JSMR,RG,3610,29,D,KK,RX,F
14:28:00,JSMR,RG,3610,7,D,KK,YU,D
14:28:00,JSMR,RG,3610,7,D,OD,YU,D
14:28:00,JSMR,RG,3610,10,D,IP,YU,D
14:28:00,JSMR,RG,3610,1,D,PD,YU,D
14:28:00,JSMR,RG,3610,10,D,PD,YU,D
14:28:00,JSMR,RG,3610,24,D,PD,YU,D
14:27:46,JSMR,RG,3610,3,D,PD,NI,D
14:27:42,JSMR,RG,3610,39,D,PD,RX,F
14:27:22,JSMR,RG,3610,1,D,PD,PD,D
14:27:20,JSMR,RG,3610,21,D,PD,BK,F
14:27:17,JSMR,RG,3610,12,D,PD,BK,F
14:27:17,JSMR,RG,3610,1,D,SQ,BK,F
14:27:17,JSMR,RG,3610,17,D,EP,BK,F
14:27:15,JSMR,RG,3610,3,D,EP,RX,F
14:27:15,JSMR,RG,3610,2,D,NI,RX,F
14:27:15,JSMR,RG,3610,25,D,PD,RX,F
14:27:15,JSMR,RG,3610,1,D,EP,RX,F
14:27:15,JSMR,RG,3610,1,D,CC,RX,F
14:27:15,JSMR,RG,3610,10,D,OD,RX,F
14:27:15,JSMR,RG,3610,1,D,PD,RX,F
14:27:15,JSMR,RG,3610,4,D,YJ,RX,F
14:27:15,JSMR,RG,3610,5,D,YP,RX,F
14:27:15,JSMR,RG,3610,1,D,PD,RX,F
14:27:15,JSMR,RG,3610,5,D,NI,RX,F
14:27:15,JSMR,RG,3610,3,D,KK,RX,F
14:27:15,JSMR,RG,3610,157,F,SQ,RX,F
14:27:13,JSMR,RG,3610,22,F,SQ,BK,F
14:27:09,JSMR,RG,3610,18,F,SQ,BK,F
14:27:04,JSMR,RG,3610,17,F,SQ,BK,F
14:27:03,JSMR,RG,3610,100,F,SQ,AG,D
14:27:00,JSMR,RG,3610,82,F,SQ,YU,D
14:25:56,JSMR,RG,3610,20,F,SQ,BK,F
14:25:52,JSMR,RG,3620,4,F,ZP,YU,D
14:25:52,JSMR,RG,3620,70,D,LG,YU,D
14:25:52,JSMR,RG,3620,3,D,PD,YU,D
14:25:52,JSMR,RG,3620,1,D,EP,YU,D
14:25:52,JSMR,RG,3620,2,D,OD,YU,D
14:25:52,JSMR,RG,3620,2,D,XC,YU,D
14:25:52,JSMR,RG,3620,10,D,PD,YU,D
14:25:18,JSMR,RG,3620,4,D,PD,ZP,F
14:25:18,JSMR,RG,3620,6,F,ZP,ZP,F
14:25:07,JSMR,RG,3620,3,F,ZP,BK,F
14:25:07,JSMR,RG,3620,13,D,DR,BK,F
14:25:02,JSMR,RG,3620,19,D,DR,BK,F
14:25:00,JSMR,RG,3620,61,D,DR,YU,D
14:25:00,JSMR,RG,3620,27,D,DR,YU,D
14:25:00,JSMR,RG,3620,33,D,OD,YU,D
14:24:01,JSMR,RG,3620,13,D,OD,BK,F
14:24:00,JSMR,RG,3620,11,D,OD,ZP,F
14:24:00,JSMR,RG,3620,24,D,OD,YU,D
14:24:00,JSMR,RG,3620,45,D,OD,YU,D
14:23:49,JSMR,RG,3620,15,D,OD,BK,F
14:23:44,JSMR,RG,3620,12,D,OD,AK,D
14:23:44,JSMR,RG,3620,1,D,OD,AK,D
14:23:00,JSMR,RG,3620,55,D,OD,YU,D
14:22:50,JSMR,RG,3620,7,D,OD,BK,F
14:22:50,JSMR,RG,3620,11,D,DR,BK,F
14:22:50,JSMR,RG,3620,9,D,PD,BK,F
14:22:50,JSMR,RG,3620,1,D,PD,PD,D
14:22:47,JSMR,RG,3630,100,D,YP,YP,D
14:22:38,JSMR,RG,3630,1,D,CC,YP,D
14:22:33,JSMR,RG,3620,10,D,PD,ZP,F
14:22:03,JSMR,RG,3620,10,D,PD,BK,F
14:22:03,JSMR,RG,3620,3,D,KK,BK,F
14:22:03,JSMR,RG,3620,2,D,EP,BK,F
14:22:03,JSMR,RG,3620,10,D,YB,BK,F
14:22:03,JSMR,RG,3620,1,D,EP,BK,F
14:22:03,JSMR,RG,3620,2,D,YP,BK,F
14:22:00,JSMR,RG,3620,1,D,YP,YU,D
14:22:00,JSMR,RG,3620,3,D,XC,YU,D
14:22:00,JSMR,RG,3620,5,D,XC,YU,D
14:22:00,JSMR,RG,3620,1,D,CC,YU,D
14:22:00,JSMR,RG,3620,54,D,YU,YU,D
14:21:44,JSMR,RG,3620,5,D,YU,XC,D
14:21:23,JSMR,RG,3620,1,D,YU,DR,D
14:21:11,JSMR,RG,3620,15,D,YU,BK,F
14:21:09,JSMR,RG,3620,67,D,YU,YP,D
14:21:00,JSMR,RG,3620,9,D,YU,ZP,F
14:21:00,JSMR,RG,3620,74,D,YU,YU,D
14:21:00,JSMR,RG,3620,11,F,ZP,YU,D
14:21:00,JSMR,RG,3620,1,F,ZP,YU,D
14:21:00,JSMR,RG,3620,74,F,SQ,YU,D
14:21:00,JSMR,RG,3620,200,F,SQ,LG,D
14:20:30,JSMR,RG,3620,1,F,SQ,CC,D
14:20:19,JSMR,RG,3620,6,F,SQ,ZP,F
14:20:01,JSMR,RG,3620,46,F,SQ,AK,F
14:20:00,JSMR,RG,3620,74,F,SQ,YU,D
14:19:54,JSMR,RG,3620,20,F,SQ,LG,D
14:19:27,JSMR,RG,3620,14,F,SQ,ZP,F
14:18:43,JSMR,RG,3620,15,F,SQ,YP,D
14:18:37,JSMR,RG,3620,5,F,SQ,XL,D
14:18:37,JSMR,RG,3620,25,F,SQ,KK,D
14:16:54,JSMR,RG,3620,7,F,SQ,AK,F
14:16:54,JSMR,RG,3620,20,F,SQ,ZP,D
14:16:54,JSMR,RG,3620,2,F,SQ,AK,D
14:16:54,JSMR,RG,3620,8,F,SQ,AK,D
14:16:54,JSMR,RG,3620,9,F,SQ,AK,F
14:16:54,JSMR,RG,3620,6,F,SQ,ZP,F
14:16:54,JSMR,RG,3620,194,F,SQ,BK,F
14:16:54,JSMR,RG,3620,31,F,SQ,ZP,F
14:16:54,JSMR,RG,3620,4,F,SQ,AK,F
14:16:54,JSMR,RG,3620,4,F,SQ,XC,D
14:16:54,JSMR,RG,3620,19,F,SQ,BK,F
14:16:54,JSMR,RG,3620,4,F,SQ,AK,F
14:16:54,JSMR,RG,3620,212,F,SQ,RX,F
14:16:31,JSMR,RG,3620,20,D,EP,RX,F
14:16:12,JSMR,RG,3610,2,F,SQ,XC,D
14:15:43,JSMR,RG,3620,125,D,YP,RX,F
14:15:43,JSMR,RG,3620,4,D,YP,AK,F
14:15:43,JSMR,RG,3620,4,D,YP,AK,D
14:15:43,JSMR,RG,3620,2,D,YP,AK,D
14:15:43,JSMR,RG,3620,141,D,YP,RX,F
14:15:32,JSMR,RG,3610,174,F,SQ,RX,F
14:15:30,JSMR,RG,3620,48,D,YP,RX,F
14:15:30,JSMR,RG,3620,31,D,YP,BK,F
14:15:30,JSMR,RG,3620,31,D,YP,YU,D
14:15:30,JSMR,RG,3620,31,D,YP,YU,D
14:15:30,JSMR,RG,3620,44,D,YP,YU,D
14:15:30,JSMR,RG,3620,23,D,YP,YU,D
14:15:30,JSMR,RG,3620,38,D,YP,YU,D
14:15:30,JSMR,RG,3620,31,D,YP,YU,D
14:15:14,JSMR,RG,3610,62,F,SQ,RX,F
14:15:00,JSMR,RG,3610,57,F,SQ,YU,D
14:15:00,JSMR,RG,3610,55,F,SQ,YU,D
14:14:13,JSMR,RG,3620,1,D,XC,ZP,F
14:13:25,JSMR,RG,3620,7,D,NI,ZP,F
14:13:00,JSMR,RG,3620,4,D,YP,ZP,F
14:13:00,JSMR,RG,3620,52,D,YP,YU,D
14:13:00,JSMR,RG,3620,8,D,SQ,YU,D
14:13:00,JSMR,RG,3620,6,D,SQ,YU,D
14:13:00,JSMR,RG,3620,75,D,YU,YU,D
14:13:00,JSMR,RG,3620,64,D,YU,YU,D
14:12:59,JSMR,RG,3620,61,D,YU,YP,D
14:12:59,JSMR,RG,3620,3,D,NI,YP,D
14:12:59,JSMR,RG,3620,7,D,XC,YP,D
14:12:59,JSMR,RG,3620,6,F,ZP,YP,D
14:12:59,JSMR,RG,3620,50,D,XC,YP,D
14:12:59,JSMR,RG,3620,50,D,YU,YP,D
14:12:59,JSMR,RG,3620,47,D,KK,YP,D
14:12:55,JSMR,RG,3630,1,D,BQ,YP,D
14:12:13,JSMR,RG,3620,11,D,KK,ZP,F
14:11:59,JSMR,RG,3620,11,D,KK,AK,D
14:11:46,JSMR,RG,3630,1,D,KK,YP,D
14:11:46,JSMR,RG,3620,2,D,KK,CC,D
14:10:52,JSMR,RG,3620,29,D,KK,SQ,D
14:10:52,JSMR,RG,3620,16,D,LG,SQ,D
14:10:26,JSMR,RG,3620,6,D,LG,ZP,F
14:10:00,JSMR,RG,3620,58,D,LG,YU,D
14:10:00,JSMR,RG,3620,17,D,LG,YU,D
14:10:00,JSMR,RG,3620,30,D,YP,YU,D
14:09:48,JSMR,RG,3630,10,D,PD,YP,D
14:09:13,JSMR,RG,3630,4,D,XL,YP,D
14:09:13,JSMR,RG,3630,2,D,XL,ZP,F
14:09:00,JSMR,RG,3620,4,D,XC,YU,D
14:09:00,JSMR,RG,3620,1,F,ZP,YU,D
14:09:00,JSMR,RG,3620,1,D,AZ,YU,D
14:09:00,JSMR,RG,3620,55,D,EP,YU,D
14:09:00,JSMR,RG,3620,1,D,NI,YU,D
14:09:00,JSMR,RG,3620,4,D,XC,YU,D
14:08:56,JSMR,RG,3620,14,D,XC,ZP,F
14:08:55,JSMR,RG,3620,3,D,XC,CC,D
14:07:14,JSMR,RG,3620,11,D,XC,AK,D
14:07:00,JSMR,RG,3620,18,D,XC,YU,D
14:07:00,JSMR,RG,3620,1,D,EP,YU,D
14:07:00,JSMR,RG,3620,1,D,PD,YU,D
14:07:00,JSMR,RG,3620,25,D,EP,YU,D
14:07:00,JSMR,RG,3620,11,F,ZP,YU,D
14:07:00,JSMR,RG,3620,14,F,SQ,YU,D
14:07:00,JSMR,RG,3620,64,F,SQ,YU,D
14:06:25,JSMR,RG,3620,10,F,SQ,ZP,F
14:05:01,JSMR,RG,3620,1,F,SQ,CC,D
14:04:53,JSMR,RG,3620,6,F,SQ,XA,D
14:04:46,JSMR,RG,3620,1,F,SQ,SQ,D
14:03:17,JSMR,RG,3620,161,F,SQ,SQ,D
14:02:47,JSMR,RG,3620,28,F,SQ,IF,D
14:01:46,JSMR,RG,3620,41,F,SQ,BK,F
14:01:45,JSMR,RG,3620,3,F,SQ,AK,F
14:01:45,JSMR,RG,3620,40,F,SQ,YU,D
14:01:45,JSMR,RG,3620,5,F,SQ,AK,F
14:01:45,JSMR,RG,3620,30,F,SQ,CC,D
14:01:45,JSMR,RG,3620,59,F,SQ,BK,F
14:01:45,JSMR,RG,3620,24,F,SQ,YU,D
14:01:45,JSMR,RG,3620,34,F,SQ,YU,D
14:01:45,JSMR,RG,3620,34,F,SQ,ZP,F
14:01:45,JSMR,RG,3620,266,F,SQ,RX,F
14:01:45,JSMR,RG,3620,5,F,SQ,YP,D
14:01:45,JSMR,RG,3620,5,F,SQ,CC,D
14:01:45,JSMR,RG,3620,23,F,SQ,YU,D
14:01:45,JSMR,RG,3620,20,F,SQ,BK,F
14:01:45,JSMR,RG,3620,31,F,SQ,YU,D
14:01:45,JSMR,RG,3620,1,F,SQ,NI,D
14:01:45,JSMR,RG,3620,25,F,SQ,BK,F
14:01:45,JSMR,RG,3620,2,F,SQ,AK,D
14:01:45,JSMR,RG,3620,3,F,SQ,AK,F
14:01:45,JSMR,RG,3620,2,F,SQ,AK,F
14:01:45,JSMR,RG,3620,29,F,SQ,BK,F
14:01:45,JSMR,RG,3620,475,F,SQ,RX,F
14:01:45,JSMR,RG,3620,24,F,SQ,BK,F
14:01:45,JSMR,RG,3620,9,F,SQ,AK,D
14:01:45,JSMR,RG,3620,25,F,SQ,BK,F
14:01:37,JSMR,RG,3610,51,F,SQ,RX,F
14:01:24,JSMR,RG,3610,142,F,SQ,YJ,D
14:01:24,JSMR,RG,3620,1,D,YU,BK,F
14:01:14,JSMR,RG,3620,5,D,MG,BK,F
14:01:14,JSMR,RG,3620,4,D,MG,ZP,F
14:01:14,JSMR,RG,3620,11,D,MG,YU,D
14:00:58,JSMR,RG,3620,1,D,YB,YU,D
14:00:28,JSMR,RG,3620,11,D,SQ,YU,D
14:00:28,JSMR,RG,3620,28,D,SQ,YU,D
14:00:28,JSMR,RG,3620,41,D,SQ,YU,D
14:00:28,JSMR,RG,3620,20,D,SQ,YU,D
14:00:14,JSMR,RG,3610,6,F,SQ,AK,D
14:00:06,JSMR,RG,3610,5,F,SQ,CC,D
13:59:23,JSMR,RG,3610,1,F,SQ,YU,D
13:58:09,JSMR,RG,3610,10,F,SQ,PC,D
13:57:56,JSMR,RG,3620,17,D,XL,YU,D
13:57:56,JSMR,RG,3620,26,D,XL,YU,D
13:57:56,JSMR,RG,3620,5,D,XL,YU,D
13:57:35,JSMR,RG,3610,96,F,SQ,RX,F
13:57:34,JSMR,RG,3610,301,F,SQ,LG,D
13:57:31,JSMR,RG,3620,16,D,XL,YU,D
13:57:31,JSMR,RG,3620,6,D,XL,CC,D
13:57:31,JSMR,RG,3620,6,D,XL,AK,D
13:57:13,JSMR,RG,3610,66,F,SQ,LG,D
13:57:00,JSMR,RG,3610,76,F,SQ,YU,D
13:57:00,JSMR,RG,3610,61,F,SQ,YU,D
13:56:59,JSMR,RG,3610,2,F,SQ,AK,D
13:56:52,JSMR,RG,3620,10,D,NI,AK,F
13:56:52,JSMR,RG,3620,4,D,OD,AK,F
13:56:51,JSMR,RG,3620,6,D,OD,XC,D
13:56:51,JSMR,RG,3620,1,D,PD,XC,D
13:56:51,JSMR,RG,3620,1,D,YB,XC,D
13:56:51,JSMR,RG,3620,7,D,XC,XC,D
13:56:30,JSMR,RG,3620,2,D,XC,SQ,D
13:56:24,JSMR,RG,3620,15,D,XC,CP,D
13:56:11,JSMR,RG,3620,4,D,XC,SQ,D
13:56:02,JSMR,RG,3620,22,D,XC,AK,F
13:56:02,JSMR,RG,3620,7,D,YP,AK,F
13:56:02,JSMR,RG,3620,3,D,YP,AK,F
13:56:02,JSMR,RG,3620,10,D,YP,AK,F
13:56:02,JSMR,RG,3620,2,D,EP,AK,F
13:56:02,JSMR,RG,3620,1,D,PD,AK,F
13:56:02,JSMR,RG,3620,9,F,ZP,AK,F
13:56:02,JSMR,RG,3620,50,D,PD,AK,F
13:56:02,JSMR,RG,3620,10,D,YP,AK,F
13:56:02,JSMR,RG,3620,1,D,CC,AK,F
13:56:02,JSMR,RG,3620,1,D,XC,AK,F
13:56:02,JSMR,RG,3620,1,D,EP,AK,F
13:56:02,JSMR,RG,3620,2,D,NI,AK,F
13:56:02,JSMR,RG,3620,2,D,NI,AK,F
13:56:02,JSMR,RG,3620,1,D,CC,AK,F
13:56:02,JSMR,RG,3620,50,D,DR,AK,F
13:56:02,JSMR,RG,3620,15,D,YP,AK,F
13:56:02,JSMR,RG,3620,3,F,ZP,AK,F
13:56:01,JSMR,RG,3620,2,F,ZP,ZP,F
13:56:01,JSMR,RG,3620,27,D,AZ,ZP,F
13:56:01,JSMR,RG,3620,17,D,KK,ZP,F
13:55:41,JSMR,RG,3620,30,D,KK,PD,D
13:55:24,JSMR,RG,3620,1,D,KK,CC,D
13:55:04,JSMR,RG,3630,2,D,JB,YU,D
13:55:04,JSMR,RG,3620,2,D,KK,KK,D
13:55:04,JSMR,RG,3620,1,D,SQ,KK,D
13:54:56,JSMR,RG,3620,19,D,SQ,XL,D
13:54:56,JSMR,RG,3620,7,D,CC,XL,D
13:54:24,JSMR,RG,3620,1,D,CC,XL,D
13:54:16,JSMR,RG,3620,2,D,CC,CC,D
13:54:14,JSMR,RG,3620,6,D,CC,AK,D
13:54:00,JSMR,RG,3620,34,D,CC,YU,D
13:54:00,JSMR,RG,3620,56,D,CC,YU,D
13:54:00,JSMR,RG,3620,44,D,CC,YU,D
13:54:00,JSMR,RG,3620,2,D,CC,YU,D
13:54:00,JSMR,RG,3620,1,D,YB,YU,D
13:54:00,JSMR,RG,3620,71,D,CC,YU,D
13:54:00,JSMR,RG,3620,79,D,CC,YU,D
13:54:00,JSMR,RG,3620,14,D,MG,YU,D
13:53:23,JSMR,RG,3620,6,D,MG,YP,D
13:53:23,JSMR,RG,3620,5,D,CC,YP,D
13:53:23,JSMR,RG,3620,2,D,YP,YP,D
13:53:23,JSMR,RG,3620,7,D,SQ,YP,D
13:52:00,JSMR,RG,3620,18,D,SQ,YU,D
13:52:00,JSMR,RG,3620,2,D,PD,YU,D
13:52:00,JSMR,RG,3620,60,D,IF,YU,D
13:52:00,JSMR,RG,3620,40,D,IF,YU,D
13:52:00,JSMR,RG,3620,5,D,XL,YU,D
13:52:00,JSMR,RG,3620,3,D,XC,YU,D
13:52:00,JSMR,RG,3620,2,D,GR,YU,D
13:52:00,JSMR,RG,3620,5,D,PD,YU,D
13:52:00,JSMR,RG,3620,1,F,ZP,YU,D
13:52:00,JSMR,RG,3620,2,D,XC,YU,D
13:52:00,JSMR,RG,3620,6,D,XC,YU,D
13:51:50,JSMR,RG,3630,2,D,XC,YU,D
13:50:38,JSMR,RG,3630,5,D,BQ,YU,D
13:50:38,JSMR,RG,3630,1,D,BQ,CC,D
13:50:38,JSMR,RG,3630,32,D,BQ,YU,D
13:50:38,JSMR,RG,3630,4,D,BQ,CC,D
13:50:38,JSMR,RG,3630,3,D,BQ,AK,F
13:50:38,JSMR,RG,3630,3,D,BQ,AK,F
13:50:38,JSMR,RG,3630,2,D,BQ,AK,D
13:50:38,JSMR,RG,3630,2,D,BQ,AK,D
13:50:38,JSMR,RG,3630,61,D,BQ,RX,F
13:50:08,JSMR,RG,3630,140,D,CC,RX,F
13:50:00,JSMR,RG,3630,1,D,XC,RX,F
13:49:27,JSMR,RG,3630,22,D,KK,YU,D
13:49:27,JSMR,RG,3630,42,D,KK,YU,D
13:49:27,JSMR,RG,3630,33,D,KK,YU,D
13:49:27,JSMR,RG,3630,3,D,KK,ZP,F
13:49:18,JSMR,RG,3630,2,D,SQ,ZP,F
13:49:18,JSMR,RG,3630,3,D,SQ,CC,D
13:49:09,JSMR,RG,3630,4,D,YB,CC,D
13:49:00,JSMR,RG,3630,48,D,YB,YU,D
13:48:27,JSMR,RG,3630,2,D,YB,CC,D
13:48:24,JSMR,RG,3630,1,D,YB,BK,F
13:48:24,JSMR,RG,3630,12,D,YB,ZP,F
13:48:24,JSMR,RG,3630,27,D,YB,YU,D
13:48:24,JSMR,RG,3630,6,D,YB,CC,D
13:48:16,JSMR,RG,3630,2,D,XC,CC,D
13:48:15,JSMR,RG,3630,1,D,XC,CC,D
13:48:00,JSMR,RG,3630,10,D,XC,YU,D
13:48:00,JSMR,RG,3630,2,D,CC,YU,D
13:48:00,JSMR,RG,3630,10,D,YB,YU,D
13:48:00,JSMR,RG,3630,4,D,CC,YU,D
13:48:00,JSMR,RG,3630,28,D,XC,YU,D
13:48:00,JSMR,RG,3630,20,D,MG,YU,D
13:48:00,JSMR,RG,3630,2,D,CC,YU,D
13:48:00,JSMR,RG,3630,2,F,AK,YU,D
13:47:37,JSMR,RG,3630,3,F,AK,CC,D
13:46:16,JSMR,RG,3630,100,F,AK,YU,D
13:45:59,JSMR,RG,3630,2,F,AK,CC,D
13:45:54,JSMR,RG,3630,3,F,AK,OD,D
13:45:54,JSMR,RG,3630,197,D,DR,OD,D
13:45:25,JSMR,RG,3630,29,D,DR,YU,D
13:45:25,JSMR,RG,3630,40,D,DR,ZP,F
13:45:25,JSMR,RG,3630,7,D,DR,AK,D
13:45:25,JSMR,RG,3630,8,D,DR,AK,F
13:45:25,JSMR,RG,3630,46,D,DR,YU,D
13:45:25,JSMR,RG,3630,3,D,DR,AK,F
13:45:25,JSMR,RG,3630,68,D,DR,PD,D
13:45:25,JSMR,RG,3630,3,D,DR,AK,F
13:45:25,JSMR,RG,3630,2,D,DR,CC,D
13:45:25,JSMR,RG,3630,565,D,DR,RX,F
13:45:09,JSMR,RG,3630,47,D,DR,RX,F
13:45:09,JSMR,RG,3630,12,D,DR,SQ,D
13:45:09,JSMR,RG,3630,3,D,DR,AK,F
13:45:09,JSMR,RG,3630,7,D,DR,AK,D
13:45:09,JSMR,RG,3630,2,D,DR,AK,D
13:45:09,JSMR,RG,3630,35,D,DR,YU,D
13:45:09,JSMR,RG,3630,44,D,DR,YU,D
13:45:09,JSMR,RG,3630,39,D,DR,YU,D
13:45:09,JSMR,RG,3630,73,D,DR,YU,D
13:45:09,JSMR,RG,3630,38,D,DR,YU,D
13:44:00,JSMR,RG,3620,19,D,XC,YU,D
13:44:00,JSMR,RG,3620,61,D,YP,YU,D
13:44:00,JSMR,RG,3620,6,D,YP,YU,D
13:44:00,JSMR,RG,3620,25,D,SQ,YU,D
13:44:00,JSMR,RG,3620,1,D,NI,YU,D
13:44:00,JSMR,RG,3620,1,D,EP,YU,D
13:44:00,JSMR,RG,3620,1,D,YP,YU,D
13:44:00,JSMR,RG,3620,2,D,OD,YU,D
13:44:00,JSMR,RG,3620,5,D,YP,YU,D
13:44:00,JSMR,RG,3620,31,D,YP,YU,D
13:43:06,JSMR,RG,3620,19,D,YP,YP,D
13:43:06,JSMR,RG,3620,6,D,NI,YP,D
13:43:06,JSMR,RG,3620,3,D,PD,YP,D
13:43:06,JSMR,RG,3620,15,D,YP,YP,D
13:43:06,JSMR,RG,3620,2,D,YP,YP,D
13:43:06,JSMR,RG,3620,7,D,YP,YP,D
13:43:06,JSMR,RG,3620,20,D,YP,YP,D
13:43:06,JSMR,RG,3620,6,D,XL,YP,D
13:43:06,JSMR,RG,3620,5,D,XL,YP,D
13:43:06,JSMR,RG,3620,1,D,YP,YP,D
13:43:06,JSMR,RG,3620,4,D,CC,YP,D
13:43:06,JSMR,RG,3620,3,D,XL,YP,D
13:43:06,JSMR,RG,3620,10,D,XL,YP,D
13:43:06,JSMR,RG,3620,2,D,CC,YP,D
13:43:06,JSMR,RG,3620,6,D,CC,YP,D
13:43:06,JSMR,RG,3620,5,D,YP,YP,D
13:43:06,JSMR,RG,3620,1,D,XC,YP,D
13:43:06,JSMR,RG,3620,13,D,PD,YP,D
13:43:06,JSMR,RG,3620,72,D,PD,YP,D
13:43:02,JSMR,RG,3620,28,D,PD,YP,D
13:43:02,JSMR,RG,3620,13,D,CC,YP,D
13:43:02,JSMR,RG,3620,59,D,PD,YP,D
13:42:56,JSMR,RG,3620,41,D,PD,RX,F
13:42:56,JSMR,RG,3620,20,D,XC,RX,F
13:42:56,JSMR,RG,3620,1,D,XC,RX,F
13:42:56,JSMR,RG,3620,5,D,XC,RX,F
13:42:56,JSMR,RG,3620,5,D,XC,RX,F
13:42:56,JSMR,RG,3620,20,D,XC,RX,F
13:42:56,JSMR,RG,3620,3,D,XC,RX,F
13:42:56,JSMR,RG,3620,4,D,XC,RX,F
13:42:56,JSMR,RG,3620,1,D,XC,RX,F
13:42:56,JSMR,RG,3620,2,D,XC,RX,F
13:42:56,JSMR,RG,3620,5,D,PD,RX,F
13:42:56,JSMR,RG,3620,5,D,XC,RX,F
13:42:56,JSMR,RG,3620,5,D,DH,RX,F
13:42:56,JSMR,RG,3620,2,D,XC,RX,F
13:42:56,JSMR,RG,3620,5,D,XC,RX,F
13:42:56,JSMR,RG,3620,2,D,PD,RX,F
13:42:56,JSMR,RG,3620,1,D,PD,RX,F
13:42:56,JSMR,RG,3620,3,D,KK,RX,F
13:42:56,JSMR,RG,3620,5,D,PD,RX,F
13:42:56,JSMR,RG,3620,20,D,PD,RX,F
13:42:56,JSMR,RG,3620,6,D,PD,RX,F
13:42:56,JSMR,RG,3620,4,D,PD,RX,F
13:42:56,JSMR,RG,3620,5,D,DH,RX,F
13:42:56,JSMR,RG,3620,3,D,EP,RX,F
13:42:56,JSMR,RG,3620,5,D,PD,RX,F
13:42:56,JSMR,RG,3620,5,D,PD,RX,F
13:42:56,JSMR,RG,3620,57,D,PD,RX,F
13:42:51,JSMR,RG,3630,20,D,MG,YU,D
13:42:49,JSMR,RG,3630,1,D,PD,YU,D
13:42:23,JSMR,RG,3620,15,D,PD,RX,F
13:42:10,JSMR,RG,3620,48,D,PD,RX,F
13:42:10,JSMR,RG,3620,4,D,GR,RX,F
13:42:10,JSMR,RG,3620,2,D,GR,RX,F
13:42:10,JSMR,RG,3620,2,D,PD,RX,F
13:42:10,JSMR,RG,3620,10,D,KK,RX,F
13:42:10,JSMR,RG,3620,15,D,EP,RX,F
13:42:10,JSMR,RG,3620,25,D,KK,RX,F
13:42:10,JSMR,RG,3620,2,D,MK,RX,F
13:42:10,JSMR,RG,3620,1,D,XC,RX,F
13:42:10,JSMR,RG,3620,3,D,XC,RX,F
13:42:10,JSMR,RG,3620,2,D,CC,RX,F
13:42:10,JSMR,RG,3620,1,D,PD,RX,F
13:42:10,JSMR,RG,3620,57,D,AZ,RX,F
13:42:10,JSMR,RG,3620,4,D,AZ,RX,F
13:42:08,JSMR,RG,3630,1,F,ZP,RX,F
13:42:02,JSMR,RG,3630,2,F,ZP,SQ,D
13:42:02,JSMR,RG,3630,1,D,EP,SQ,D
13:42:02,JSMR,RG,3630,47,D,KK,SQ,D
13:42:00,JSMR,RG,3630,94,D,KK,YU,D
13:42:00,JSMR,RG,3630,9,D,KK,YU,D
13:42:00,JSMR,RG,3630,2,D,CC,YU,D
13:42:00,JSMR,RG,3630,11,D,CD,YU,D
13:42:00,JSMR,RG,3630,2,D,YP,YU,D
13:42:00,JSMR,RG,3630,15,D,OD,YU,D
13:42:00,JSMR,RG,3630,3,D,PD,YU,D
13:42:00,JSMR,RG,3630,5,D,PD,YU,D
13:42:00,JSMR,RG,3630,5,D,PD,YU,D
13:42:00,JSMR,RG,3630,1,D,LG,YU,D
13:42:00,JSMR,RG,3630,22,D,IF,YU,D
13:42:00,JSMR,RG,3630,74,D,IF,YU,D
13:41:57,JSMR,RG,3630,4,D,IF,XC,D
13:41:57,JSMR,RG,3630,4,D,CC,XC,D
13:41:42,JSMR,RG,3630,1,D,CC,SQ,D
13:41:42,JSMR,RG,3630,2,D,CC,SQ,D
13:41:42,JSMR,RG,3630,2,D,PD,SQ,D
13:41:24,JSMR,RG,3630,3,D,PD,SQ,D
13:41:14,JSMR,RG,3630,2,D,CC,AK,D
13:40:52,JSMR,RG,3630,1,D,CC,SQ,D
13:40:40,JSMR,RG,3630,2,D,PD,XL,D
13:40:40,JSMR,RG,3630,1,D,GR,XL,D
13:40:40,JSMR,RG,3630,1,D,EP,NI,D
13:40:40,JSMR,RG,3630,1,D,YU,NI,D
13:40:40,JSMR,RG,3630,1,D,OD,NI,D
13:40:40,JSMR,RG,3630,3,F,ZP,NI,D
13:40:40,JSMR,RG,3630,23,D,NI,NI,D
13:40:40,JSMR,RG,3630,71,D,CC,NI,D
13:40:20,JSMR,RG,3630,2,D,CC,ZP,F
13:40:20,JSMR,RG,3630,32,D,CC,YP,D
13:40:12,JSMR,RG,3630,1,D,CC,CC,D
13:40:08,JSMR,RG,3630,27,D,CC,YP,D
13:40:01,JSMR,RG,3630,7,D,CC,ZP,F
13:40:00,JSMR,RG,3630,69,D,CC,YU,D
13:40:00,JSMR,RG,3630,87,D,CC,YU,D
13:39:28,JSMR,RG,3630,1,D,CC,PD,D
13:39:03,JSMR,RG,3640,1,D,XC,RX,F
13:39:02,JSMR,RG,3640,4,D,NI,RX,F
13:38:46,JSMR,RG,3640,21,D,CC,RX,F
13:38:46,JSMR,RG,3640,2,D,CC,ZP,F
13:38:46,JSMR,RG,3640,7,D,CC,YU,D
13:38:23,JSMR,RG,3640,15,D,CC,YU,D
13:38:23,JSMR,RG,3640,35,D,CC,YU,D
13:38:01,JSMR,RG,3630,10,D,CC,ZP,F
13:38:00,JSMR,RG,3630,97,D,CC,YU,D
13:37:34,JSMR,RG,3640,6,D,PD,YU,D
13:37:34,JSMR,RG,3640,32,D,PD,YU,D
13:37:00,JSMR,RG,3630,132,D,CC,YU,D
13:37:00,JSMR,RG,3630,299,D,CC,YU,D
13:36:44,JSMR,RG,3630,2,D,CC,PD,D
13:36:42,JSMR,RG,3640,4,D,XC,YU,D
13:35:00,JSMR,RG,3640,5,F,ZP,YU,D
13:35:00,JSMR,RG,3640,5,D,YP,YU,D
13:35:00,JSMR,RG,3640,1,D,YP,YU,D
13:35:00,JSMR,RG,3640,5,D,XC,YU,D
13:35:00,JSMR,RG,3640,86,D,NI,YU,D
13:35:00,JSMR,RG,3640,88,D,NI,YU,D
13:34:56,JSMR,RG,3640,6,D,NI,NI,D
13:34:42,JSMR,RG,3640,9,D,NI,ZP,F
13:34:41,JSMR,RG,3640,76,D,NI,YP,D
13:34:18,JSMR,RG,3640,10,D,NI,XC,D
13:34:18,JSMR,RG,3640,10,D,XC,XC,D
13:34:18,JSMR,RG,3640,5,D,NI,XC,D
13:34:18,JSMR,RG,3640,2,D,NI,NI,D
13:33:45,JSMR,RG,3640,48,D,NI,ZP,D
13:33:45,JSMR,RG,3640,10,D,HP,ZP,D
13:33:45,JSMR,RG,3640,10,D,XC,ZP,D
13:33:45,JSMR,RG,3640,1,D,XC,ZP,D
13:33:45,JSMR,RG,3640,1,D,DR,ZP,D
13:33:45,JSMR,RG,3640,3,D,CC,ZP,D
13:33:45,JSMR,RG,3640,27,D,KK,ZP,D
13:33:37,JSMR,RG,3640,2,D,KK,YP,D
13:33:33,JSMR,RG,3640,21,D,KK,PD,D
13:33:33,JSMR,RG,3640,40,D,XC,PD,D
13:33:33,JSMR,RG,3640,13,D,XC,PD,D
13:33:33,JSMR,RG,3640,8,D,PD,PD,D
13:33:33,JSMR,RG,3640,1,D,XC,PD,D
13:33:33,JSMR,RG,3640,4,F,ZP,PD,D
13:33:33,JSMR,RG,3640,13,D,GR,PD,D
13:33:28,JSMR,RG,3640,1,D,GR,YP,D
13:33:24,JSMR,RG,3640,10,D,GR,ZP,F
13:33:09,JSMR,RG,3640,20,D,GR,HP,D
13:33:03,JSMR,RG,3650,10,D,OD,PD,D
13:33:01,JSMR,RG,3650,3,D,XL,PD,D
13:32:55,JSMR,RG,3650,1,D,PD,PD,D
13:32:54,JSMR,RG,3650,10,D,YP,PD,D
13:32:48,JSMR,RG,3650,4,D,XC,PD,D
13:32:04,JSMR,RG,3640,4,D,GR,XC,D
13:31:39,JSMR,RG,3640,2,D,GR,CC,D
13:31:38,JSMR,RG,3640,7,D,GR,ZP,F
13:31:01,JSMR,RG,3640,2,D,GR,CC,D
13:30:52,JSMR,RG,3640,2,D,GR,YP,D
13:30:52,JSMR,RG,3640,5,D,GR,ZP,F
13:30:52,JSMR,RG,3640,44,D,GR,YU,D
13:30:52,JSMR,RG,3640,66,D,GR,YU,D
13:30:52,JSMR,RG,3640,24,D,GR,YU,D
13:30:50,JSMR,RG,3640,4,D,XC,YU,D
13:30:43,JSMR,RG,3640,5,D,CC,YU,D
13:30:36,JSMR,RG,3640,3,D,XC,YU,D
13:30:30,JSMR,RG,3640,47,D,RG,YU,D
13:30:30,JSMR,RG,3640,16,D,RG,PD,D
13:30:30,JSMR,RG,3640,5,D,RG,SQ,D
13:30:30,JSMR,RG,3640,1,D,RG,NI,D
13:30:30,JSMR,RG,3640,2,D,RG,PD,D
13:30:30,JSMR,RG,3640,1,D,RG,PD,D
13:30:30,JSMR,RG,3640,1,D,RG,YP,D
13:30:30,JSMR,RG,3640,3,D,RG,PD,D
13:30:21,JSMR,RG,3640,3,D,PD,PD,D
13:30:21,JSMR,RG,3640,3,D,PD,LG,D
13:30:21,JSMR,RG,3640,10,D,PD,XC,D
13:30:21,JSMR,RG,3640,5,D,PD,DR,D
13:30:21,JSMR,RG,3640,3,D,PD,CC,D
13:30:21,JSMR,RG,3640,1,D,PD,YP,D
13:30:17,JSMR,RG,3630,50,D,CC,YP,D
13:30:15,JSMR,RG,3630,1,D,CC,YP,D
13:30:14,JSMR,RG,3630,50,D,CC,YP,D
13:30:13,JSMR,RG,3630,4,D,CC,YP,D
13:30:12,JSMR,RG,3630,3,D,CC,YP,D
13:30:11,JSMR,RG,3630,5,D,CC,YP,D
13:30:10,JSMR,RG,3630,5,D,CC,CC,D
13:30:10,JSMR,RG,3630,1,D,CC,XC,D
13:30:10,JSMR,RG,3630,10,D,CC,CC,D
13:30:10,JSMR,RG,3630,19,D,CC,AK,F
13:30:10,JSMR,RG,3630,15,D,CC,RX,F
13:30:10,JSMR,RG,3620,10,D,AZ,CC,D
13:30:09,JSMR,RG,3630,3,F,ZP,RX,F
13:30:09,JSMR,RG,3620,31,D,AZ,YP,D
13:30:08,JSMR,RG,3630,122,F,AK,RX,F
13:30:08,JSMR,RG,3630,1,F,AK,XC,D
13:30:08,JSMR,RG,3630,53,F,AK,YU,D
13:30:08,JSMR,RG,3630,74,F,AK,YP,D
13:30:07,JSMR,RG,3630,1,D,XC,YP,D
13:30:06,JSMR,RG,3630,10,D,CC,YP,D
13:30:06,JSMR,RG,3630,8,D,CC,ZP,F
13:30:06,JSMR,RG,3630,32,D,CC,YU,D
13:30:06,JSMR,RG,3630,5,D,CC,YU,D
13:30:05,JSMR,RG,3630,6,D,PD,YU,D
13:30:05,JSMR,RG,3630,2,D,PD,RX,F
13:30:05,JSMR,RG,3630,2,D,XC,RX,F
13:30:05,JSMR,RG,3630,10,D,XC,RX,F
13:30:04,JSMR,RG,3620,1,D,AZ,XC,D
13:30:04,JSMR,RG,3630,150,D,DH,RX,F
13:30:03,JSMR,RG,3630,2,D,XC,RX,F
13:30:03,JSMR,RG,3630,10,D,PD,RX,F
13:30:03,JSMR,RG,3630,20,D,LG,RX,F
13:30:03,JSMR,RG,3630,2,D,PD,RX,F
13:30:02,JSMR,RG,3630,6,D,PD,RX,F
13:30:02,JSMR,RG,3630,12,D,DH,RX,F
13:30:01,JSMR,RG,3630,10,D,PD,RX,F
13:30:01,JSMR,RG,3630,5,D,DH,RX,F
13:30:01,JSMR,RG,3630,80,D,YB,RX,F
11:29:52,JSMR,RG,3620,2,D,AZ,ZP,F
11:29:41,JSMR,RG,3620,1,D,AZ,ZP,F
11:29:30,JSMR,RG,3620,9,D,AZ,ZP,F
11:28:50,JSMR,RG,3620,2,D,AZ,YP,D
11:28:50,JSMR,RG,3620,28,D,AZ,YP,D
11:28:36,JSMR,RG,3630,1,D,YU,RX,F
11:28:32,JSMR,RG,3620,10,D,AZ,SQ,D
11:28:21,JSMR,RG,3630,9,D,GR,RX,F
11:28:18,JSMR,RG,3620,17,D,AZ,RX,F
11:27:42,JSMR,RG,3630,43,D,YP,RX,F
11:27:42,JSMR,RG,3630,1,D,YP,YU,D
11:27:42,JSMR,RG,3630,26,D,YP,PD,D
11:27:16,JSMR,RG,3620,5,F,YU,ZP,F
11:27:16,JSMR,RG,3620,23,F,YU,YU,D
11:27:16,JSMR,RG,3620,29,F,YU,YU,D
11:27:16,JSMR,RG,3620,37,F,YU,YU,D
11:27:16,JSMR,RG,3620,22,F,YU,YU,D
11:27:15,JSMR,RG,3620,24,D,YP,YU,D
11:27:15,JSMR,RG,3620,6,D,YP,YU,D
11:27:04,JSMR,RG,3610,44,F,SQ,RX,F
11:27:03,JSMR,RG,3620,30,D,DR,RX,F
11:27:03,JSMR,RG,3620,2,D,YB,RX,F
11:27:03,JSMR,RG,3620,1,D,YU,RX,F
11:27:03,JSMR,RG,3620,3,F,ZP,RX,F
11:27:03,JSMR,RG,3620,1,D,EP,RX,F
11:27:03,JSMR,RG,3620,2,D,YP,RX,F
11:27:03,JSMR,RG,3620,1,D,NI,RX,F
11:27:03,JSMR,RG,3620,10,D,CC,RX,F
11:27:03,JSMR,RG,3620,19,D,YP,RX,F
11:27:01,JSMR,RG,3620,60,D,YP,ZP,F
11:27:00,JSMR,RG,3620,21,D,YP,YU,D
11:27:00,JSMR,RG,3620,1,D,NI,YU,D
11:27:00,JSMR,RG,3620,1,D,PD,YU,D
11:27:00,JSMR,RG,3620,1,D,PD,YU,D
11:27:00,JSMR,RG,3620,88,D,YP,YU,D
11:27:00,JSMR,RG,3620,88,D,YP,YU,D
11:26:46,JSMR,RG,3620,2,D,YP,HP,D
11:26:10,JSMR,RG,3620,2,D,YP,XC,D
11:25:00,JSMR,RG,3620,70,D,YP,YU,D
11:24:39,JSMR,RG,3630,4,F,ZP,PD,D
11:24:38,JSMR,RG,3630,1,D,LG,PD,D
11:24:00,JSMR,RG,3630,40,F,YU,YU,D
11:24:00,JSMR,RG,3630,25,D,YP,YU,D
11:24:00,JSMR,RG,3630,1,D,EP,YU,D
11:24:00,JSMR,RG,3630,2,F,ZP,YU,D
11:23:35,JSMR,RG,3640,2,D,XC,YU,D
11:23:20,JSMR,RG,3640,1,D,YU,YU,D
11:23:00,JSMR,RG,3630,26,F,YU,YU,D
11:23:00,JSMR,RG,3630,3,D,CP,YU,D
11:23:00,JSMR,RG,3630,1,D,KK,YU,D
11:23:00,JSMR,RG,3630,15,D,KK,YU,D
11:23:00,JSMR,RG,3630,5,D,SQ,YU,D
11:23:00,JSMR,RG,3630,1,F,ZP,YU,D
11:23:00,JSMR,RG,3630,1,D,NI,YU,D
11:23:00,JSMR,RG,3630,1,D,KK,YU,D
11:23:00,JSMR,RG,3630,25,D,GR,YU,D
11:23:00,JSMR,RG,3630,7,D,YP,YU,D
11:19:58,JSMR,RG,3630,5,D,YP,EP,D
11:19:35,JSMR,RG,3640,5,D,CC,YU,D
11:19:33,JSMR,RG,3640,2,D,XC,YU,D
11:19:27,JSMR,RG,3640,2,D,LG,YU,D
11:18:56,JSMR,RG,3630,3,D,YP,TF,D
11:18:19,JSMR,RG,3640,9,D,YP,YU,D
11:18:07,JSMR,RG,3640,3,D,AZ,YU,D
11:18:07,JSMR,RG,3640,3,D,AZ,CC,D
11:18:07,JSMR,RG,3640,3,D,AZ,AK,F
11:18:07,JSMR,RG,3640,5,D,AZ,YU,D
11:18:07,JSMR,RG,3640,14,D,AZ,YU,D
11:18:07,JSMR,RG,3640,14,D,AZ,YU,D
11:17:46,JSMR,RG,3640,2,D,LG,YU,D
11:17:00,JSMR,RG,3640,8,D,LG,YU,D
11:17:00,JSMR,RG,3640,56,D,LG,YU,D
11:17:00,JSMR,RG,3640,42,D,LG,YU,D
11:17:00,JSMR,RG,3640,6,D,LG,AK,F
11:17:00,JSMR,RG,3640,27,D,LG,YU,D
11:17:00,JSMR,RG,3640,23,D,LG,YP,D
11:16:57,JSMR,RG,3630,3,D,YP,YP,D
11:16:54,JSMR,RG,3630,2,D,YP,CC,D
11:15:41,JSMR,RG,3640,1,F,ZP,YP,D
11:15:41,JSMR,RG,3640,1,D,AT,YP,D
11:15:32,JSMR,RG,3640,1,D,AT,CC,D
11:15:26,JSMR,RG,3640,3,D,AT,NI,D
11:15:05,JSMR,RG,3650,17,D,CC,PD,D
11:15:05,JSMR,RG,3640,5,D,CC,XL,D
11:15:05,JSMR,RG,3640,3,D,CC,CC,D
11:14:16,JSMR,RG,3650,7,F,ZP,PD,D
11:14:16,JSMR,RG,3650,139,D,ZP,PD,D
11:14:06,JSMR,RG,3650,1,D,ZP,YP,D
11:13:40,JSMR,RG,3650,2,D,ZP,LS,D
11:13:33,JSMR,RG,3650,200,D,ZP,CP,D
11:13:28,JSMR,RG,3650,250,D,ZP,YP,D
11:13:19,JSMR,RG,3650,508,D,ZP,CC,F
11:13:19,JSMR,RG,3650,10,D,ZP,OD,D
11:13:19,JSMR,RG,3650,1,D,ZP,YP,D
11:13:19,JSMR,RG,3650,3,D,ZP,PD,D
11:13:19,JSMR,RG,3650,1,D,ZP,SQ,D
11:13:19,JSMR,RG,3650,1,D,ZP,CC,D
11:13:19,JSMR,RG,3650,5,D,ZP,YP,D
11:13:19,JSMR,RG,3650,10,D,ZP,KK,D
11:13:19,JSMR,RG,3650,5,D,ZP,YP,D
11:13:19,JSMR,RG,3650,50,D,ZP,YP,D
11:13:19,JSMR,RG,3650,7,D,ZP,HP,D
11:13:19,JSMR,RG,3650,5,D,ZP,XC,D
11:13:19,JSMR,RG,3650,1,D,ZP,PD,D
11:13:19,JSMR,RG,3650,1,D,ZP,YP,D
11:13:19,JSMR,RG,3650,16,D,ZP,PD,D
11:13:19,JSMR,RG,3650,12,D,ZP,XL,D
11:13:19,JSMR,RG,3650,11,D,ZP,CC,D
11:13:19,JSMR,RG,3650,1,D,ZP,IF,D
11:13:19,JSMR,RG,3650,29,D,ZP,CC,D
11:13:19,JSMR,RG,3650,6,D,ZP,XC,D
11:13:19,JSMR,RG,3650,2,D,ZP,NI,D
11:13:19,JSMR,RG,3650,5,D,ZP,CC,D
11:13:19,JSMR,RG,3650,5,D,ZP,AI,D
11:13:19,JSMR,RG,3650,6,D,ZP,PD,D
11:13:19,JSMR,RG,3650,10,D,ZP,KK,D
11:13:19,JSMR,RG,3650,12,D,ZP,DH,D
11:13:19,JSMR,RG,3650,1,D,ZP,PD,D
11:13:19,JSMR,RG,3650,1,D,ZP,YP,D
11:13:19,JSMR,RG,3650,10,D,ZP,GR,D
11:13:19,JSMR,RG,3650,1,D,ZP,YP,D
11:13:19,JSMR,RG,3650,2,D,ZP,YP,D
11:13:19,JSMR,RG,3650,150,D,ZP,CC,D
11:13:19,JSMR,RG,3650,2,D,ZP,CC,D
11:13:19,JSMR,RG,3650,7,D,ZP,YP,D
11:13:19,JSMR,RG,3650,1,D,ZP,PD,D
11:13:19,JSMR,RG,3650,5,D,ZP,LG,D
11:13:19,JSMR,RG,3650,10,D,ZP,YP,D
11:13:19,JSMR,RG,3650,1,D,ZP,KK,D
11:13:19,JSMR,RG,3650,2,D,ZP,CC,D
11:13:19,JSMR,RG,3650,5,D,ZP,LG,D
11:13:19,JSMR,RG,3650,1,D,ZP,PD,D
11:13:19,JSMR,RG,3650,5,D,ZP,CC,D
11:13:19,JSMR,RG,3650,9,D,ZP,PD,D
11:13:19,JSMR,RG,3650,50,D,ZP,AZ,D
11:13:19,JSMR,RG,3650,1,D,ZP,YP,D
11:13:19,JSMR,RG,3650,25,D,ZP,YP,D
11:13:19,JSMR,RG,3650,5,D,ZP,PD,D
11:13:19,JSMR,RG,3650,10,D,ZP,AI,D
11:13:19,JSMR,RG,3650,20,D,ZP,CC,D
11:13:19,JSMR,RG,3650,500,D,ZP,NI,D
11:13:19,JSMR,RG,3650,3,D,ZP,YP,D
11:13:19,JSMR,RG,3650,1,D,ZP,YP,D
11:13:19,JSMR,RG,3650,1,D,ZP,YP,D
11:13:19,JSMR,RG,3640,1,D,ZP,YP,D
11:13:19,JSMR,RG,3640,1,D,ZP,NI,D
11:13:19,JSMR,RG,3640,2,D,ZP,SQ,D
11:13:19,JSMR,RG,3640,11,D,ZP,XC,D
11:13:19,JSMR,RG,3640,2,D,ZP,XC,D
11:13:19,JSMR,RG,3640,30,D,ZP,OD,D
11:13:19,JSMR,RG,3640,1,D,ZP,ZP,F
11:13:19,JSMR,RG,3640,10,D,ZP,YB,D
11:13:19,JSMR,RG,3640,38,D,ZP,KK,D
11:13:19,JSMR,RG,3640,3,D,ZP,XC,D
11:13:19,JSMR,RG,3640,1,D,ZP,PD,D
11:13:19,JSMR,RG,3640,5,D,ZP,YB,D
11:13:19,JSMR,RG,3640,10,D,ZP,PD,D
11:13:19,JSMR,RG,3640,100,D,ZP,OD,D
11:13:19,JSMR,RG,3640,100,D,ZP,DH,D
11:13:19,JSMR,RG,3640,5,D,ZP,XC,D
11:13:19,JSMR,RG,3640,50,D,ZP,PD,D
11:13:19,JSMR,RG,3640,1,D,ZP,NI,D
11:13:19,JSMR,RG,3640,2,D,ZP,CC,D
11:13:19,JSMR,RG,3640,12,D,ZP,DH,D
11:13:19,JSMR,RG,3640,10,D,ZP,CC,D
11:13:19,JSMR,RG,3640,15,D,ZP,DX,D
11:13:19,JSMR,RG,3640,1,D,ZP,YP,D
11:13:19,JSMR,RG,3640,1,D,ZP,PD,D
11:13:19,JSMR,RG,3640,2,D,ZP,PD,D
11:13:19,JSMR,RG,3640,1,D,ZP,GR,D
11:13:19,JSMR,RG,3640,3,D,ZP,DR,D
11:13:19,JSMR,RG,3640,66,D,ZP,NI,D
11:13:19,JSMR,RG,3640,87,D,ZP,NI,D
11:13:19,JSMR,RG,3640,40,D,ZP,NI,D
11:13:19,JSMR,RG,3640,5,D,ZP,CC,D
11:13:19,JSMR,RG,3640,1,D,ZP,PD,D
11:13:19,JSMR,RG,3640,100,D,ZP,SQ,D
11:13:19,JSMR,RG,3640,1,D,ZP,YP,D
11:13:19,JSMR,RG,3640,40,D,ZP,KK,D
11:13:19,JSMR,RG,3640,5,D,ZP,YP,D
11:13:19,JSMR,RG,3640,9,D,ZP,PD,D
11:13:19,JSMR,RG,3640,10,D,ZP,YP,D
11:13:19,JSMR,RG,3640,2,D,ZP,CC,D
11:13:19,JSMR,RG,3640,1,D,ZP,OD,D
11:13:19,JSMR,RG,3630,28,D,ZP,YP,D
11:13:19,JSMR,RG,3630,24,D,ZP,YU,D
11:13:19,JSMR,RG,3630,30,D,ZP,YU,D
11:13:19,JSMR,RG,3630,26,D,ZP,YU,D
11:13:19,JSMR,RG,3630,15,D,ZP,PD,D
11:13:19,JSMR,RG,3630,5,D,ZP,CC,D
11:13:19,JSMR,RG,3630,10,D,ZP,YP,D
11:13:19,JSMR,RG,3630,1,D,ZP,NI,D
11:13:19,JSMR,RG,3630,75,D,ZP,DX,D
11:13:19,JSMR,RG,3630,5,D,ZP,XC,D
11:13:19,JSMR,RG,3630,1,D,ZP,YP,D
11:13:19,JSMR,RG,3630,1,D,ZP,PD,D
11:13:19,JSMR,RG,3630,150,D,ZP,KK,D
11:13:19,JSMR,RG,3630,2,D,ZP,AK,F
11:13:19,JSMR,RG,3630,70,D,ZP,CC,D
11:13:19,JSMR,RG,3630,22,D,ZP,XC,D
11:13:19,JSMR,RG,3630,1,D,ZP,PD,D
11:13:19,JSMR,RG,3630,3,D,ZP,XC,D
11:13:19,JSMR,RG,3630,3,D,ZP,ZP,F
11:13:19,JSMR,RG,3630,32,D,ZP,XC,D
11:13:19,JSMR,RG,3630,2,D,ZP,AK,F
11:13:19,JSMR,RG,3630,3,D,ZP,CC,D
11:13:19,JSMR,RG,3630,9,D,ZP,XC,D
11:13:19,JSMR,RG,3630,60,D,ZP,CC,D
11:13:19,JSMR,RG,3630,2,D,ZP,AK,F
11:13:19,JSMR,RG,3630,2,D,ZP,NI,D
11:13:19,JSMR,RG,3630,2,D,ZP,AK,F
11:13:19,JSMR,RG,3620,92,D,ZP,CC,F
11:13:19,JSMR,RG,3620,1,D,ZP,CC,D
11:13:19,JSMR,RG,3620,48,D,ZP,YU,D
11:13:19,JSMR,RG,3620,26,D,ZP,YU,D
11:13:19,JSMR,RG,3620,272,D,ZP,RX,F
11:13:19,JSMR,RG,3620,300,D,ZP,BK,F
11:13:19,JSMR,RG,3620,24,D,ZP,ZP,F
11:13:19,JSMR,RG,3620,135,D,ZP,YP,D
11:13:19,JSMR,RG,3620,2,D,ZP,AK,F
11:13:19,JSMR,RG,3620,2,D,ZP,AK,F
11:13:19,JSMR,RG,3620,2,D,ZP,AK,F
11:13:19,JSMR,RG,3620,583,D,ZP,RX,F
11:11:21,JSMR,RG,3620,10,D,AG,RX,F
11:10:28,JSMR,RG,3620,5,D,IF,RX,F
11:10:28,JSMR,RG,3620,95,D,IF,CC,F
11:10:17,JSMR,RG,3610,4,F,SQ,PD,D
11:10:12,JSMR,RG,3620,72,D,IF,CC,F
11:10:12,JSMR,RG,3620,32,D,IF,YU,D
11:10:12,JSMR,RG,3620,39,D,IF,YU,D
11:10:12,JSMR,RG,3620,25,D,IF,YU,D
11:10:12,JSMR,RG,3620,31,D,IF,YU,D
11:10:12,JSMR,RG,3620,1,D,IF,YU,D
11:10:00,JSMR,RG,3610,74,F,SQ,YU,D
11:10:00,JSMR,RG,3610,10,F,SQ,AK,F
11:09:05,JSMR,RG,3610,47,F,SQ,RX,F
11:09:00,JSMR,RG,3610,59,F,SQ,YU,D
11:08:25,JSMR,RG,3610,1,F,SQ,NI,D
11:08:16,JSMR,RG,3620,24,D,CC,YU,D
11:08:16,JSMR,RG,3620,26,D,CC,YU,D
11:08:05,JSMR,RG,3620,2,D,KK,YU,D
11:08:05,JSMR,RG,3620,1,D,KK,ZP,D
11:07:58,JSMR,RG,3610,66,F,SQ,RX,F
11:07:46,JSMR,RG,3620,2,F,YU,LG,D
11:07:46,JSMR,RG,3620,2,D,YP,LG,D
11:07:46,JSMR,RG,3620,6,F,ZP,LG,D
11:07:46,JSMR,RG,3620,50,D,HP,LG,D
11:07:46,JSMR,RG,3620,1,D,YU,LG,D
11:07:46,JSMR,RG,3620,20,D,AT,LG,D
11:07:46,JSMR,RG,3620,1,D,AZ,LG,D
11:07:46,JSMR,RG,3620,18,D,YP,LG,D
11:07:34,JSMR,RG,3620,7,D,YP,ZP,F
11:06:22,JSMR,RG,3620,176,D,YP,RX,F
11:06:15,JSMR,RG,3620,1,D,YP,DH,D
11:06:00,JSMR,RG,3620,48,D,YP,YU,D
11:06:00,JSMR,RG,3620,4,D,HP,YU,D
11:05:48,JSMR,RG,3630,1,D,CC,RX,F
11:05:02,JSMR,RG,3630,50,D,HP,RX,F
11:05:01,JSMR,RG,3620,7,D,HP,ZP,F
11:05:00,JSMR,RG,3620,9,D,HP,YU,D
11:05:00,JSMR,RG,3620,9,F,ZP,YU,D
11:05:00,JSMR,RG,3620,1,D,CC,YU,D
11:05:00,JSMR,RG,3620,1,D,EP,YU,D
11:05:00,JSMR,RG,3620,10,D,CC,YU,D
11:05:00,JSMR,RG,3620,1,D,YP,YU,D
11:05:00,JSMR,RG,3620,1,D,XC,YU,D
11:05:00,JSMR,RG,3620,1,D,YP,YU,D
11:05:00,JSMR,RG,3620,1,D,EP,YU,D
11:05:00,JSMR,RG,3620,1,D,KK,YU,D
11:05:00,JSMR,RG,3620,28,D,IF,YU,D
11:05:00,JSMR,RG,3620,65,D,IF,YU,D
11:04:37,JSMR,RG,3630,1,D,XC,RX,F
11:04:11,JSMR,RG,3630,1,D,CC,RX,F
11:03:56,JSMR,RG,3620,10,D,IF,CC,D
11:03:02,JSMR,RG,3620,16,D,IF,ZP,F
11:02:23,JSMR,RG,3620,2,D,IF,CC,D
11:00:26,JSMR,RG,3620,15,D,IF,RX,F
11:00:23,JSMR,RG,3620,1,D,IF,ZP,F
11:00:22,JSMR,RG,3620,24,D,IF,NI,D
11:00:01,JSMR,RG,3620,21,D,IF,RX,F
11:00:01,JSMR,RG,3620,23,D,IF,ZP,F
11:00:00,JSMR,RG,3620,99,D,IF,YU,D
11:00:00,JSMR,RG,3620,79,D,IF,YU,D
11:00:00,JSMR,RG,3620,59,D,IF,YU,D
10:59:38,JSMR,RG,3620,20,D,IF,NI,D
10:59:34,JSMR,RG,3620,18,D,IF,RX,F
10:59:21,JSMR,RG,3620,10,D,IF,LG,D
10:59:14,JSMR,RG,3620,10,D,IF,CC,D
10:59:14,JSMR,RG,3620,1,D,CC,CC,D
10:59:14,JSMR,RG,3620,1,D,YP,CC,D
10:59:14,JSMR,RG,3620,50,D,YP,CC,D
10:59:14,JSMR,RG,3620,4,F,ZP,CC,D
10:59:14,JSMR,RG,3620,5,D,DR,CC,D
10:59:14,JSMR,RG,3620,20,D,YU,CC,D
10:59:14,JSMR,RG,3620,3,D,YJ,CC,D
10:59:14,JSMR,RG,3620,2,D,GR,CC,D
10:59:14,JSMR,RG,3620,2,D,PD,CC,D
10:59:14,JSMR,RG,3620,1,D,PD,CC,D
10:59:14,JSMR,RG,3620,21,D,PD,CC,D
10:59:11,JSMR,RG,3620,4,D,PD,RX,F
10:59:11,JSMR,RG,3620,15,D,PD,RX,F
10:58:55,JSMR,RG,3620,10,D,PD,CP,D
10:58:55,JSMR,RG,3620,7,F,ZP,CP,D
10:58:55,JSMR,RG,3620,33,F,YU,CP,D
10:58:47,JSMR,RG,3620,15,F,YU,RX,F
10:57:17,JSMR,RG,3620,1,F,YU,CC,D
10:56:53,JSMR,RG,3630,5,D,PD,RX,F
10:56:31,JSMR,RG,3630,1,D,NI,RX,F
10:56:24,JSMR,RG,3620,10,F,YU,XC,D
10:56:22,JSMR,RG,3630,100,D,YU,RX,F
10:56:08,JSMR,RG,3630,1,D,GR,RX,F
10:56:00,JSMR,RG,3620,59,F,YU,YU,D
10:56:00,JSMR,RG,3620,2,F,YU,YU,D
10:56:00,JSMR,RG,3620,52,D,GR,YU,D
10:55:34,JSMR,RG,3630,25,D,YP,RX,F
10:55:17,JSMR,RG,3630,93,D,XC,RX,F
10:55:02,JSMR,RG,3630,1,D,AI,RX,F
10:54:52,JSMR,RG,3620,2,D,GR,CC,D
10:54:42,JSMR,RG,3630,1,D,PD,RX,F
10:54:18,JSMR,RG,3620,75,D,GR,CP,D
10:54:00,JSMR,RG,3620,62,D,GR,YU,D
10:53:59,JSMR,RG,3630,12,D,YP,RX,F
10:53:56,JSMR,RG,3630,1,D,DH,RX,F
10:53:08,JSMR,RG,3630,1,F,ZP,RX,F
10:53:00,JSMR,RG,3620,69,D,GR,YU,D
10:52:54,JSMR,RG,3630,13,D,XC,RX,F
10:52:22,JSMR,RG,3620,5,D,GR,CC,D
10:50:30,JSMR,RG,3630,72,D,IF,RX,F
10:50:30,JSMR,RG,3630,32,D,IF,CC,F
10:50:30,JSMR,RG,3630,5,D,IF,YP,D
10:50:30,JSMR,RG,3630,13,D,IF,ZP,F
10:50:30,JSMR,RG,3630,39,D,IF,YU,D
10:50:30,JSMR,RG,3630,27,D,IF,YU,D
10:50:30,JSMR,RG,3630,9,D,IF,ZP,F
10:50:30,JSMR,RG,3630,3,D,IF,IF,D
10:50:00,JSMR,RG,3620,63,D,GR,YU,D
10:50:00,JSMR,RG,3620,60,D,GR,YU,D
10:48:44,JSMR,RG,3630,54,D,IF,IF,D
10:48:44,JSMR,RG,3630,74,D,IF,IF,D
10:48:44,JSMR,RG,3630,73,D,IF,IF,D
10:48:44,JSMR,RG,3630,2,D,IF,IF,D
10:48:44,JSMR,RG,3630,36,D,IF,IF,D
10:48:44,JSMR,RG,3630,261,D,IF,IF,D
10:47:59,JSMR,RG,3630,11,D,MG,IF,D
10:47:59,JSMR,RG,3630,4,D,MG,YP,D
10:47:59,JSMR,RG,3630,5,D,MG,IF,D
10:47:59,JSMR,RG,3630,64,D,MG,IF,D
10:47:59,JSMR,RG,3630,291,D,MG,IF,D
10:47:59,JSMR,RG,3630,1,D,MG,EP,D
10:47:59,JSMR,RG,3630,1,D,MG,NI,D
10:47:59,JSMR,RG,3630,1,D,MG,PD,D
10:47:59,JSMR,RG,3630,13,D,MG,XC,D
10:47:59,JSMR,RG,3630,8,D,MG,GR,D
10:47:59,JSMR,RG,3630,4,D,MG,XC,D
10:47:59,JSMR,RG,3630,97,D,MG,CP,D
10:47:49,JSMR,RG,3620,13,D,GR,YP,D
10:47:49,JSMR,RG,3620,18,D,GR,XC,D
10:47:40,JSMR,RG,3620,15,D,GR,XC,D
10:47:37,JSMR,RG,3620,2,D,GR,XC,D
10:47:36,JSMR,RG,3630,403,D,MG,CP,D
10:47:36,JSMR,RG,3630,20,D,MG,PD,D
10:47:36,JSMR,RG,3630,15,D,MG,AZ,D
10:47:36,JSMR,RG,3630,40,D,MG,OD,D
10:47:36,JSMR,RG,3630,22,D,MG,LS,D
10:47:33,JSMR,RG,3620,13,D,GR,ZP,F
10:47:15,JSMR,RG,3620,5,D,GR,SQ,D
10:46:48,JSMR,RG,3630,2,D,BQ,LS,D
10:45:53,JSMR,RG,3630,5,D,DH,LS,D
10:44:07,JSMR,RG,3630,1,D,GR,LS,D
10:43:49,JSMR,RG,3620,10,D,GR,NI,D
10:43:28,JSMR,RG,3620,16,D,GR,ZP,F
10:42:59,JSMR,RG,3620,1,D,GR,HP,D
10:42:51,JSMR,RG,3620,20,D,GR,PD,D
10:42:45,JSMR,RG,3620,5,D,GR,HP,D
10:42:44,JSMR,RG,3620,1,D,GR,YP,D
10:42:27,JSMR,RG,3620,4,D,GR,BK,F
10:42:26,JSMR,RG,3620,2,D,GR,AK,F
10:42:26,JSMR,RG,3620,4,D,GR,BK,F
10:42:26,JSMR,RG,3620,74,D,GR,YU,D
10:42:26,JSMR,RG,3620,55,D,GR,YU,D
10:42:26,JSMR,RG,3620,50,D,GR,YP,D
10:42:26,JSMR,RG,3620,10,D,GR,YP,D
10:42:26,JSMR,RG,3620,160,D,GR,RX,F
10:42:26,JSMR,RG,3620,32,D,GR,YU,D
10:42:26,JSMR,RG,3620,5,D,GR,ZP,F
10:42:26,JSMR,RG,3620,2,D,GR,AK,F
10:42:26,JSMR,RG,3620,9,D,GR,NI,D
10:42:26,JSMR,RG,3620,28,D,GR,YU,D
10:42:26,JSMR,RG,3620,26,D,GR,YU,D
10:42:26,JSMR,RG,3620,26,D,GR,YU,D
10:42:26,JSMR,RG,3620,6,D,GR,ZP,F
10:42:03,JSMR,RG,3620,1,D,XC,ZP,F
10:42:03,JSMR,RG,3620,3,D,XC,CC,D
10:42:03,JSMR,RG,3620,5,D,XC,BK,F
10:42:00,JSMR,RG,3610,95,F,SQ,YU,D
10:41:07,JSMR,RG,3610,100,F,SQ,PD,D
10:40:48,JSMR,RG,3620,2,D,SQ,BK,F
10:40:11,JSMR,RG,3620,10,D,YP,BK,F
10:40:00,JSMR,RG,3620,4,D,PD,BK,F
10:39:56,JSMR,RG,3620,10,D,PD,BK,F
10:39:28,JSMR,RG,3620,1,D,XC,BK,F
10:38:11,JSMR,RG,3610,4,F,SQ,XC,D
10:37:52,JSMR,RG,3610,5,F,SQ,NI,D
10:37:15,JSMR,RG,3610,27,F,SQ,PD,D
10:37:12,JSMR,RG,3620,1,F,ZP,BK,F
10:37:12,JSMR,RG,3620,18,D,CP,BK,F
10:37:12,JSMR,RG,3620,32,D,CP,YU,D
10:37:12,JSMR,RG,3620,1,D,CP,ZP,F
10:37:12,JSMR,RG,3620,10,D,CP,CC,D
10:37:12,JSMR,RG,3620,24,D,CP,BK,F
10:37:12,JSMR,RG,3620,5,D,CP,YP,D
10:37:12,JSMR,RG,3620,10,D,CP,PD,D
10:37:12,JSMR,RG,3620,2,D,CP,YP,D
10:37:12,JSMR,RG,3620,3,D,CP,YP,D
10:37:12,JSMR,RG,3620,5,D,CP,DR,D
10:37:12,JSMR,RG,3620,50,D,CP,YP,D
10:37:12,JSMR,RG,3620,25,D,CP,MU,D
10:37:12,JSMR,RG,3620,1,D,CP,NI,D
10:37:12,JSMR,RG,3620,6,D,CP,CC,D
10:37:12,JSMR,RG,3620,5,D,CP,NI,D
10:37:12,JSMR,RG,3620,3,D,CP,XC,D
10:36:57,JSMR,RG,3610,10,F,SQ,PD,D
10:36:57,JSMR,RG,3610,10,F,SQ,KK,D
10:36:57,JSMR,RG,3610,26,F,SQ,YU,D
10:36:57,JSMR,RG,3610,5,F,SQ,BK,F
10:36:57,JSMR,RG,3610,2,F,SQ,AK,F
10:36:57,JSMR,RG,3610,39,F,SQ,YU,D
10:36:57,JSMR,RG,3610,2,F,SQ,XC,D
10:36:57,JSMR,RG,3610,4,F,SQ,ZP,F
10:36:57,JSMR,RG,3610,75,F,SQ,BK,F
10:36:57,JSMR,RG,3610,2,F,SQ,EP,D
10:36:57,JSMR,RG,3610,2,F,SQ,AK,F
10:36:57,JSMR,RG,3610,26,F,SQ,YU,D
10:36:57,JSMR,RG,3610,11,F,SQ,ZP,F
10:36:57,JSMR,RG,3610,10,F,SQ,CC,D
10:36:57,JSMR,RG,3610,11,F,SQ,XC,D
10:36:57,JSMR,RG,3610,1,F,SQ,KK,D
10:36:57,JSMR,RG,3610,86,F,SQ,CC,F
10:36:57,JSMR,RG,3610,59,F,SQ,BK,F
10:36:54,JSMR,RG,3610,10,D,YP,BK,F
10:36:47,JSMR,RG,3610,1,D,PD,BK,F
10:36:05,JSMR,RG,3610,67,D,AT,BK,F
10:36:05,JSMR,RG,3610,29,D,AT,YU,D
10:36:05,JSMR,RG,3610,4,D,AT,RX,F
10:36:04,JSMR,RG,3610,1,D,PD,RX,F
10:36:00,JSMR,RG,3600,57,D,IF,YU,D
10:34:53,JSMR,RG,3610,25,D,CC,RX,F
10:34:52,JSMR,RG,3610,8,D,DH,RX,F
10:34:51,JSMR,RG,3610,19,D,YP,RX,F
10:34:34,JSMR,RG,3610,50,D,YP,RX,F
10:34:04,JSMR,RG,3610,1,D,YP,RX,F
10:34:03,JSMR,RG,3610,15,D,OD,RX,F
10:34:01,JSMR,RG,3610,20,D,YP,RX,F
10:33:58,JSMR,RG,3610,2,D,PD,RX,F
10:33:53,JSMR,RG,3610,3,D,KK,RX,F
10:33:42,JSMR,RG,3610,1,F,ZP,RX,F
10:32:52,JSMR,RG,3610,20,F,ZP,RX,F
10:32:51,JSMR,RG,3610,33,D,KK,RX,F
10:32:51,JSMR,RG,3610,215,D,KK,BK,F
10:32:51,JSMR,RG,3610,24,D,KK,ZP,F
10:32:51,JSMR,RG,3610,28,D,KK,BK,F
10:32:51,JSMR,RG,3610,25,D,KK,BK,F
10:32:51,JSMR,RG,3610,2,D,KK,AK,F
10:32:51,JSMR,RG,3610,29,D,KK,YU,D
10:32:51,JSMR,RG,3610,50,D,KK,SQ,D
10:32:51,JSMR,RG,3610,2,D,KK,PD,D
10:32:51,JSMR,RG,3610,118,D,KK,BK,F
10:32:51,JSMR,RG,3610,11,D,KK,BK,F
10:32:51,JSMR,RG,3610,45,D,KK,ZP,F
10:32:51,JSMR,RG,3610,270,D,KK,RX,F
10:32:51,JSMR,RG,3610,50,D,KK,DR,D
10:32:51,JSMR,RG,3610,14,D,KK,CC,D
10:32:51,JSMR,RG,3610,10,D,KK,PD,D
10:32:51,JSMR,RG,3610,3,D,KK,AK,F
10:32:51,JSMR,RG,3610,20,D,KK,BK,F
10:32:51,JSMR,RG,3610,30,D,KK,YU,D
10:32:51,JSMR,RG,3610,1,D,KK,YP,D
10:32:51,JSMR,RG,3610,20,D,KK,PD,D
10:32:51,JSMR,RG,3610,286,D,KK,RX,F
10:32:51,JSMR,RG,3610,70,D,KK,YU,D
10:32:51,JSMR,RG,3610,40,D,KK,CC,F
10:32:51,JSMR,RG,3610,65,D,KK,YU,D
10:32:51,JSMR,RG,3610,16,D,KK,AK,F
10:32:51,JSMR,RG,3610,20,D,KK,ZP,F
10:32:51,JSMR,RG,3610,25,D,KK,YU,D
10:32:51,JSMR,RG,3610,100,D,KK,OD,D
10:32:51,JSMR,RG,3610,167,D,KK,RX,F
10:32:51,JSMR,RG,3610,30,D,KK,CC,F
10:32:51,JSMR,RG,3610,34,D,KK,YU,D
10:32:51,JSMR,RG,3610,32,D,KK,RX,F
10:32:45,JSMR,RG,3600,2,D,IF,AK,F
10:32:00,JSMR,RG,3600,70,D,IF,YU,D
10:31:29,JSMR,RG,3600,2,D,IF,XC,D
10:31:05,JSMR,RG,3610,1,D,XL,RX,F
10:31:00,JSMR,RG,3600,56,D,IF,YU,D
10:31:00,JSMR,RG,3600,2,D,IF,AK,F
10:30:37,JSMR,RG,3600,15,D,IF,XC,D
10:29:30,JSMR,RG,3600,2,D,IF,AK,F
10:28:36,JSMR,RG,3600,36,D,IF,YP,D
10:28:26,JSMR,RG,3600,7,D,IF,CC,D
10:28:20,JSMR,RG,3600,10,D,IF,XC,D
10:28:00,JSMR,RG,3600,83,D,IF,YU,D
10:28:00,JSMR,RG,3600,104,D,IF,YU,D
10:27:58,JSMR,RG,3600,10,D,IF,NI,D
10:27:31,JSMR,RG,3600,1,D,IF,NI,D
10:27:00,JSMR,RG,3600,56,D,IF,YU,D
10:26:47,JSMR,RG,3600,1,D,IF,XC,D
10:25:24,JSMR,RG,3600,5,D,IF,KK,D
10:25:11,JSMR,RG,3600,1,D,IF,XC,D
10:25:09,JSMR,RG,3600,20,D,IF,NI,D
10:24:57,JSMR,RG,3600,42,D,IF,RX,F
10:24:50,JSMR,RG,3600,1,D,IF,XC,D
10:24:08,JSMR,RG,3600,272,D,IF,RX,F
10:24:05,JSMR,RG,3600,10,D,IF,YP,D
10:24:00,JSMR,RG,3600,9,D,IF,YU,D
10:24:00,JSMR,RG,3600,5,D,NI,YU,D
10:24:00,JSMR,RG,3600,10,D,YP,YU,D
10:24:00,JSMR,RG,3600,1,D,XC,YU,D
10:24:00,JSMR,RG,3600,1,D,YP,YU,D
10:24:00,JSMR,RG,3600,15,D,YP,YU,D
10:24:00,JSMR,RG,3600,48,D,YP,YU,D
10:24:00,JSMR,RG,3600,71,D,YP,YU,D
10:23:45,JSMR,RG,3610,2,D,PD,RX,F
10:23:31,JSMR,RG,3600,5,D,YP,YP,D
10:22:46,JSMR,RG,3600,34,D,YP,RX,F
10:22:41,JSMR,RG,3610,1,D,DH,RX,F
10:22:04,JSMR,RG,3600,33,D,YP,RX,F
10:22:00,JSMR,RG,3600,53,D,YP,YU,D
10:21:10,JSMR,RG,3610,28,D,SQ,RX,F
10:21:10,JSMR,RG,3610,2,D,SQ,ZP,F
10:21:03,JSMR,RG,3610,1,D,YU,ZP,F
10:21:03,JSMR,RG,3610,1,D,YU,YU,D
10:21:00,JSMR,RG,3600,55,D,YP,YU,D
10:20:52,JSMR,RG,3600,17,D,YP,RX,F
10:20:36,JSMR,RG,3600,6,D,YP,YP,D
10:20:31,JSMR,RG,3600,16,D,YP,RX,F
10:20:13,JSMR,RG,3600,23,D,YP,RX,F
10:20:13,JSMR,RG,3600,1,D,YP,RX,F
10:20:10,JSMR,RG,3600,1,D,YP,XC,D
10:20:00,JSMR,RG,3600,12,D,YP,YU,D
10:20:00,JSMR,RG,3600,10,D,XC,YU,D
10:20:00,JSMR,RG,3600,5,D,YP,YU,D
10:20:00,JSMR,RG,3600,20,D,SQ,YU,D
10:20:00,JSMR,RG,3600,5,D,YP,YU,D
10:20:00,JSMR,RG,3600,6,D,YP,YU,D
10:19:58,JSMR,RG,3610,10,D,DR,YU,D
10:19:47,JSMR,RG,3610,3,D,YP,YU,D
10:19:00,JSMR,RG,3610,1,D,PD,YU,D
10:18:33,JSMR,RG,3600,4,D,YP,NI,D
10:18:33,JSMR,RG,3600,1,D,YP,NI,D
10:18:00,JSMR,RG,3600,19,D,YP,YU,D
10:18:00,JSMR,RG,3600,20,D,YP,YU,D
10:18:00,JSMR,RG,3600,5,D,YP,YU,D
10:18:00,JSMR,RG,3600,10,D,YP,YU,D
10:17:35,JSMR,RG,3610,1,D,YU,YU,D
10:17:34,JSMR,RG,3610,17,D,PD,YU,D
10:17:34,JSMR,RG,3610,7,D,PD,YU,D
10:16:59,JSMR,RG,3610,10,D,PD,YU,D
10:16:47,JSMR,RG,3610,5,D,YP,YU,D
10:16:29,JSMR,RG,3610,5,D,EP,YU,D
10:16:28,JSMR,RG,3610,2,D,YP,YU,D
10:16:28,JSMR,RG,3610,11,D,YP,YU,D
10:16:10,JSMR,RG,3610,19,D,XC,YU,D
10:16:10,JSMR,RG,3610,1,D,XC,YU,D
10:15:34,JSMR,RG,3610,1,D,XC,YU,D
10:15:23,JSMR,RG,3610,1,D,XC,YU,D
10:15:00,JSMR,RG,3600,1,D,YP,YU,D
10:15:00,JSMR,RG,3600,40,D,CC,YU,D
10:15:00,JSMR,RG,3600,1,D,CC,YU,D
10:15:00,JSMR,RG,3600,5,D,CC,YU,D
10:15:00,JSMR,RG,3600,5,D,CC,YU,D
10:15:00,JSMR,RG,3600,10,D,XC,YU,D
10:15:00,JSMR,RG,3600,1,D,YP,YU,D
10:14:49,JSMR,RG,3610,1,D,PD,YU,D
10:13:35,JSMR,RG,3610,7,D,DH,YU,D
10:13:23,JSMR,RG,3610,26,D,PD,YU,D
10:13:23,JSMR,RG,3610,14,D,PD,YU,D
10:12:56,JSMR,RG,3610,24,F,XA,YU,D
10:12:56,JSMR,RG,3610,4,F,XA,ZP,F
10:12:00,JSMR,RG,3600,4,D,YP,YU,D
10:12:00,JSMR,RG,3600,1,D,XC,YU,D
10:12:00,JSMR,RG,3600,2,D,CC,YU,D
10:12:00,JSMR,RG,3600,10,D,XL,YU,D
10:12:00,JSMR,RG,3600,1,D,XC,YU,D
10:12:00,JSMR,RG,3600,3,D,XC,YU,D
10:12:00,JSMR,RG,3600,1,D,XL,YU,D
10:12:00,JSMR,RG,3600,2,D,XL,YU,D
10:12:00,JSMR,RG,3600,1,D,XC,YU,D
10:12:00,JSMR,RG,3600,10,D,LG,YU,D
10:12:00,JSMR,RG,3600,2,D,XC,YU,D
10:12:00,JSMR,RG,3600,1,D,BQ,YU,D
10:12:00,JSMR,RG,3600,1,D,XC,YU,D
10:12:00,JSMR,RG,3600,1,D,CC,YU,D
10:12:00,JSMR,RG,3600,7,D,KK,YU,D
10:12:00,JSMR,RG,3600,3,D,KK,YU,D
10:12:00,JSMR,RG,3600,10,D,DR,YU,D
10:12:00,JSMR,RG,3600,3,D,KK,YU,D
10:12:00,JSMR,RG,3600,15,D,KK,YU,D
10:12:00,JSMR,RG,3600,93,D,CC,YU,D
10:10:41,JSMR,RG,3610,2,D,YJ,YU,D
10:10:00,JSMR,RG,3610,51,F,YU,YU,D
10:10:00,JSMR,RG,3610,29,F,YU,YU,D
10:10:00,JSMR,RG,3610,2,D,PD,YU,D
10:10:00,JSMR,RG,3610,2,D,PD,YU,D
10:10:00,JSMR,RG,3610,2,D,PD,YU,D
10:10:00,JSMR,RG,3610,2,D,PD,YU,D
10:10:00,JSMR,RG,3610,1,F,ZP,YU,D
10:10:00,JSMR,RG,3610,3,D,YP,YU,D
10:10:00,JSMR,RG,3610,1,D,XC,YU,D
10:10:00,JSMR,RG,3610,26,D,YP,YU,D
10:09:43,JSMR,RG,3610,4,D,YP,SQ,D
10:09:43,JSMR,RG,3610,6,D,YP,YP,D
10:09:25,JSMR,RG,3610,5,D,YP,ZP,F
10:08:26,JSMR,RG,3610,9,D,YP,ZP,F
10:08:26,JSMR,RG,3610,25,D,IF,ZP,F
10:07:38,JSMR,RG,3610,5,D,IF,DR,D
10:07:33,JSMR,RG,3610,18,D,CC,XC,D
10:06:36,JSMR,RG,3610,7,D,CC,DR,D
10:06:16,JSMR,RG,3610,10,D,CC,DR,D
10:06:16,JSMR,RG,3610,5,D,CC,DR,D
10:06:16,JSMR,RG,3610,5,D,HP,DR,D
10:06:00,JSMR,RG,3610,4,F,YU,YU,D
10:06:00,JSMR,RG,3610,1,D,XC,YU,D
10:06:00,JSMR,RG,3610,1,D,XC,YU,D
10:06:00,JSMR,RG,3610,10,D,DX,YU,D
10:06:00,JSMR,RG,3610,5,D,XC,YU,D
10:06:00,JSMR,RG,3610,20,D,AZ,YU,D
10:06:00,JSMR,RG,3610,10,D,OD,YU,D
10:06:00,JSMR,RG,3610,2,D,AZ,YU,D
10:06:00,JSMR,RG,3610,48,D,AZ,YU,D
10:06:00,JSMR,RG,3610,1,D,IF,YU,D
10:06:00,JSMR,RG,3610,1,D,PD,YU,D
10:06:00,JSMR,RG,3610,1,F,ZP,YU,D
10:06:00,JSMR,RG,3610,1,D,AZ,YU,D
10:05:24,JSMR,RG,3610,1,D,AZ,CC,D
10:04:42,JSMR,RG,3610,5,D,AZ,XC,D
10:04:39,JSMR,RG,3620,20,D,YP,YP,D
10:04:34,JSMR,RG,3620,20,D,YP,YP,D
10:04:16,JSMR,RG,3620,5,D,XL,YP,D
10:03:47,JSMR,RG,3610,15,D,AZ,AT,D
10:03:32,JSMR,RG,3610,1,D,AZ,XC,D
10:03:11,JSMR,RG,3610,5,D,AZ,CP,D
10:01:51,JSMR,RG,3610,100,D,AZ,PD,D
10:01:48,JSMR,RG,3620,10,D,XC,YP,D
10:01:42,JSMR,RG,3610,2,D,AZ,YP,D
10:00:56,JSMR,RG,3610,10,D,AZ,EP,D
10:00:48,JSMR,RG,3610,23,D,AZ,YU,D
10:00:48,JSMR,RG,3610,16,D,AZ,BK,F
10:00:48,JSMR,RG,3610,21,D,AZ,YU,D
10:00:33,JSMR,RG,3610,1,D,IF,YU,D
10:00:29,JSMR,RG,3610,19,D,AZ,YU,D
10:00:29,JSMR,RG,3610,24,D,AZ,CC,F
10:00:29,JSMR,RG,3610,51,D,AZ,BK,F
10:00:29,JSMR,RG,3610,193,D,AZ,CC,F
10:00:29,JSMR,RG,3610,13,D,AZ,GR,D
10:00:16,JSMR,RG,3610,1,D,PD,GR,D
10:00:13,JSMR,RG,3610,1,D,OD,GR,D
10:00:11,JSMR,RG,3610,15,D,YP,GR,D
10:00:11,JSMR,RG,3610,224,D,YP,BK,F
10:00:11,JSMR,RG,3610,971,D,YP,RX,F
10:00:11,JSMR,RG,3610,20,D,YP,CC,F
10:00:11,JSMR,RG,3610,285,D,YP,BK,F
10:00:11,JSMR,RG,3610,27,D,YP,YU,D
10:00:11,JSMR,RG,3610,32,D,YP,YU,D
10:00:11,JSMR,RG,3610,41,D,YP,YU,D
10:00:11,JSMR,RG,3610,28,D,YP,YU,D
10:00:11,JSMR,RG,3610,31,D,YP,YU,D
10:00:11,JSMR,RG,3610,20,D,YP,YU,D
9:59:56,JSMR,RG,3610,20,D,PD,YU,D
9:59:55,JSMR,RG,3600,17,D,CC,CC,D
9:59:44,JSMR,RG,3600,25,D,CC,YP,D
9:59:39,JSMR,RG,3600,23,D,CC,BK,F
9:59:37,JSMR,RG,3600,32,D,CC,RX,F
9:59:24,JSMR,RG,3610,3,D,YP,YU,D
9:59:12,JSMR,RG,3600,10,D,CC,BK,F
9:59:12,JSMR,RG,3600,3,D,SQ,BK,F
9:59:12,JSMR,RG,3600,1,D,DH,BK,F
9:59:12,JSMR,RG,3600,12,D,YB,BK,F
9:59:10,JSMR,RG,3600,1,D,YB,YP,D
9:59:10,JSMR,RG,3600,1,D,KK,YP,D
9:59:10,JSMR,RG,3600,4,D,EP,YP,D
9:59:10,JSMR,RG,3600,1,D,ZP,YP,D
9:59:10,JSMR,RG,3600,2,F,KK,YP,D
9:59:09,JSMR,RG,3600,8,F,KK,BK,F
9:59:09,JSMR,RG,3600,3,D,OD,BK,F
9:59:09,JSMR,RG,3600,41,D,YJ,BK,F
9:59:09,JSMR,RG,3600,25,D,RG,BK,F
9:59:07,JSMR,RG,3610,2,F,ZP,BK,F
9:59:07,JSMR,RG,3610,3,D,PD,BK,F
9:59:07,JSMR,RG,3610,2,D,XC,BK,F
9:59:07,JSMR,RG,3610,10,D,CC,BK,F
9:59:07,JSMR,RG,3610,31,D,NI,BK,F
9:59:06,JSMR,RG,3610,25,D,NI,RX,F
9:59:06,JSMR,RG,3610,1,D,NI,RX,F
9:59:06,JSMR,RG,3610,5,D,PD,RX,F
9:59:06,JSMR,RG,3610,1,D,PD,RX,F
9:59:06,JSMR,RG,3610,1,D,XC,RX,F
9:59:06,JSMR,RG,3610,5,D,YP,RX,F
9:59:06,JSMR,RG,3610,2,D,NI,RX,F
9:59:06,JSMR,RG,3610,50,D,CC,RX,F
9:59:06,JSMR,RG,3610,150,D,PD,RX,F
9:59:02,JSMR,RG,3610,13,D,PD,ZP,F
9:59:02,JSMR,RG,3610,325,D,PD,BK,F
9:59:01,JSMR,RG,3610,623,D,PD,YP,D
9:59:01,JSMR,RG,3610,2,D,PD,YP,D
9:59:01,JSMR,RG,3610,36,D,AT,YP,D
9:59:01,JSMR,RG,3610,5,D,XL,YP,D
9:59:01,JSMR,RG,3610,10,D,PD,YP,D
9:59:01,JSMR,RG,3610,3,D,CC,YP,D
9:59:01,JSMR,RG,3610,3,F,ZP,YP,D
9:59:01,JSMR,RG,3610,20,D,YP,YP,D
9:59:01,JSMR,RG,3610,2,D,DR,YP,D
9:59:01,JSMR,RG,3610,19,D,KK,YP,D
9:59:01,JSMR,RG,3610,5,D,XC,YP,D
9:59:01,JSMR,RG,3610,50,D,CC,YP,D
9:59:01,JSMR,RG,3610,10,D,YP,YP,D
9:59:01,JSMR,RG,3610,1,D,CC,YP,D
9:59:01,JSMR,RG,3610,3,D,XC,YP,D
9:59:01,JSMR,RG,3610,3,D,XC,YP,D
9:59:01,JSMR,RG,3610,20,D,DH,YP,D
9:59:01,JSMR,RG,3610,19,D,KK,YP,D
9:59:01,JSMR,RG,3610,6,D,YP,YP,D
9:59:01,JSMR,RG,3610,1,D,XC,YP,D
9:59:01,JSMR,RG,3610,3,D,NI,YP,D
9:59:01,JSMR,RG,3610,1,D,EP,YP,D
9:59:01,JSMR,RG,3610,2,D,YP,YP,D
9:59:01,JSMR,RG,3610,10,D,CC,YP,D
9:59:01,JSMR,RG,3610,30,D,CC,YP,D
9:59:01,JSMR,RG,3610,10,D,YP,YP,D
9:59:01,JSMR,RG,3610,100,D,DH,YP,D
9:59:01,JSMR,RG,3610,1,D,YP,YP,D
9:59:01,JSMR,RG,3610,25,D,PD,YP,D
9:59:01,JSMR,RG,3610,3,D,YP,YP,D
9:59:01,JSMR,RG,3610,671,D,YP,YP,D
9:58:48,JSMR,RG,3610,4,D,YP,XC,D
9:58:48,JSMR,RG,3620,1,D,XL,YP,D
9:58:31,JSMR,RG,3610,26,D,YP,BK,F
9:58:31,JSMR,RG,3610,30,D,YP,RX,F
9:58:01,JSMR,RG,3610,18,D,YP,BK,F
9:58:01,JSMR,RG,3610,36,D,YP,RX,F
9:58:00,JSMR,RG,3610,62,D,YP,YU,D
9:57:30,JSMR,RG,3610,14,D,YP,YP,D
9:57:26,JSMR,RG,3610,33,D,YP,RX,F
9:57:09,JSMR,RG,3610,15,D,YP,YP,D
9:57:02,JSMR,RG,3610,26,D,YP,BK,F
9:57:00,JSMR,RG,3610,51,D,YP,YU,D
9:56:55,JSMR,RG,3610,14,D,YP,BK,F
9:56:55,JSMR,RG,3610,2,D,YP,BK,F
9:56:54,JSMR,RG,3610,23,D,YP,RX,F
9:56:54,JSMR,RG,3610,14,D,YP,RX,F
9:56:49,JSMR,RG,3610,10,D,YP,XC,D
9:56:37,JSMR,RG,3620,1,D,XC,YP,D
9:56:17,JSMR,RG,3610,29,D,YP,RX,F
9:56:01,JSMR,RG,3610,18,D,YP,BK,F
9:56:00,JSMR,RG,3610,53,D,YP,YU,D
9:55:49,JSMR,RG,3610,30,D,YP,RX,F
9:55:41,JSMR,RG,3620,2,D,XC,YP,D
9:55:36,JSMR,RG,3620,1,D,XC,YP,D
9:55:24,JSMR,RG,3610,17,D,YP,BK,F
9:55:20,JSMR,RG,3610,36,D,YP,RX,F
9:55:11,JSMR,RG,3620,6,D,LG,YP,D
9:55:04,JSMR,RG,3610,22,D,YP,CC,F
9:55:03,JSMR,RG,3610,15,D,YP,YB,D
9:55:02,JSMR,RG,3610,22,D,YP,BK,F
9:54:57,JSMR,RG,3610,11,D,YP,YU,D
9:54:57,JSMR,RG,3610,5,D,YP,YU,D
9:54:57,JSMR,RG,3610,4,D,CC,YU,D
9:54:47,JSMR,RG,3610,1,D,CC,RX,F
9:54:47,JSMR,RG,3610,1,D,BQ,RX,F
9:54:47,JSMR,RG,3610,10,D,KK,RX,F
9:54:47,JSMR,RG,3610,4,D,YP,RX,F
9:54:47,JSMR,RG,3610,1,D,PD,RX,F
9:54:47,JSMR,RG,3610,1,D,PD,RX,F
9:54:47,JSMR,RG,3610,14,D,DH,RX,F
9:54:47,JSMR,RG,3610,6,D,DR,RX,F
9:54:47,JSMR,RG,3610,13,D,PD,RX,F
9:54:46,JSMR,RG,3610,19,D,PD,BK,F
9:54:45,JSMR,RG,3610,3,D,PD,LG,D
9:54:40,JSMR,RG,3610,14,D,PD,BK,F
9:54:35,JSMR,RG,3610,51,D,PD,BK,F
9:54:35,JSMR,RG,3610,20,D,GR,BK,F
9:54:33,JSMR,RG,3620,1,F,YU,YP,D
9:54:33,JSMR,RG,3620,40,F,YU,YP,D
9:54:33,JSMR,RG,3620,39,F,YU,YP,D
9:54:33,JSMR,RG,3620,80,D,YP,YP,D
9:54:33,JSMR,RG,3620,20,D,KK,YP,D
9:54:33,JSMR,RG,3620,1,D,YP,YP,D
9:54:33,JSMR,RG,3620,2,D,XC,YP,D
9:54:33,JSMR,RG,3620,5,F,ZP,YP,D
9:54:33,JSMR,RG,3620,10,D,NI,YP,D
9:54:33,JSMR,RG,3620,3,D,PD,YP,D
9:54:33,JSMR,RG,3620,5,D,PD,YP,D
9:54:33,JSMR,RG,3620,1,D,YB,YP,D
9:54:33,JSMR,RG,3620,2,D,NI,YP,D
9:54:33,JSMR,RG,3620,55,D,YP,YP,D
9:54:33,JSMR,RG,3620,20,D,DH,YP,D
9:54:33,JSMR,RG,3620,1,D,XC,YP,D
9:54:33,JSMR,RG,3620,5,D,SQ,YP,D
9:54:33,JSMR,RG,3620,7,D,DH,YP,D
9:54:33,JSMR,RG,3620,1,D,YB,YP,D
9:54:32,JSMR,RG,3620,1,F,YU,YP,D
9:54:32,JSMR,RG,3620,10,D,XC,YP,D
9:54:32,JSMR,RG,3620,3,D,CC,YP,D
9:54:32,JSMR,RG,3620,3,D,XC,YP,D
9:54:32,JSMR,RG,3620,56,D,PD,YP,D
9:54:32,JSMR,RG,3620,12,F,ZP,YP,D
9:54:32,JSMR,RG,3620,10,D,YP,YP,D
9:54:32,JSMR,RG,3620,5,D,XC,YP,D
9:54:23,JSMR,RG,3620,14,D,SQ,CC,F
9:54:17,JSMR,RG,3620,7,D,SQ,ZP,F
9:54:16,JSMR,RG,3620,47,D,SQ,CC,F
9:53:56,JSMR,RG,3620,1,D,SQ,LG,D
9:53:44,JSMR,RG,3620,10,D,SQ,KK,D
9:53:00,JSMR,RG,3620,70,D,SQ,YU,D
9:52:44,JSMR,RG,3620,1,D,SQ,NI,D
9:52:43,JSMR,RG,3620,4,D,SQ,LG,D
9:52:06,JSMR,RG,3620,4,D,SQ,ZP,F
9:51:43,JSMR,RG,3620,16,D,SQ,XC,D
9:51:36,JSMR,RG,3630,40,D,GR,BK,F
9:51:22,JSMR,RG,3620,12,D,SQ,CC,F
9:51:15,JSMR,RG,3620,15,D,SQ,DH,D
9:51:12,JSMR,RG,3620,24,D,SQ,BK,F
9:51:09,JSMR,RG,3620,22,D,SQ,BK,F
9:51:09,JSMR,RG,3620,80,D,SQ,ZP,F
9:51:09,JSMR,RG,3620,44,D,SQ,RX,F
9:50:55,JSMR,RG,3620,15,D,SQ,BK,F
9:50:49,JSMR,RG,3620,37,D,SQ,BK,F
9:50:45,JSMR,RG,3620,200,D,SQ,CC,D
9:50:40,JSMR,RG,3620,14,D,SQ,BK,F
9:50:36,JSMR,RG,3620,40,D,SQ,BK,F
9:50:32,JSMR,RG,3620,236,D,SQ,RX,F
9:50:30,JSMR,RG,3620,17,D,SQ,BK,F
9:50:25,JSMR,RG,3620,32,D,SQ,BK,F
9:50:21,JSMR,RG,3620,200,D,SQ,CC,D
9:50:21,JSMR,RG,3620,2,D,SQ,NI,D
9:50:10,JSMR,RG,3620,25,D,SQ,BK,F
9:50:04,JSMR,RG,3620,105,D,SQ,RX,F
9:50:04,JSMR,RG,3620,11,D,SQ,BK,F
9:50:04,JSMR,RG,3620,4,D,PD,BK,F
9:50:00,JSMR,RG,3620,57,D,PD,YU,D
9:49:54,JSMR,RG,3630,14,D,DH,BK,F
9:49:49,JSMR,RG,3620,50,D,PD,NI,D
9:49:49,JSMR,RG,3620,25,F,YU,NI,D
9:49:44,JSMR,RG,3620,15,F,YU,BK,F
9:49:44,JSMR,RG,3620,5,F,ZP,BK,F
9:49:44,JSMR,RG,3620,1,D,YP,BK,F
9:49:41,JSMR,RG,3620,19,D,YP,PD,D
9:49:41,JSMR,RG,3620,11,D,PD,PD,D
9:49:02,JSMR,RG,3620,14,D,PD,BK,F
9:49:00,JSMR,RG,3620,55,D,PD,YU,D
9:48:38,JSMR,RG,3620,28,D,PD,RX,F
9:48:33,JSMR,RG,3620,10,D,PD,PD,D
9:48:17,JSMR,RG,3620,14,D,PD,BK,F
9:48:14,JSMR,RG,3620,140,D,PD,RX,F
9:48:00,JSMR,RG,3620,28,D,PD,YU,D
9:48:00,JSMR,RG,3620,37,D,PD,YU,D
9:46:13,JSMR,RG,3620,17,D,PD,RX,F
9:46:00,JSMR,RG,3620,57,D,PD,YU,D
9:46:00,JSMR,RG,3620,11,D,DR,YU,D
9:46:00,JSMR,RG,3620,1,D,DR,YU,D
9:46:00,JSMR,RG,3620,2,D,DR,YU,D
9:46:00,JSMR,RG,3620,1,D,YP,YU,D
9:46:00,JSMR,RG,3620,1,D,XC,YU,D
9:46:00,JSMR,RG,3620,13,D,DH,YU,D
9:46:00,JSMR,RG,3620,1,D,YP,YU,D
9:46:00,JSMR,RG,3620,1,D,EP,YU,D
9:46:00,JSMR,RG,3620,18,D,PD,YU,D
9:46:00,JSMR,RG,3620,10,D,YP,YU,D
9:46:00,JSMR,RG,3620,2,D,YP,YU,D
9:46:00,JSMR,RG,3620,1,D,XC,YU,D
9:46:00,JSMR,RG,3620,6,D,CC,YU,D
9:45:56,JSMR,RG,3620,19,D,CC,RX,F
9:45:56,JSMR,RG,3620,1,D,XC,RX,F
9:45:56,JSMR,RG,3620,1,D,PD,RX,F
9:45:56,JSMR,RG,3620,20,D,XC,RX,F
9:45:56,JSMR,RG,3620,3,D,OD,RX,F
9:45:56,JSMR,RG,3620,1,D,OD,RX,F
9:45:56,JSMR,RG,3620,3,D,XL,RX,F
9:45:56,JSMR,RG,3620,10,D,PD,RX,F
9:45:56,JSMR,RG,3620,14,D,PD,RX,F
9:45:56,JSMR,RG,3620,1,D,NI,RX,F
9:45:56,JSMR,RG,3620,6,D,XC,RX,F
9:45:56,JSMR,RG,3620,2,D,DH,RX,F
9:45:56,JSMR,RG,3620,2,D,KK,RX,F
9:45:56,JSMR,RG,3620,2,D,DX,RX,F
9:45:56,JSMR,RG,3620,2,D,CC,RX,F
9:45:56,JSMR,RG,3620,2,D,YP,RX,F
9:45:56,JSMR,RG,3620,5,D,YB,RX,F
9:45:56,JSMR,RG,3620,10,D,DR,RX,F
9:45:56,JSMR,RG,3620,1,D,NI,RX,F
9:45:54,JSMR,RG,3620,19,D,NI,CC,D
9:45:54,JSMR,RG,3620,1,D,XA,CC,D
9:45:41,JSMR,RG,3620,5,D,XA,PD,D
9:44:04,JSMR,RG,3620,34,D,XA,RX,F
9:44:00,JSMR,RG,3620,71,D,XA,YU,D
9:43:59,JSMR,RG,3630,3,D,CC,BK,F
9:43:24,JSMR,RG,3620,16,D,XA,RX,F
9:43:06,JSMR,RG,3620,3,D,XA,PD,D
9:43:05,JSMR,RG,3620,17,D,XA,RX,F
9:43:00,JSMR,RG,3620,100,D,XA,YU,D
9:42:45,JSMR,RG,3620,20,D,XA,RX,F
9:42:20,JSMR,RG,3620,9,D,XA,RX,F
9:42:20,JSMR,RG,3620,5,D,PD,RX,F
9:42:20,JSMR,RG,3620,1,D,KK,RX,F
9:42:20,JSMR,RG,3620,1,D,NI,RX,F
9:42:20,JSMR,RG,3620,14,D,YP,RX,F
9:42:20,JSMR,RG,3620,2,D,KK,RX,F
9:42:20,JSMR,RG,3620,2,D,PD,RX,F
9:42:20,JSMR,RG,3620,56,D,GR,RX,F
9:42:00,JSMR,RG,3620,101,D,GR,YU,D
9:41:24,JSMR,RG,3620,1,D,GR,CC,D
9:41:13,JSMR,RG,3630,2,D,YP,BK,F
9:41:01,JSMR,RG,3630,5,D,CC,BK,F
9:40:32,JSMR,RG,3620,18,D,GR,RX,F
9:40:24,JSMR,RG,3620,1,D,GR,KK,D
9:40:09,JSMR,RG,3620,13,D,GR,RX,F
9:40:08,JSMR,RG,3620,1,D,GR,IP,D
9:40:00,JSMR,RG,3620,67,D,GR,YU,D
9:39:57,JSMR,RG,3620,2,D,GR,PD,D
9:39:54,JSMR,RG,3620,15,D,GR,RX,F
9:39:41,JSMR,RG,3630,21,D,PD,BK,F
9:39:41,JSMR,RG,3630,4,D,PD,YU,D
9:39:36,JSMR,RG,3620,16,D,GR,RX,F
9:39:30,JSMR,RG,3630,10,D,GR,YU,D
9:39:17,JSMR,RG,3630,3,D,CC,YU,D
9:39:15,JSMR,RG,3620,11,D,GR,RX,F
9:39:15,JSMR,RG,3620,1,D,DR,RX,F
9:39:15,JSMR,RG,3620,5,D,YP,RX,F
9:39:15,JSMR,RG,3620,1,D,YP,RX,F
9:39:15,JSMR,RG,3620,14,D,XL,RX,F
9:39:15,JSMR,RG,3620,2,D,XL,RX,F
9:39:15,JSMR,RG,3620,2,D,YB,RX,F
9:39:15,JSMR,RG,3620,1,D,YB,RX,F
9:39:15,JSMR,RG,3620,3,D,YP,RX,F
9:39:15,JSMR,RG,3620,20,D,SQ,RX,F
9:39:15,JSMR,RG,3620,10,D,DH,RX,F
9:39:15,JSMR,RG,3620,26,D,YP,RX,F
9:39:13,JSMR,RG,3620,24,D,YP,CC,D
9:39:13,JSMR,RG,3620,3,D,XC,CC,D
9:39:12,JSMR,RG,3630,2,D,PD,YU,D
9:39:00,JSMR,RG,3620,3,D,YP,YU,D
9:39:00,JSMR,RG,3620,1,D,EP,YU,D
9:39:00,JSMR,RG,3620,35,D,XL,YU,D
9:39:00,JSMR,RG,3620,2,D,YP,YU,D
9:39:00,JSMR,RG,3620,10,D,DR,YU,D
9:39:00,JSMR,RG,3620,9,D,YB,YU,D
9:39:00,JSMR,RG,3620,1,D,YB,YU,D
9:39:00,JSMR,RG,3620,1,D,XC,YU,D
9:39:00,JSMR,RG,3620,10,D,YP,YU,D
9:39:00,JSMR,RG,3620,2,D,YP,YU,D
9:39:00,JSMR,RG,3620,1,F,ZP,YU,D
9:39:00,JSMR,RG,3620,10,D,KK,YU,D
9:39:00,JSMR,RG,3620,1,D,YP,YU,D
9:39:00,JSMR,RG,3620,2,D,YP,YU,D
9:39:00,JSMR,RG,3620,5,D,CC,YU,D
9:39:00,JSMR,RG,3620,25,D,YP,YU,D
9:39:00,JSMR,RG,3620,17,D,YP,YU,D
9:38:33,JSMR,RG,3630,2,D,PD,YU,D
9:38:00,JSMR,RG,3630,5,D,PD,YU,D
9:37:56,JSMR,RG,3630,5,D,CC,ZP,F
9:37:46,JSMR,RG,3630,1,D,CC,YU,D
9:37:07,JSMR,RG,3630,1,D,XC,YU,D
9:36:00,JSMR,RG,3630,1,D,XC,YU,D
9:36:00,JSMR,RG,3630,10,D,DX,YU,D
9:36:00,JSMR,RG,3630,1,D,CC,YU,D
9:36:00,JSMR,RG,3630,2,F,ZP,YU,D
9:36:00,JSMR,RG,3630,2,D,DR,YU,D
9:36:00,JSMR,RG,3630,20,D,YP,YU,D
9:36:00,JSMR,RG,3630,2,D,XC,YU,D
9:36:00,JSMR,RG,3630,14,D,HP,YU,D
9:36:00,JSMR,RG,3630,10,D,YP,YU,D
9:36:00,JSMR,RG,3630,1,F,ZP,YU,D
9:36:00,JSMR,RG,3630,15,D,PD,YU,D
9:35:47,JSMR,RG,3630,15,D,PD,NI,D
9:35:32,JSMR,RG,3630,1,D,PD,IF,D
9:35:31,JSMR,RG,3630,3,D,PD,ZP,F
9:35:30,JSMR,RG,3630,21,D,PD,YP,D
9:35:30,JSMR,RG,3630,2,D,DX,YP,D
9:35:30,JSMR,RG,3630,1,D,XC,YP,D
9:35:30,JSMR,RG,3630,8,D,YP,YP,D
9:35:30,JSMR,RG,3630,107,D,PD,YP,D
9:35:12,JSMR,RG,3630,3,D,PD,ZP,F
9:35:12,JSMR,RG,3630,1,D,PD,BK,F
9:35:12,JSMR,RG,3630,1,D,XC,BK,F
9:35:12,JSMR,RG,3630,6,D,YP,BK,F
9:35:12,JSMR,RG,3630,20,D,OD,BK,F
9:35:12,JSMR,RG,3630,3,D,DR,BK,F
9:35:12,JSMR,RG,3630,58,D,PD,BK,F
9:35:05,JSMR,RG,3630,5,D,PD,NI,D
9:34:56,JSMR,RG,3630,1,D,PD,YP,D
9:34:54,JSMR,RG,3630,47,D,PD,YP,D
9:34:54,JSMR,RG,3630,2,D,CC,YP,D
9:34:53,JSMR,RG,3630,1,D,CC,BK,F
9:34:53,JSMR,RG,3630,7,F,ZP,BK,F
9:34:53,JSMR,RG,3630,12,D,PD,BK,F
9:34:41,JSMR,RG,3630,42,D,PD,ZP,F
9:34:41,JSMR,RG,3630,200,D,PD,NI,D
9:34:39,JSMR,RG,3630,5,D,PD,AG,D
9:33:03,JSMR,RG,3630,1,D,PD,YP,D
9:32:41,JSMR,RG,3630,3,D,PD,PD,D
9:32:30,JSMR,RG,3640,1,D,XC,YP,D
9:32:08,JSMR,RG,3640,1,D,DR,YP,D
9:31:56,JSMR,RG,3630,5,D,PD,LG,D
9:31:28,JSMR,RG,3630,1,D,PD,NI,D
9:31:17,JSMR,RG,3630,27,D,PD,YU,D
9:31:17,JSMR,RG,3630,2,D,PD,OD,D
9:31:17,JSMR,RG,3630,27,D,PD,YU,D
9:31:17,JSMR,RG,3630,56,D,PD,BK,F
9:31:17,JSMR,RG,3630,60,D,PD,CC,F
9:31:17,JSMR,RG,3630,2,D,PD,CC,D
9:31:17,JSMR,RG,3630,12,D,PD,GR,D
9:31:17,JSMR,RG,3630,34,D,PD,BK,F
9:31:17,JSMR,RG,3630,215,D,PD,RX,F
9:31:17,JSMR,RG,3630,2,D,PD,LG,D
9:31:17,JSMR,RG,3630,31,D,PD,YU,D
9:31:17,JSMR,RG,3630,50,D,PD,PD,D
9:31:17,JSMR,RG,3630,28,D,PD,YU,D
9:31:17,JSMR,RG,3630,1,D,PD,LG,D
9:31:17,JSMR,RG,3630,24,D,PD,YU,D
9:31:17,JSMR,RG,3630,21,D,PD,BK,F
9:31:17,JSMR,RG,3630,3,D,PD,XC,D
9:31:17,JSMR,RG,3630,24,D,PD,YU,D
9:31:17,JSMR,RG,3630,103,D,PD,RX,F
9:31:17,JSMR,RG,3630,25,D,PD,YU,D
9:31:17,JSMR,RG,3630,1,D,PD,DR,D
9:31:17,JSMR,RG,3630,1,D,PD,XC,D
9:31:17,JSMR,RG,3630,61,D,PD,BK,F
9:31:17,JSMR,RG,3630,2,D,PD,ZP,F
9:31:17,JSMR,RG,3630,30,D,PD,YP,D
9:31:00,JSMR,RG,3620,54,D,YP,YU,D
9:30:19,JSMR,RG,3630,10,D,YP,YP,D
9:30:13,JSMR,RG,3630,25,D,DH,YP,D
9:29:35,JSMR,RG,3630,1,D,CC,YP,D
9:29:09,JSMR,RG,3620,1,D,YP,NI,D
9:29:00,JSMR,RG,3620,54,D,YP,YU,D
9:28:43,JSMR,RG,3630,12,D,YP,YP,D
9:28:40,JSMR,RG,3620,1,D,YP,XC,D
9:27:21,JSMR,RG,3620,94,D,YP,YP,D
9:26:50,JSMR,RG,3620,1,D,YP,XC,D
9:25:51,JSMR,RG,3620,3,D,YP,XC,D
9:25:31,JSMR,RG,3620,5,D,YP,NI,D
9:25:06,JSMR,RG,3630,5,D,CC,YP,D
9:25:06,JSMR,RG,3630,100,D,ZP,YP,D
9:25:06,JSMR,RG,3630,1,D,EP,YP,D
9:25:06,JSMR,RG,3630,1,F,ZP,YP,D
9:25:06,JSMR,RG,3630,15,D,YP,YP,D
9:25:00,JSMR,RG,3630,3,D,YP,XC,D
9:24:55,JSMR,RG,3630,2,D,YP,XL,D
9:24:53,JSMR,RG,3630,5,D,YP,OD,D
9:23:47,JSMR,RG,3630,6,F,ZP,BK,F
9:23:46,JSMR,RG,3630,36,D,YP,BK,F
9:23:46,JSMR,RG,3630,29,D,YP,YU,D
9:23:46,JSMR,RG,3630,38,D,YP,YU,D
9:23:46,JSMR,RG,3630,2,D,YP,BK,F
9:23:46,JSMR,RG,3630,4,D,YP,NI,D
9:23:46,JSMR,RG,3630,23,D,YP,YU,D
9:23:46,JSMR,RG,3630,1,D,YP,XC,D
9:23:46,JSMR,RG,3630,1,D,YP,XL,D
9:23:46,JSMR,RG,3630,30,D,YP,ZP,F
9:23:46,JSMR,RG,3630,20,D,YP,GR,D
9:23:46,JSMR,RG,3630,237,D,YP,RX,F
9:23:46,JSMR,RG,3630,10,D,YP,PD,D
9:23:46,JSMR,RG,3630,10,D,YP,NI,D
9:23:46,JSMR,RG,3630,10,D,YP,NI,D
9:23:46,JSMR,RG,3630,1,D,YP,XC,D
9:23:46,JSMR,RG,3630,139,D,YP,YP,D
9:23:46,JSMR,RG,3630,323,D,YP,RX,F
9:23:46,JSMR,RG,3630,5,D,YP,CC,D
9:23:46,JSMR,RG,3630,20,D,YP,CC,F
9:23:46,JSMR,RG,3630,23,D,YP,YU,D
9:23:46,JSMR,RG,3630,20,D,YP,PD,D
9:23:46,JSMR,RG,3630,18,D,YP,YU,D
9:23:07,JSMR,RG,3620,40,D,YP,RX,F
9:22:48,JSMR,RG,3630,2,D,XC,YU,D
9:22:38,JSMR,RG,3630,3,D,XC,YU,D
9:22:37,JSMR,RG,3620,41,D,YP,RX,F
9:22:11,JSMR,RG,3630,3,D,LG,YU,D
9:22:05,JSMR,RG,3620,194,D,YP,RX,F
9:21:46,JSMR,RG,3630,1,D,PD,YU,D
9:21:32,JSMR,RG,3620,13,D,YP,RX,F
9:20:49,JSMR,RG,3630,15,D,XC,YU,D
9:20:49,JSMR,RG,3630,1,D,XC,YU,D
9:20:49,JSMR,RG,3620,10,D,YP,XC,D
9:20:49,JSMR,RG,3630,33,D,LG,YU,D
9:20:49,JSMR,RG,3630,1,D,LG,EP,D
9:20:49,JSMR,RG,3630,10,D,LG,BK,F
9:20:49,JSMR,RG,3630,1,D,LG,YP,D
9:20:49,JSMR,RG,3630,7,D,LG,PD,D
9:20:49,JSMR,RG,3630,13,D,LG,ZP,F
9:20:49,JSMR,RG,3630,33,D,LG,YU,D
9:20:49,JSMR,RG,3630,2,D,LG,YU,D
9:20:40,JSMR,RG,3630,24,D,YP,YU,D
9:20:40,JSMR,RG,3630,11,D,YP,NI,D
9:20:40,JSMR,RG,3630,1,D,YP,PD,D
9:20:40,JSMR,RG,3630,24,D,YP,YU,D
9:20:40,JSMR,RG,3630,3,D,YP,YP,D
9:20:40,JSMR,RG,3630,15,D,YP,CC,D
9:20:40,JSMR,RG,3630,1,D,YP,XC,D
9:20:40,JSMR,RG,3630,3,D,YP,AI,D
9:20:39,JSMR,RG,3620,1,D,YP,LG,D
9:20:39,JSMR,RG,3630,3,D,YB,AI,D
9:19:35,JSMR,RG,3620,33,D,YP,RX,F
9:19:26,JSMR,RG,3630,65,D,KK,AI,D
9:19:25,JSMR,RG,3630,2,D,YU,AI,D
9:19:15,JSMR,RG,3620,33,D,YP,RX,F
9:19:08,JSMR,RG,3620,1,D,YP,PD,D
9:19:00,JSMR,RG,3620,62,D,YP,YU,D
9:18:57,JSMR,RG,3630,9,D,AZ,AI,D
9:18:55,JSMR,RG,3620,36,D,YP,RX,F
9:18:48,JSMR,RG,3630,5,D,KK,AI,D
9:18:33,JSMR,RG,3620,35,D,YP,RX,F
9:18:26,JSMR,RG,3620,2,D,YP,NI,D
9:18:10,JSMR,RG,3620,22,D,YP,RX,F
9:18:00,JSMR,RG,3620,66,D,YP,YU,D
9:17:22,JSMR,RG,3630,8,D,XC,AI,D
9:17:09,JSMR,RG,3630,1,D,YB,AI,D
9:16:52,JSMR,RG,3630,4,F,ZP,AI,D
9:16:51,JSMR,RG,3630,10,D,YU,RX,F
9:16:41,JSMR,RG,3630,2,D,PD,RX,F
9:16:15,JSMR,RG,3630,200,D,LG,RX,F
9:16:13,JSMR,RG,3620,72,D,YP,RX,F
9:16:12,JSMR,RG,3620,3,D,YP,XC,D
9:16:11,JSMR,RG,3620,14,D,YP,RX,F
9:16:00,JSMR,RG,3620,46,D,YP,YU,D
9:15:49,JSMR,RG,3630,40,D,YP,RX,F
9:15:49,JSMR,RG,3630,10,D,YP,CC,F
9:15:14,JSMR,RG,3630,1,D,XC,CC,F
9:15:08,JSMR,RG,3630,18,D,LG,CC,F
9:15:08,JSMR,RG,3630,23,D,LG,YU,D
9:15:08,JSMR,RG,3630,29,D,LG,YU,D
9:15:08,JSMR,RG,3630,28,D,LG,YP,D
9:15:08,JSMR,RG,3630,2,D,LG,YP,D
9:15:06,JSMR,RG,3630,1,D,PD,YP,D
9:14:59,JSMR,RG,3630,2,D,YB,YP,D
9:14:20,JSMR,RG,3630,10,D,EP,YP,D
9:14:11,JSMR,RG,3620,10,D,YP,PD,D
9:14:07,JSMR,RG,3630,1,D,PD,YP,D
9:14:06,JSMR,RG,3630,2,D,EP,YP,D
9:13:57,JSMR,RG,3620,8,D,YP,PD,D
9:13:45,JSMR,RG,3630,5,D,YP,YP,D
9:13:37,JSMR,RG,3630,35,D,KK,YP,D
9:13:37,JSMR,RG,3630,5,D,KK,PD,D
9:13:37,JSMR,RG,3630,1,D,KK,ZP,F
9:13:37,JSMR,RG,3630,9,D,KK,XA,D
9:13:36,JSMR,RG,3620,28,D,YP,XC,D
9:13:36,JSMR,RG,3620,1,D,DH,XC,D
9:13:36,JSMR,RG,3620,6,D,YP,XC,D
9:13:30,JSMR,RG,3630,6,D,XL,XA,D
9:13:29,JSMR,RG,3630,1,D,EP,XA,D
9:13:01,JSMR,RG,3630,2,D,NI,XA,D
9:12:50,JSMR,RG,3630,2,D,YB,XA,D
9:12:36,JSMR,RG,3620,94,D,YP,PD,D
9:12:36,JSMR,RG,3620,1,D,BQ,PD,D
9:12:36,JSMR,RG,3620,15,D,DR,PD,D
9:12:36,JSMR,RG,3620,40,D,YB,PD,D
9:12:34,JSMR,RG,3630,20,D,YP,XA,D
9:12:23,JSMR,RG,3630,1,D,YB,XA,D
9:11:55,JSMR,RG,3630,1,D,PD,XA,D
9:11:55,JSMR,RG,3630,2,D,XC,XA,D
9:11:55,JSMR,RG,3630,2,D,CC,XA,D
9:11:55,JSMR,RG,3630,25,D,YP,XA,D
9:11:55,JSMR,RG,3630,1,D,XC,XA,D
9:11:55,JSMR,RG,3630,28,D,LG,XA,D
9:10:59,JSMR,RG,3630,2,D,LG,SQ,D
9:10:59,JSMR,RG,3630,1,F,ZP,SQ,D
9:10:59,JSMR,RG,3630,17,D,YP,SQ,D
9:10:46,JSMR,RG,3630,10,D,YP,XC,D
9:10:44,JSMR,RG,3630,3,D,YP,CC,D
9:10:35,JSMR,RG,3630,38,D,YP,YU,D
9:10:35,JSMR,RG,3630,30,D,YP,YU,D
9:10:35,JSMR,RG,3630,1,D,YP,ZP,F
9:10:35,JSMR,RG,3630,3,D,YP,CC,D
9:10:35,JSMR,RG,3630,125,D,YP,RX,F
9:10:35,JSMR,RG,3630,3,D,YP,ZP,F
9:10:35,JSMR,RG,3630,46,D,YP,CP,D
9:10:34,JSMR,RG,3630,2,D,XC,CP,D
9:10:29,JSMR,RG,3630,11,D,YP,CP,D
9:10:23,JSMR,RG,3630,41,D,YP,CP,D
9:10:23,JSMR,RG,3630,9,D,YP,YU,D
9:10:16,JSMR,RG,3630,6,D,XL,YU,D
9:10:01,JSMR,RG,3630,8,D,DX,YU,D
9:09:37,JSMR,RG,3630,1,D,DR,YU,D
9:09:37,JSMR,RG,3630,9,D,DR,XC,D
9:09:24,JSMR,RG,3630,11,D,XC,XC,D
9:09:24,JSMR,RG,3630,1,D,XC,YP,D
9:09:21,JSMR,RG,3630,1,D,YP,YP,D
9:09:11,JSMR,RG,3630,3,D,YP,YP,D
9:09:11,JSMR,RG,3630,24,D,YP,YU,D
9:09:11,JSMR,RG,3630,6,D,YP,LG,D
9:09:11,JSMR,RG,3630,2,D,YP,YP,D
9:09:11,JSMR,RG,3630,1,D,YP,YP,D
9:09:11,JSMR,RG,3630,19,D,YP,YU,D
9:09:04,JSMR,RG,3630,5,D,YP,YU,D
9:08:52,JSMR,RG,3630,1,D,XC,YU,D
9:08:47,JSMR,RG,3630,1,D,EP,YU,D
9:08:46,JSMR,RG,3630,7,D,XC,YU,D
9:08:46,JSMR,RG,3630,3,D,XC,YU,D
9:08:42,JSMR,RG,3630,20,D,NI,YU,D
9:08:37,JSMR,RG,3630,1,D,PD,YU,D
9:08:37,JSMR,RG,3630,3,D,LG,YU,D
9:08:37,JSMR,RG,3630,3,D,LG,DH,D
9:08:37,JSMR,RG,3630,28,D,LG,EP,D
9:08:37,JSMR,RG,3630,60,D,LG,DH,D
9:08:37,JSMR,RG,3630,1,D,LG,NI,D
9:08:37,JSMR,RG,3630,3,D,LG,ZP,F
9:08:37,JSMR,RG,3630,2,D,LG,YP,D
9:08:26,JSMR,RG,3630,10,D,YU,YP,D
9:08:15,JSMR,RG,3630,1,D,DR,YP,D
9:08:00,JSMR,RG,3630,6,D,YP,YP,D
9:07:59,JSMR,RG,3630,1,D,LG,YP,D
9:07:52,JSMR,RG,3630,100,D,CC,YP,D
9:07:47,JSMR,RG,3620,7,D,YB,NI,D
9:07:46,JSMR,RG,3630,6,D,YP,YP,D
9:07:42,JSMR,RG,3630,3,D,CC,YP,D
9:07:38,JSMR,RG,3630,3,D,XC,YP,D
9:07:35,JSMR,RG,3630,1,D,XC,YP,D
9:07:28,JSMR,RG,3630,1,F,ZP,YP,D
9:07:28,JSMR,RG,3630,45,D,XC,YP,D
9:07:28,JSMR,RG,3630,1,D,PD,YP,D
9:07:28,JSMR,RG,3630,9,D,PD,YP,D
9:07:28,JSMR,RG,3630,11,D,PD,YP,D
9:07:19,JSMR,RG,3630,3,D,PD,PD,D
9:07:19,JSMR,RG,3630,1,D,LG,PD,D
9:07:19,JSMR,RG,3630,10,D,YP,PD,D
9:07:19,JSMR,RG,3630,1,D,XL,PD,D
9:07:19,JSMR,RG,3630,5,D,CC,PD,D
9:07:12,JSMR,RG,3640,7,D,XC,NI,D
9:07:12,JSMR,RG,3640,8,D,XC,YU,D
9:07:08,JSMR,RG,3640,2,D,XC,YU,D
9:06:48,JSMR,RG,3630,1,F,ZP,CC,D
9:06:48,JSMR,RG,3630,1,D,XC,CC,D
9:06:29,JSMR,RG,3640,25,D,LG,YU,D
9:06:29,JSMR,RG,3640,54,D,LG,RX,F
9:06:29,JSMR,RG,3640,15,D,LG,CC,D
9:06:29,JSMR,RG,3640,4,D,LG,YP,D
9:06:29,JSMR,RG,3640,5,D,LG,CC,D
9:06:29,JSMR,RG,3640,725,D,LG,RX,F
9:06:29,JSMR,RG,3640,61,D,LG,CC,D
9:06:29,JSMR,RG,3640,1,D,LG,PD,D
9:06:29,JSMR,RG,3640,27,D,LG,YU,D
9:06:29,JSMR,RG,3640,1,D,LG,KK,D
9:06:29,JSMR,RG,3640,5,D,LG,PD,D
9:06:29,JSMR,RG,3640,100,D,LG,YP,D
9:06:29,JSMR,RG,3640,10,D,LG,CC,D
9:06:29,JSMR,RG,3640,2,D,LG,NI,D
9:06:29,JSMR,RG,3640,24,D,LG,YU,D
9:06:29,JSMR,RG,3640,5,D,LG,XC,D
9:06:29,JSMR,RG,3640,10,D,LG,AZ,D
9:06:29,JSMR,RG,3640,10,D,LG,SQ,D
9:06:29,JSMR,RG,3640,25,D,LG,NI,D
9:06:29,JSMR,RG,3640,2,D,LG,LS,D
9:06:29,JSMR,RG,3640,12,D,LG,ZP,F
9:06:29,JSMR,RG,3640,738,D,LG,NI,D
9:06:29,JSMR,RG,3630,41,D,LG,YU,D
9:06:29,JSMR,RG,3630,2,D,LG,ZP,F
9:06:29,JSMR,RG,3630,96,D,LG,PD,D
9:06:21,JSMR,RG,3630,1,F,ZP,PD,D
9:06:21,JSMR,RG,3630,2,D,XC,PD,D
9:06:21,JSMR,RG,3630,20,D,HP,PD,D
9:06:21,JSMR,RG,3630,3,D,YP,PD,D
9:06:21,JSMR,RG,3630,1,D,XC,PD,D
9:06:21,JSMR,RG,3630,4,D,XC,PD,D
9:06:21,JSMR,RG,3630,12,D,DR,PD,D
9:06:19,JSMR,RG,3630,8,D,DR,YP,D
9:06:19,JSMR,RG,3630,100,D,YP,YP,D
9:06:19,JSMR,RG,3630,3,D,XC,YP,D
9:06:19,JSMR,RG,3630,2,D,YP,YP,D
9:06:19,JSMR,RG,3630,5,D,NI,YP,D
9:06:19,JSMR,RG,3630,1,D,YP,YP,D
9:06:19,JSMR,RG,3630,10,D,KK,YP,D
9:06:19,JSMR,RG,3630,2,D,XC,YP,D
9:06:19,JSMR,RG,3630,1,D,YP,YP,D
9:06:19,JSMR,RG,3630,5,D,OD,YP,D
9:06:19,JSMR,RG,3630,1,D,DH,YP,D
9:06:19,JSMR,RG,3630,200,D,CC,YP,D
9:06:19,JSMR,RG,3630,2,D,YP,YP,D
9:06:19,JSMR,RG,3630,5,D,YP,YP,D
9:06:19,JSMR,RG,3630,14,D,YP,YP,D
9:06:19,JSMR,RG,3630,5,D,YP,YP,D
9:06:19,JSMR,RG,3630,3,D,YP,YP,D
9:06:19,JSMR,RG,3630,1,F,ZP,YP,D
9:06:19,JSMR,RG,3630,132,D,YP,YP,D
9:06:09,JSMR,RG,3630,27,D,YP,YB,D
9:06:06,JSMR,RG,3630,100,D,YP,CC,D
9:06:04,JSMR,RG,3630,5,D,YP,SQ,D
9:06:04,JSMR,RG,3640,1,D,NI,NI,D
9:06:04,JSMR,RG,3630,190,D,YP,AK,F
9:05:54,JSMR,RG,3640,5,D,XC,NI,D
9:05:47,JSMR,RG,3640,2,D,PD,NI,D
9:05:41,JSMR,RG,3630,30,D,YP,CC,D
9:05:40,JSMR,RG,3630,8,D,YP,NI,D
9:05:37,JSMR,RG,3630,30,D,YP,YP,D
9:05:11,JSMR,RG,3630,14,D,YP,YP,D
9:04:58,JSMR,RG,3630,200,D,YP,CC,D
9:04:51,JSMR,RG,3630,77,D,YP,CC,D
9:04:45,JSMR,RG,3640,4,D,XC,NI,D
9:04:45,JSMR,RG,3640,2,D,XC,NI,D
9:04:45,JSMR,RG,3640,5,D,XC,RX,F
9:04:38,JSMR,RG,3640,6,D,XL,RX,F
9:04:07,JSMR,RG,3640,2,D,PD,RX,F
9:04:05,JSMR,RG,3630,8,D,YP,CC,D
9:03:59,JSMR,RG,3640,21,D,YP,RX,F
9:03:47,JSMR,RG,3640,26,D,XL,RX,F
9:03:47,JSMR,RG,3640,2,D,XL,ZP,F
9:03:36,JSMR,RG,3640,2,D,LG,ZP,F
9:03:30,JSMR,RG,3640,190,F,AK,IF,D
9:03:29,JSMR,RG,3640,1,D,GR,IF,D
9:03:29,JSMR,RG,3640,3,F,ZP,IF,D
9:03:29,JSMR,RG,3640,412,D,LG,IF,D
9:03:29,JSMR,RG,3640,28,D,PD,IF,D
9:03:29,JSMR,RG,3640,8,D,YP,IF,D
9:03:29,JSMR,RG,3640,25,D,YP,IF,D
9:03:29,JSMR,RG,3640,70,D,LG,IF,D
9:03:29,JSMR,RG,3640,25,D,XC,IF,D
9:03:29,JSMR,RG,3640,15,D,KK,IF,D
9:03:29,JSMR,RG,3640,1,D,YP,IF,D
9:03:29,JSMR,RG,3640,8,D,XC,IF,D
9:03:29,JSMR,RG,3640,1,F,ZP,IF,D
9:03:29,JSMR,RG,3640,17,F,BK,IF,D
9:03:29,JSMR,RG,3640,20,D,YP,IF,D
9:03:29,JSMR,RG,3640,56,D,YP,IF,D
9:03:29,JSMR,RG,3640,3,D,XC,IF,D
9:03:29,JSMR,RG,3640,56,D,YP,IF,D
9:03:29,JSMR,RG,3640,1,D,YP,IF,D
9:03:29,JSMR,RG,3640,50,D,YP,IF,D
9:03:29,JSMR,RG,3640,5,D,YP,IF,D
9:03:29,JSMR,RG,3640,5,F,BK,IF,D
9:03:25,JSMR,RG,3650,249,D,YP,RX,F
9:03:25,JSMR,RG,3650,7,D,YP,ZP,F
9:03:25,JSMR,RG,3650,2,D,YP,CC,D
9:03:25,JSMR,RG,3650,2,D,YP,YP,D
9:03:25,JSMR,RG,3650,5,D,YP,CC,D
9:03:25,JSMR,RG,3650,28,D,YP,YU,D
9:03:25,JSMR,RG,3650,52,D,YP,YU,D
9:03:25,JSMR,RG,3650,42,D,YP,YU,D
9:03:25,JSMR,RG,3650,100,D,YP,DR,D
9:03:25,JSMR,RG,3650,6,D,YP,ZP,F
9:03:25,JSMR,RG,3650,2,D,YP,KK,D
9:03:25,JSMR,RG,3650,5,D,YP,LS,D
9:03:24,JSMR,RG,3640,1,F,BK,YU,D
9:03:16,JSMR,RG,3640,20,F,BK,YP,D
9:03:12,JSMR,RG,3640,1,F,BK,XL,D
9:03:12,JSMR,RG,3640,20,F,BK,PD,D
9:03:04,JSMR,RG,3640,1,F,BK,XC,D
9:02:59,JSMR,RG,3640,15,F,BK,NI,D
9:02:59,JSMR,RG,3640,1,F,ZP,NI,D
9:02:59,JSMR,RG,3640,3,D,DH,NI,D
9:02:57,JSMR,RG,3640,1,D,DH,XC,D
9:02:57,JSMR,RG,3650,1,D,YP,LS,D
9:02:50,JSMR,RG,3650,24,D,YP,LS,D
9:02:50,JSMR,RG,3650,5,D,YP,YP,D
9:02:50,JSMR,RG,3650,5,D,YP,OD,D
9:02:50,JSMR,RG,3650,4,D,YP,CC,D
9:02:50,JSMR,RG,3650,4,D,YP,YP,D
9:02:50,JSMR,RG,3650,100,D,YP,CC,D
9:02:50,JSMR,RG,3650,100,D,YP,DH,D
9:02:50,JSMR,RG,3650,58,D,YP,TP,D
9:02:49,JSMR,RG,3640,13,D,DH,SQ,D
9:02:46,JSMR,RG,3640,3,D,DH,HP,D
9:02:41,JSMR,RG,3650,192,D,BB,TP,D
9:02:40,JSMR,RG,3640,39,D,BB,YP,D
9:02:38,JSMR,RG,3640,1,F,ZP,YP,D
9:02:38,JSMR,RG,3640,42,D,BB,YP,D
9:02:38,JSMR,RG,3640,1,D,LG,YP,D
9:02:36,JSMR,RG,3650,750,D,LG,TP,D
9:02:36,JSMR,RG,3650,4,D,LG,PD,D
9:02:36,JSMR,RG,3650,4,D,LG,EP,D
9:02:36,JSMR,RG,3650,6,D,LG,PD,D
9:02:36,JSMR,RG,3650,10,D,LG,YB,D
9:02:36,JSMR,RG,3650,1,D,LG,KK,D
9:02:36,JSMR,RG,3650,11,D,LG,EP,D
9:02:36,JSMR,RG,3640,20,D,LG,YP,D
9:02:36,JSMR,RG,3640,12,D,LG,RX,F
9:02:36,JSMR,RG,3640,50,D,LG,EP,D
9:02:36,JSMR,RG,3640,22,D,LG,RX,F
9:02:36,JSMR,RG,3640,3,D,LG,NI,D
9:02:36,JSMR,RG,3640,60,D,LG,CC,D
9:02:36,JSMR,RG,3640,15,D,LG,YP,D
9:02:36,JSMR,RG,3640,5,D,LG,CC,D
9:02:36,JSMR,RG,3640,27,D,LG,RX,F
9:02:35,JSMR,RG,3640,2,D,KK,RX,F
9:02:35,JSMR,RG,3640,3,D,KK,ZP,F
9:02:35,JSMR,RG,3640,5,D,KK,XC,D
9:02:35,JSMR,RG,3640,1,D,BQ,XC,D
9:02:34,JSMR,RG,3640,4,D,BB,XC,D
9:02:34,JSMR,RG,3640,2,D,BB,SQ,D
9:02:34,JSMR,RG,3640,20,D,YP,SQ,D
9:02:33,JSMR,RG,3640,56,D,YP,SQ,D
9:02:27,JSMR,RG,3640,10,D,YP,SQ,D
9:02:25,JSMR,RG,3640,1,D,YP,SQ,D
9:02:25,JSMR,RG,3640,2,D,BB,SQ,D
9:02:24,JSMR,RG,3640,1,F,ZP,SQ,D
9:02:18,JSMR,RG,3640,4,D,DH,SQ,D
9:02:16,JSMR,RG,3640,2,D,BB,SQ,D
9:02:14,JSMR,RG,3640,2,D,DH,SQ,D
9:02:07,JSMR,RG,3640,1,D,YP,RX,F
9:02:07,JSMR,RG,3640,14,D,BB,RX,F
9:02:07,JSMR,RG,3640,1,D,BB,DH,D
9:01:59,JSMR,RG,3630,1,D,YP,KK,D
9:01:59,JSMR,RG,3640,1,D,BB,DH,D
9:01:58,JSMR,RG,3640,28,D,DH,DH,D
9:01:58,JSMR,RG,3630,2,D,YP,XC,D
9:01:49,JSMR,RG,3630,1,D,YP,XC,D
9:01:40,JSMR,RG,3640,12,D,BB,DH,D
9:01:40,JSMR,RG,3640,1,D,BB,CP,D
9:01:31,JSMR,RG,3640,1,F,ZP,BK,F
9:01:29,JSMR,RG,3640,18,D,CC,BK,F
9:01:29,JSMR,RG,3640,7,D,CC,RX,F
9:01:28,JSMR,RG,3640,113,D,BB,RX,F
9:01:28,JSMR,RG,3640,5,D,BB,ZP,F
9:01:28,JSMR,RG,3640,23,D,BB,BK,F
9:01:28,JSMR,RG,3640,2,D,BB,YP,D
9:01:28,JSMR,RG,3640,25,D,BB,YU,D
9:01:28,JSMR,RG,3640,47,D,BB,YU,D
9:01:28,JSMR,RG,3640,14,D,BB,YU,D
9:01:27,JSMR,RG,3640,1,D,DH,YU,D
9:01:24,JSMR,RG,3640,22,D,YP,YU,D
9:01:24,JSMR,RG,3640,3,D,YP,KK,D
9:01:24,JSMR,RG,3640,12,D,CC,KK,D
9:01:24,JSMR,RG,3640,20,D,CC,XC,D
9:01:24,JSMR,RG,3640,3,D,CC,ZP,F
9:01:24,JSMR,RG,3640,103,D,CC,CC,D
9:01:24,JSMR,RG,3640,62,D,CC,YU,D
9:01:21,JSMR,RG,3640,5,D,YP,YU,D
9:01:20,JSMR,RG,3640,3,D,YP,YU,D
9:01:18,JSMR,RG,3640,9,D,PD,YU,D
9:01:18,JSMR,RG,3640,10,D,KK,YU,D
9:01:17,JSMR,RG,3640,69,D,BB,YU,D
9:01:17,JSMR,RG,3640,4,D,BB,YP,D
9:01:14,JSMR,RG,3630,2,D,YP,YP,D
9:01:14,JSMR,RG,3630,1,D,YP,XC,D
9:01:14,JSMR,RG,3630,27,D,YP,BK,F
9:01:14,JSMR,RG,3630,4,D,YP,ZP,F
9:01:14,JSMR,RG,3630,141,D,YP,RX,F
9:01:14,JSMR,RG,3630,1,F,ZP,RX,F
9:01:13,JSMR,RG,3630,25,D,YP,RX,F
9:01:11,JSMR,RG,3630,5,D,CC,RX,F
9:01:09,JSMR,RG,3630,5,D,OD,RX,F
9:01:09,JSMR,RG,3630,2,D,XC,RX,F
9:01:07,JSMR,RG,3630,248,D,BB,RX,F
9:01:05,JSMR,RG,3630,4,D,XC,RX,F
9:01:04,JSMR,RG,3630,58,D,LG,RX,F
9:01:04,JSMR,RG,3630,5,D,LG,YP,D
9:01:04,JSMR,RG,3630,37,D,LG,BK,F
9:01:03,JSMR,RG,3630,8,D,LG,BK,F
9:01:03,JSMR,RG,3630,1,D,LG,YP,D
9:01:03,JSMR,RG,3630,5,D,LG,ZP,F
9:01:03,JSMR,RG,3630,267,D,LG,CC,F
9:01:03,JSMR,RG,3630,6,D,LG,ZP,F
9:01:03,JSMR,RG,3630,5,D,LG,CC,D
9:01:03,JSMR,RG,3630,120,D,LG,BK,F
9:01:02,JSMR,RG,3630,12,D,BB,BK,F
9:01:01,JSMR,RG,3630,136,D,LG,BK,F
9:00:59,JSMR,RG,3630,10,D,YP,BK,F
9:00:59,JSMR,RG,3630,16,D,YP,BK,F
9:00:56,JSMR,RG,3630,10,D,AZ,BK,F
9:00:54,JSMR,RG,3630,5,D,YP,BK,F
9:00:48,JSMR,RG,3630,13,D,KZ,BK,F
9:00:48,JSMR,RG,3630,4,D,KZ,PD,D
9:00:46,JSMR,RG,3630,15,D,BB,PD,D
9:00:45,JSMR,RG,3630,5,D,KZ,PD,D
9:00:45,JSMR,RG,3630,30,D,DH,PD,D
9:00:45,JSMR,RG,3630,1,F,ZP,PD,D
9:00:45,JSMR,RG,3630,38,D,BB,PD,D
9:00:45,JSMR,RG,3630,7,D,DR,PD,D
9:00:43,JSMR,RG,3630,3,D,DR,CC,D
9:00:43,JSMR,RG,3630,1,F,ZP,CC,D
9:00:43,JSMR,RG,3630,1,D,BQ,CC,D
9:00:41,JSMR,RG,3640,10,D,KZ,RX,F
9:00:40,JSMR,RG,3640,295,D,BB,RX,F
9:00:40,JSMR,RG,3640,50,D,BB,CC,F
9:00:40,JSMR,RG,3640,11,D,BB,ZP,F
9:00:40,JSMR,RG,3640,10,D,BB,YB,D
9:00:40,JSMR,RG,3640,4,D,BB,PD,D
9:00:40,JSMR,RG,3640,75,D,BB,IF,D
9:00:39,JSMR,RG,3640,16,D,PD,IF,D
9:00:37,JSMR,RG,3640,5,D,KZ,IF,D
9:00:34,JSMR,RG,3640,11,D,AZ,IF,D
9:00:34,JSMR,RG,3630,3,D,KZ,BK,F
9:00:32,JSMR,RG,3630,47,D,KZ,YU,D
9:00:30,JSMR,RG,3640,11,D,AZ,IF,D
9:00:26,JSMR,RG,3640,23,D,KZ,IF,D
9:00:26,JSMR,RG,3640,23,D,KZ,IF,D
9:00:23,JSMR,RG,3640,1,D,XC,IF,D
9:00:22,JSMR,RG,3630,10,D,KZ,ZP,F
9:00:22,JSMR,RG,3630,6,D,KZ,YP,D
9:00:22,JSMR,RG,3630,15,D,KZ,CC,F
9:00:22,JSMR,RG,3630,1,F,ZP,CC,F
9:00:21,JSMR,RG,3630,1,D,KZ,CC,F
9:00:21,JSMR,RG,3630,1,D,KZ,CC,F
9:00:18,JSMR,RG,3630,304,D,BB,CC,F
9:00:17,JSMR,RG,3630,100,D,LG,CC,F
9:00:17,JSMR,RG,3630,70,D,LG,CC,F
9:00:16,JSMR,RG,3630,1,D,PD,CC,F
9:00:14,JSMR,RG,3620,5,D,YB,YP,D
9:00:14,JSMR,RG,3620,2,D,YB,CC,D
9:00:14,JSMR,RG,3620,15,D,YB,YP,D
9:00:14,JSMR,RG,3620,3,D,YB,YP,D
9:00:14,JSMR,RG,3620,2,D,YB,YP,D
9:00:12,JSMR,RG,3640,55,D,PD,IF,D
9:00:12,JSMR,RG,3630,2,D,PD,YP,D
9:00:12,JSMR,RG,3630,6,D,PD,DR,D
9:00:12,JSMR,RG,3630,51,D,PD,DR,D
9:00:11,JSMR,RG,3620,1,D,YB,XC,D
9:00:11,JSMR,RG,3630,139,D,BB,DR,D
9:00:11,JSMR,RG,3630,48,D,KZ,DR,D
9:00:11,JSMR,RG,3630,1,F,ZP,DR,D
9:00:11,JSMR,RG,3630,261,D,XA,DR,D
9:00:09,JSMR,RG,3640,92,D,KZ,IF,D
9:00:09,JSMR,RG,3640,51,D,KZ,IF,D
9:00:09,JSMR,RG,3640,7,D,PD,IF,D
9:00:09,JSMR,RG,3640,100,D,DR,IF,D
9:00:08,JSMR,RG,3640,2,D,PD,IF,D
9:00:07,JSMR,RG,3630,1,D,XA,PD,D
9:00:07,JSMR,RG,3630,10,D,XA,PD,D
9:00:06,JSMR,RG,3630,2,D,XA,KK,D
9:00:06,JSMR,RG,3640,3,D,BB,IF,D
9:00:06,JSMR,RG,3640,50,D,CP,IF,D
9:00:06,JSMR,RG,3640,50,D,CP,IF,D
9:00:06,JSMR,RG,3630,3,D,XA,DH,D
9:00:04,JSMR,RG,3640,14,D,DH,IF,D
9:00:04,JSMR,RG,3640,274,D,XA,IF,D
9:00:04,JSMR,RG,3640,27,D,XA,IF,D
9:00:04,JSMR,RG,3640,167,D,GR,IF,D
9:00:04,JSMR,RG,3630,4,D,GR,EP,D
9:00:04,JSMR,RG,3630,10,D,GR,SQ,D
9:00:04,JSMR,RG,3630,10,D,GR,SQ,D
9:00:04,JSMR,RG,3610,9,D,GR,KK,D
9:00:03,JSMR,RG,3610,10,D,AZ,KK,D
9:00:03,JSMR,RG,3640,50,D,CP,IF,D
9:00:01,JSMR,RG,3600,3,D,RG,ZP,F
9:00:01,JSMR,RG,3600,22,D,RG,OD,D
9:00:01,JSMR,RG,3600,3,D,IF,OD,D
9:00:01,JSMR,RG,3640,43,D,CP,IF,D
9:00:01,JSMR,RG,3610,7,D,CP,EP,D
9:00:00,JSMR,RG,3610,8,D,OD,EP,D