Time,Stock,Brd,Price,Qty,BT,BC,SC,ST
15:13:42,JSMR,RG,4180,50,D,XA,YP,D
15:12:58,JSMR,RG,4180,2,D,OD,YP,D
15:12:58,JSMR,RG,4180,10,D,DR,YP,D
15:12:58,JSMR,RG,4180,11,D,XA,YP,D
15:12:53,JSMR,RG,4180,189,D,XA,YP,D
15:12:53,JSMR,RG,4180,10,D,GR,YP,D
15:12:53,JSMR,RG,4180,5,D,CC,YP,D
15:12:53,JSMR,RG,4180,50,D,XA,YP,D
15:12:53,JSMR,RG,4180,1,D,YP,YP,D
15:12:53,JSMR,RG,4180,20,D,YU,YP,D
15:12:53,JSMR,RG,4180,10,D,XC,YP,D
15:12:53,JSMR,RG,4180,15,D,DR,YP,D
15:12:40,JSMR,RG,4180,3,D,DR,XC,D
15:07:52,JSMR,RG,4180,20,D,DR,PC,D
15:07:36,JSMR,RG,4180,100,D,DR,ID,D
15:06:56,JSMR,RG,4180,6,D,DR,KK,D
15:06:26,JSMR,RG,4180,3,D,PD,KK,D
15:06:26,JSMR,RG,4180,291,D,HP,KK,D
15:05:43,JSMR,RG,4180,2,D,HP,PD,D
15:05:43,JSMR,RG,4180,7,D,HP,NI,D
15:05:04,JSMR,RG,4180,15,D,YP,NI,D
15:05:04,JSMR,RG,4180,5,D,YP,NI,D
15:05:04,JSMR,RG,4180,10,D,YP,NI,D
15:05:04,JSMR,RG,4180,44,D,CC,NI,D
15:05:04,JSMR,RG,4180,25,D,YP,NI,D
15:05:04,JSMR,RG,4180,2,D,PD,NI,D
15:05:04,JSMR,RG,4180,134,F,CS,NI,D
15:05:04,JSMR,RG,4180,8,D,DR,NI,D
15:05:03,JSMR,RG,4180,92,D,DR,CC,D
15:05:03,JSMR,RG,4180,116,F,CS,CC,D
15:05:02,JSMR,RG,4180,2,F,CS,YP,D
15:05:02,JSMR,RG,4180,1,F,CS,AZ,D
15:05:02,JSMR,RG,4180,208,F,CS,CC,D
15:05:02,JSMR,RG,4180,79,F,CS,YP,D
15:05:02,JSMR,RG,4180,119,D,DR,YP,D
15:05:02,JSMR,RG,4180,5,D,EP,YP,D
15:05:02,JSMR,RG,4180,24,D,PD,YP,D
15:05:02,JSMR,RG,4180,19,D,YP,YP,D
15:00:00,JSMR,RG,4180,25,D,YP,NI,D
15:00:00,JSMR,RG,4180,1,D,YP,YP,D
15:00:00,JSMR,RG,4180,5,D,YP,YP,D
15:00:00,JSMR,RG,4180,50,D,EP,YP,D
15:00:00,JSMR,RG,4180,45,D,LG,YP,D
15:00:00,JSMR,RG,4180,5,D,LG,YP,D
15:00:00,JSMR,RG,4180,5,D,PD,YP,D
15:00:00,JSMR,RG,4180,9,D,YP,YP,D
15:00:00,JSMR,RG,4180,2,D,YP,YP,F
15:00:00,JSMR,RG,4180,1,D,YP,XC,D
15:00:00,JSMR,RG,4180,13,D,YP,YP,D
15:00:00,JSMR,RG,4180,4,D,YP,YP,D
15:00:00,JSMR,RG,4180,1,D,YP,YU,D
15:00:00,JSMR,RG,4180,1,D,YP,YU,D
15:00:00,JSMR,RG,4180,1,D,XC,YU,D
15:00:00,JSMR,RG,4180,2,D,YP,YU,D
15:00:00,JSMR,RG,4180,5,D,YP,YU,D
15:00:00,JSMR,RG,4180,95,D,YP,DR,D
15:00:00,JSMR,RG,4180,1,D,CC,DR,D
15:00:00,JSMR,RG,4180,4,D,PD,DR,D
15:00:00,JSMR,RG,4180,1,D,PD,YP,D
15:00:00,JSMR,RG,4180,5,D,LG,CC,D
15:00:00,JSMR,RG,4180,1,D,YP,CC,D
15:00:00,JSMR,RG,4180,1,D,YP,YP,D
15:00:00,JSMR,RG,4180,5,D,YP,PD,D
15:00:00,JSMR,RG,4180,3,D,YP,CC,D
15:00:00,JSMR,RG,4180,2,D,LG,CC,D
15:00:00,JSMR,RG,4180,2,D,PD,CC,D
15:00:00,JSMR,RG,4180,10,D,EP,CC,D
15:00:00,JSMR,RG,4180,1,D,YP,CC,D
15:00:00,JSMR,RG,4180,132,D,YP,CC,D
15:00:00,JSMR,RG,4180,500,D,YP,YP,D
15:00:00,JSMR,RG,4180,11,D,YP,PD,D
15:00:00,JSMR,RG,4180,100,D,YP,YU,D
15:00:00,JSMR,RG,4180,122,D,YP,PD,D
15:00:00,JSMR,RG,4180,2,D,GR,PD,D
15:00:00,JSMR,RG,4180,23,D,GR,PD,D
15:00:00,JSMR,RG,4180,50,D,GR,PD,D
15:00:00,JSMR,RG,4180,3,D,PD,PD,D
15:00:00,JSMR,RG,4180,1,D,NI,PD,D
15:00:00,JSMR,RG,4180,15,D,YP,PD,D
15:00:00,JSMR,RG,4180,7,D,XC,PD,D
15:00:00,JSMR,RG,4180,1,D,PD,PD,D
15:00:00,JSMR,RG,4180,4,D,PD,PD,D
15:00:00,JSMR,RG,4180,10,D,YP,PD,D
15:00:00,JSMR,RG,4180,26,D,YP,PD,D
15:00:00,JSMR,RG,4180,160,D,GR,PD,D
15:00:00,JSMR,RG,4180,6,D,GR,XC,D
15:00:00,JSMR,RG,4180,20,D,GR,PD,D
15:00:00,JSMR,RG,4180,52,D,GR,PD,D
15:00:00,JSMR,RG,4180,48,D,CP,PD,D
15:00:00,JSMR,RG,4180,5,D,CP,YP,D
15:00:00,JSMR,RG,4180,147,D,CP,CC,F
15:00:00,JSMR,RG,4180,80,D,PD,CC,F
15:00:00,JSMR,RG,4180,2,D,DR,CC,F
15:00:00,JSMR,RG,4180,3,D,XC,CC,F
15:00:00,JSMR,RG,4180,1,D,XC,CC,F
15:00:00,JSMR,RG,4180,20,D,PD,CC,F
15:00:00,JSMR,RG,4180,1,D,YP,CC,F
15:00:00,JSMR,RG,4180,10,D,YJ,CC,F
15:00:00,JSMR,RG,4180,143,D,DH,CC,F
15:00:00,JSMR,RG,4180,7,D,YP,CC,F
15:00:00,JSMR,RG,4180,1,D,XC,CC,F
15:00:00,JSMR,RG,4180,85,F,ZP,CC,F
15:00:00,JSMR,RG,4180,49,F,ZP,AK,F
15:00:00,JSMR,RG,4180,1,F,ZP,LG,D
15:00:00,JSMR,RG,4180,78,F,ZP,KZ,D
15:00:00,JSMR,RG,4180,67,D,OD,KZ,D
14:49:54,JSMR,RG,4180,169,D,YP,PD,D
14:49:53,JSMR,RG,4180,62,D,YP,YP,D
14:49:49,JSMR,RG,4190,2,D,XC,PD,D
14:49:48,JSMR,RG,4190,10,D,XA,PD,D
14:49:44,JSMR,RG,4190,2,D,PD,PD,D
14:49:28,JSMR,RG,4190,10,D,YP,PD,D
14:49:22,JSMR,RG,4190,52,D,BB,PD,D
14:49:22,JSMR,RG,4190,37,D,BB,BQ,D
14:49:20,JSMR,RG,4190,1,D,PD,BQ,D
14:49:18,JSMR,RG,4190,44,D,BB,BQ,D
14:49:18,JSMR,RG,4190,35,D,BB,OD,D
14:49:16,JSMR,RG,4190,28,D,BB,OD,D
14:49:16,JSMR,RG,4180,2,D,YP,YP,D
14:49:11,JSMR,RG,4180,183,D,YP,BB,D
14:49:11,JSMR,RG,4180,204,D,YP,BB,D
14:49:11,JSMR,RG,4180,22,D,YP,BB,D
14:49:10,JSMR,RG,4190,1,D,NI,OD,D
14:49:05,JSMR,RG,4180,1,D,YP,PD,D
14:49:03,JSMR,RG,4190,14,D,BB,OD,D
14:49:01,JSMR,RG,4190,22,D,BB,OD,D
14:49:01,JSMR,RG,4190,6,D,BB,PD,D
14:48:49,JSMR,RG,4190,18,D,BB,PD,D
14:48:49,JSMR,RG,4180,1,D,YP,XC,D
14:48:38,JSMR,RG,4190,49,D,BB,PD,D
14:48:37,JSMR,RG,4180,182,D,YP,BB,D
14:48:37,JSMR,RG,4180,103,D,YP,BB,D
14:48:37,JSMR,RG,4180,100,D,YP,BB,D
14:48:37,JSMR,RG,4180,2,D,YP,BB,D
14:48:37,JSMR,RG,4180,2,D,KI,BB,D
14:48:37,JSMR,RG,4180,10,D,DR,BB,D
14:48:37,JSMR,RG,4180,7,D,XC,BB,D
14:48:23,JSMR,RG,4190,2,D,NI,PD,D
14:48:17,JSMR,RG,4190,12,D,BB,PD,D
14:48:09,JSMR,RG,4190,22,D,BB,PD,D
14:47:59,JSMR,RG,4190,51,D,BB,PD,D
14:47:49,JSMR,RG,4180,3,D,XC,YP,D
14:47:45,JSMR,RG,4180,29,D,SQ,CD,D
14:47:39,JSMR,RG,4180,1,D,SQ,AK,F
14:47:39,JSMR,RG,4180,2,D,PD,AK,F
14:47:39,JSMR,RG,4180,1,D,NI,AK,F
14:47:39,JSMR,RG,4180,5,D,NI,AK,F
14:47:27,JSMR,RG,4180,1,D,NI,XL,D
14:47:14,JSMR,RG,4180,10,D,NI,XC,D
14:47:14,JSMR,RG,4180,10,D,CC,XC,D
14:47:14,JSMR,RG,4180,25,D,NI,XC,D
14:47:07,JSMR,RG,4180,5,D,NI,CC,F
14:47:07,JSMR,RG,4180,20,D,CC,CC,F
14:47:07,JSMR,RG,4180,1,D,DR,CC,F
14:47:07,JSMR,RG,4180,121,D,BB,CC,F
14:47:07,JSMR,RG,4180,153,D,YP,CC,F
14:47:06,JSMR,RG,4190,140,D,BB,PD,D
14:47:06,JSMR,RG,4190,7,D,BB,CC,D
14:47:04,JSMR,RG,4180,200,D,YP,CC,F
14:46:26,JSMR,RG,4190,1,D,XC,CC,D
14:46:00,JSMR,RG,4190,2,D,BB,CC,D
14:46:00,JSMR,RG,4190,5,D,BB,YP,D
14:46:00,JSMR,RG,4190,20,D,BB,YP,D
14:46:00,JSMR,RG,4190,50,D,BB,ZP,D
14:46:00,JSMR,RG,4190,45,D,BB,IF,D
14:45:54,JSMR,RG,4190,3,D,LG,IF,D
14:45:48,JSMR,RG,4190,3,D,YP,IF,D
14:45:16,JSMR,RG,4190,2,D,KI,IF,D
14:45:06,JSMR,RG,4190,77,D,BB,IF,D
14:45:06,JSMR,RG,4190,1,D,BB,LG,D
14:45:06,JSMR,RG,4190,2,D,BB,XC,D
14:45:06,JSMR,RG,4190,25,D,BB,NI,D
14:45:06,JSMR,RG,4190,3,D,BB,YP,D
14:45:06,JSMR,RG,4190,25,D,BB,NI,D
14:45:06,JSMR,RG,4190,3,D,BB,PD,D
14:45:02,JSMR,RG,4180,1,D,YP,DR,D
14:44:43,JSMR,RG,4190,45,D,XC,PD,D
14:44:20,JSMR,RG,4190,1,D,KI,PD,D
14:44:05,JSMR,RG,4190,148,D,BB,PD,D
14:43:51,JSMR,RG,4190,1,D,KI,PD,D
14:43:45,JSMR,RG,4180,5,D,YP,CC,D
14:43:43,JSMR,RG,4190,2,D,PD,PD,D
14:43:03,JSMR,RG,4180,10,D,YP,CC,D
14:42:59,JSMR,RG,4190,150,D,BB,PD,D
14:42:15,JSMR,RG,4180,5,D,YP,CC,D
14:42:06,JSMR,RG,4190,1,D,XC,PD,D
14:41:53,JSMR,RG,4190,2,D,CC,PD,D
14:41:52,JSMR,RG,4190,77,D,BB,PD,D
14:41:52,JSMR,RG,4190,1,D,BB,PD,D
14:41:52,JSMR,RG,4190,1,D,BB,YP,D
14:41:52,JSMR,RG,4190,7,D,BB,SQ,D
14:41:52,JSMR,RG,4190,5,D,BB,YP,D
14:41:52,JSMR,RG,4190,29,D,BB,KI,D
14:41:52,JSMR,RG,4190,4,D,BB,KI,D
14:41:48,JSMR,RG,4190,3,D,LG,KI,D
14:41:14,JSMR,RG,4190,1,D,PD,KI,D
14:41:11,JSMR,RG,4190,1,D,YP,KI,D
14:40:57,JSMR,RG,4190,27,D,BB,KI,D
14:40:57,JSMR,RG,4190,16,D,BB,KI,D
14:40:57,JSMR,RG,4190,27,D,BB,KI,D
14:40:57,JSMR,RG,4190,40,D,BB,KI,D
14:40:57,JSMR,RG,4190,28,D,BB,KI,D
14:40:57,JSMR,RG,4190,24,D,BB,KI,D
14:40:57,JSMR,RG,4190,10,D,BB,YP,D
14:40:57,JSMR,RG,4190,25,D,BB,CC,D
14:40:57,JSMR,RG,4190,10,D,BB,PD,D
14:40:57,JSMR,RG,4190,100,D,BB,ZP,D
14:40:57,JSMR,RG,4190,5,D,BB,AZ,D
14:40:57,JSMR,RG,4190,5,D,BB,NI,D
14:40:57,JSMR,RG,4190,38,D,BB,DR,D
14:40:57,JSMR,RG,4190,25,D,BB,YP,D
14:40:57,JSMR,RG,4190,2,D,BB,HP,D
14:40:57,JSMR,RG,4190,1,D,BB,YU,D
14:40:57,JSMR,RG,4190,12,D,BB,NI,D
14:40:57,JSMR,RG,4190,5,D,BB,XC,D
14:40:57,JSMR,RG,4190,3,D,BB,XC,D
14:40:57,JSMR,RG,4190,22,D,BB,YB,D
14:40:57,JSMR,RG,4190,100,D,BB,HD,D
14:40:57,JSMR,RG,4190,24,D,BB,PD,D
14:40:57,JSMR,RG,4190,100,D,BB,DH,D
14:40:57,JSMR,RG,4190,5,D,BB,PD,D
14:40:54,JSMR,RG,4180,99,D,YP,CC,D
14:40:49,JSMR,RG,4180,27,D,YP,BB,D
14:40:49,JSMR,RG,4180,20,D,PD,BB,D
14:40:49,JSMR,RG,4180,100,D,EP,BB,D
14:40:49,JSMR,RG,4180,35,D,BB,BB,D
14:40:49,JSMR,RG,4180,41,D,BB,BB,D
14:40:49,JSMR,RG,4180,20,D,DH,BB,D
14:40:49,JSMR,RG,4180,10,D,YP,BB,D
14:40:49,JSMR,RG,4180,132,D,YP,BB,D
14:40:49,JSMR,RG,4180,3,D,YP,BB,D
14:40:49,JSMR,RG,4180,15,D,CC,BB,D
14:40:49,JSMR,RG,4180,3,D,BB,BB,D
14:40:46,JSMR,RG,4180,12,D,BB,XC,D
14:40:45,JSMR,RG,4180,5,D,BB,XC,D
14:40:20,JSMR,RG,4180,20,D,DR,AK,F
14:40:20,JSMR,RG,4180,18,D,BB,AK,F
14:40:19,JSMR,RG,4180,130,D,BB,YJ,D
14:40:19,JSMR,RG,4180,270,D,YU,YJ,D
14:40:18,JSMR,RG,4180,5,D,YU,YP,D
14:40:02,JSMR,RG,4180,3,D,YU,XC,D
14:40:02,JSMR,RG,4180,10,D,YU,PD,D
14:40:02,JSMR,RG,4180,285,D,YU,CC,D
14:40:02,JSMR,RG,4180,5,D,YU,PD,D
14:40:02,JSMR,RG,4180,200,D,YU,PD,D
14:40:02,JSMR,RG,4180,144,D,YU,PD,D
14:40:02,JSMR,RG,4180,3,D,YU,YP,D
14:40:02,JSMR,RG,4180,50,D,YU,NI,D
14:40:02,JSMR,RG,4180,25,D,YU,AK,F
14:39:58,JSMR,RG,4180,21,D,YU,AK,F
14:39:58,JSMR,RG,4180,5,D,YU,YP,D
14:39:58,JSMR,RG,4180,50,D,YU,LG,D
14:39:58,JSMR,RG,4180,1,D,YU,YP,D
14:39:58,JSMR,RG,4180,2,D,YU,NI,D
14:39:58,JSMR,RG,4180,1,D,YU,YP,D
14:39:58,JSMR,RG,4180,3,D,YU,CC,D
14:39:58,JSMR,RG,4180,17,D,YU,SQ,D
14:39:35,JSMR,RG,4170,3,D,YP,XC,D
14:39:31,JSMR,RG,4180,2,D,KI,SQ,D
14:39:30,JSMR,RG,4180,6,D,YU,SQ,D
14:39:30,JSMR,RG,4180,42,D,YU,KI,D
14:39:18,JSMR,RG,4170,64,D,YP,GR,D
14:39:18,JSMR,RG,4170,86,D,CC,GR,D
14:39:18,JSMR,RG,4170,5,D,PD,GR,D
14:39:18,JSMR,RG,4170,3,D,CC,GR,D
14:39:18,JSMR,RG,4170,92,D,YU,GR,D
14:39:15,JSMR,RG,4180,44,D,YP,KI,D
14:39:15,JSMR,RG,4180,23,D,YP,KI,D
14:39:15,JSMR,RG,4180,33,D,YP,KI,D
14:39:00,JSMR,RG,4180,41,D,YU,KI,D
14:38:55,JSMR,RG,4180,5,D,YP,KI,D
14:38:42,JSMR,RG,4170,8,D,YU,CC,D
14:38:42,JSMR,RG,4170,10,F,CC,CC,D
14:38:42,JSMR,RG,4170,17,D,BB,CC,D
14:38:42,JSMR,RG,4170,33,D,XC,CC,D
14:37:15,JSMR,RG,4170,2,D,XC,DR,D
14:37:15,JSMR,RG,4170,200,D,XC,CC,F
14:37:15,JSMR,RG,4170,50,D,XC,CC,D
14:37:09,JSMR,RG,4160,40,D,GR,CC,F
14:37:09,JSMR,RG,4160,1,D,AZ,CC,F
14:37:09,JSMR,RG,4160,2,D,YP,CC,F
14:37:09,JSMR,RG,4160,200,D,YP,CC,F
14:37:09,JSMR,RG,4160,20,D,YP,CC,F
14:37:09,JSMR,RG,4160,2,D,CC,CC,F
14:37:09,JSMR,RG,4160,11,D,CC,CC,F
14:37:09,JSMR,RG,4160,4,D,EP,CC,F
14:37:09,JSMR,RG,4160,10,D,XC,CC,F
14:37:09,JSMR,RG,4160,210,D,YU,CC,F
14:37:07,JSMR,RG,4160,190,D,YU,CC,F
14:37:07,JSMR,RG,4160,110,D,XC,CC,F
14:37:00,JSMR,RG,4170,20,D,YP,CC,D
14:37:00,JSMR,RG,4160,40,D,XC,CC,F
14:37:00,JSMR,RG,4160,10,D,IF,CC,F
14:37:00,JSMR,RG,4160,10,D,YP,CC,F
14:37:00,JSMR,RG,4160,100,D,YU,CC,F
14:37:00,JSMR,RG,4160,140,D,NI,CC,F
14:36:54,JSMR,RG,4170,4,D,YP,CC,D
14:36:54,JSMR,RG,4170,3,D,YP,YP,D
14:36:47,JSMR,RG,4170,6,D,XC,AK,F
14:36:19,JSMR,RG,4170,50,D,NI,AK,F
14:36:17,JSMR,RG,4170,12,D,NI,AK,F
14:36:03,JSMR,RG,4170,5,D,CC,AK,F
14:35:59,JSMR,RG,4160,66,D,NI,CC,D
14:35:46,JSMR,RG,4170,3,D,MG,CC,D
14:35:46,JSMR,RG,4170,2,D,MG,BB,D
14:35:21,JSMR,RG,4170,20,D,YP,BB,D
14:35:20,JSMR,RG,4170,30,D,NI,BB,D
14:35:07,JSMR,RG,4170,3,D,LG,BB,D
14:34:53,JSMR,RG,4170,2,D,PD,BB,D
14:34:53,JSMR,RG,4170,6,D,OD,BB,D
14:34:53,JSMR,RG,4170,2,D,YP,BB,D
14:34:53,JSMR,RG,4170,30,D,SQ,BB,D
14:34:53,JSMR,RG,4170,12,D,CC,BB,D
14:34:53,JSMR,RG,4170,1,D,EP,BB,D
14:34:53,JSMR,RG,4170,74,D,BB,BB,D
14:34:53,JSMR,RG,4170,10,D,BB,BB,D
14:34:53,JSMR,RG,4170,25,D,YP,BB,D
14:34:53,JSMR,RG,4170,50,D,YP,BB,D
14:34:53,JSMR,RG,4170,10,D,YP,BB,D
14:34:53,JSMR,RG,4170,63,D,BB,BB,D
14:34:53,JSMR,RG,4170,1,D,SQ,BB,D
14:34:53,JSMR,RG,4170,5,D,CC,BB,D
14:34:53,JSMR,RG,4170,1,D,XC,BB,D
14:34:53,JSMR,RG,4170,39,F,CC,BB,D
14:34:53,JSMR,RG,4170,22,F,CC,BB,D
14:34:43,JSMR,RG,4180,3,D,BB,KI,D
14:34:43,JSMR,RG,4180,5,D,BB,KI,D
14:34:43,JSMR,RG,4180,27,D,BB,KI,D
14:34:43,JSMR,RG,4180,2,D,NI,KI,D
14:34:38,JSMR,RG,4180,3,D,BB,KI,D
14:34:37,JSMR,RG,4170,69,F,CC,CC,D
14:34:15,JSMR,RG,4180,17,D,BB,KI,D
14:34:15,JSMR,RG,4180,11,D,BB,KI,D
14:34:00,JSMR,RG,4180,7,D,YU,KI,D
14:34:00,JSMR,RG,4180,37,D,YU,KI,D
14:34:00,JSMR,RG,4180,10,D,YU,OD,D
14:34:00,JSMR,RG,4180,4,D,BB,OD,D
14:33:55,JSMR,RG,4180,5,D,PD,OD,D
14:33:51,JSMR,RG,4180,1,D,BB,OD,D
14:33:45,JSMR,RG,4180,3,D,BB,OD,D
14:33:27,JSMR,RG,4180,2,D,YP,OD,D
14:33:20,JSMR,RG,4180,25,D,BB,OD,D
14:33:20,JSMR,RG,4180,2,D,BB,YP,D
14:33:20,JSMR,RG,4180,5,D,BB,PD,D
14:33:15,JSMR,RG,4170,61,F,CC,CC,D
14:33:15,JSMR,RG,4170,1,D,YP,CC,D
14:33:14,JSMR,RG,4180,5,D,BB,PD,D
14:33:14,JSMR,RG,4180,1,D,BB,DR,D
14:32:48,JSMR,RG,4180,4,D,BB,DR,D
14:32:47,JSMR,RG,4180,3,D,LG,DR,D
14:32:43,JSMR,RG,4180,2,D,BB,DR,D
14:32:42,JSMR,RG,4180,2,D,BQ,NI,D
14:32:31,JSMR,RG,4180,4,D,BB,NI,D
14:32:11,JSMR,RG,4180,4,D,BB,NI,D
14:31:59,JSMR,RG,4180,2,D,BB,NI,D
14:31:55,JSMR,RG,4180,4,D,BB,NI,D
14:31:41,JSMR,RG,4180,65,D,BB,NI,D
14:31:12,JSMR,RG,4180,9,D,BB,NI,D
14:31:12,JSMR,RG,4180,45,D,BB,CD,D
14:31:11,JSMR,RG,4170,7,D,BB,BK,F
14:31:11,JSMR,RG,4170,13,D,BB,CC,D
14:31:07,JSMR,RG,4170,1,D,CC,CC,D
14:31:07,JSMR,RG,4170,1,D,YP,CC,D
14:31:03,JSMR,RG,4170,5,D,PD,CC,D
14:30:53,JSMR,RG,4170,10,D,CC,CC,D
14:30:53,JSMR,RG,4170,45,D,YP,CC,D
14:30:53,JSMR,RG,4170,5,D,YP,KK,D
14:30:38,JSMR,RG,4180,6,D,BB,CD,D
14:30:25,JSMR,RG,4170,12,D,OD,YP,D
14:30:20,JSMR,RG,4170,1,D,CC,YP,D
14:30:20,JSMR,RG,4170,3,D,YP,YP,D
14:30:20,JSMR,RG,4170,34,D,BB,YP,D
14:30:14,JSMR,RG,4170,30,D,BB,AI,D
14:30:09,JSMR,RG,4180,20,D,BB,CD,D
14:30:05,JSMR,RG,4180,5,D,NI,CD,D
14:30:01,JSMR,RG,4180,45,D,YU,CD,D
14:30:01,JSMR,RG,4180,1,D,YU,EP,D
14:30:01,JSMR,RG,4180,12,D,YU,NI,D
14:29:58,JSMR,RG,4180,47,D,BB,NI,D
14:29:58,JSMR,RG,4180,10,D,BB,YP,D
14:29:58,JSMR,RG,4180,5,D,BB,CC,D
14:29:47,JSMR,RG,4170,28,D,BB,AG,D
14:29:47,JSMR,RG,4170,72,D,YU,AG,D
14:29:42,JSMR,RG,4170,100,D,YU,AG,D
14:29:36,JSMR,RG,4170,10,D,YU,DR,D
14:29:36,JSMR,RG,4170,62,D,YU,CC,D
14:29:36,JSMR,RG,4170,12,D,YU,YP,D
14:29:36,JSMR,RG,4170,110,D,YU,BB,D
14:29:36,JSMR,RG,4170,34,D,YU,BB,D
14:29:32,JSMR,RG,4170,88,D,YU,BB,D
14:29:32,JSMR,RG,4170,12,D,YU,BB,D
14:29:20,JSMR,RG,4160,44,D,NI,CC,D
14:29:20,JSMR,RG,4160,4,D,YU,CC,D
14:29:17,JSMR,RG,4170,20,D,SQ,CC,D
14:29:07,JSMR,RG,4170,1,D,YP,CC,D
14:28:55,JSMR,RG,4170,5,D,YP,CC,D
14:27:56,JSMR,RG,4170,2,F,AK,YP,D
14:27:56,JSMR,RG,4170,115,F,AK,PD,D
14:27:55,JSMR,RG,4160,76,D,YU,CC,D
14:27:55,JSMR,RG,4170,85,D,DH,PD,D
14:27:55,JSMR,RG,4170,10,D,DH,SQ,D
14:27:55,JSMR,RG,4170,145,D,DH,PD,D
14:27:52,JSMR,RG,4170,27,D,DH,PD,D
14:27:52,JSMR,RG,4170,100,D,DH,CC,D
14:27:52,JSMR,RG,4170,10,D,DH,PD,D
14:27:52,JSMR,RG,4170,1,D,DH,TP,D
14:27:52,JSMR,RG,4170,10,D,DH,XC,D
14:27:52,JSMR,RG,4170,1,D,DH,YP,D
14:27:52,JSMR,RG,4170,91,D,DH,YP,D
14:27:36,JSMR,RG,4170,2,D,YP,YP,D
14:27:16,JSMR,RG,4170,7,D,PD,YP,D
14:27:16,JSMR,RG,4170,3,D,PD,CC,D
14:27:08,JSMR,RG,4170,322,D,YU,CC,D
14:27:08,JSMR,RG,4170,1,D,YU,PD,D
14:27:08,JSMR,RG,4170,5,D,YU,PD,D
14:27:08,JSMR,RG,4170,102,D,YU,AK,F
14:27:08,JSMR,RG,4170,86,D,YU,PD,D
14:27:08,JSMR,RG,4170,83,D,YU,CC,D
14:27:05,JSMR,RG,4170,92,D,YU,CC,D
14:27:05,JSMR,RG,4170,18,D,YU,YP,D
14:27:02,JSMR,RG,4160,10,D,YU,CC,D
14:27:00,JSMR,RG,4170,49,D,YU,YP,D
14:26:33,JSMR,RG,4160,62,D,YU,CC,D
14:26:06,JSMR,RG,4160,172,D,YU,PD,D
14:26:05,JSMR,RG,4160,25,D,YU,DH,D
14:24:58,JSMR,RG,4160,50,D,YU,DR,D
14:24:58,JSMR,RG,4160,1,D,YU,XC,D
14:24:52,JSMR,RG,4160,1,D,YP,XC,D
14:24:52,JSMR,RG,4160,25,D,PD,CC,D
14:24:48,JSMR,RG,4160,10,D,BB,CC,D
14:24:40,JSMR,RG,4160,31,D,BB,CC,D
14:24:40,JSMR,RG,4160,5,D,BB,YP,D
14:24:40,JSMR,RG,4160,30,D,BB,ZP,D
14:24:39,JSMR,RG,4160,30,D,CC,ZP,D
14:24:00,JSMR,RG,4160,35,D,YU,ZP,D
14:23:55,JSMR,RG,4160,5,D,XC,ZP,D
14:23:55,JSMR,RG,4160,7,D,XC,YP,D
14:23:55,JSMR,RG,4160,50,D,XC,CC,F
14:23:55,JSMR,RG,4160,68,D,XC,CC,F
14:23:51,JSMR,RG,4160,32,D,BB,CC,F
14:23:51,JSMR,RG,4160,1,D,BB,CC,F
14:23:43,JSMR,RG,4160,100,D,CP,CC,F
14:23:26,JSMR,RG,4160,6,D,BB,CC,F
14:23:21,JSMR,RG,4160,24,D,BB,CC,F
14:23:20,JSMR,RG,4160,13,F,CC,CC,F
14:23:20,JSMR,RG,4160,1,D,BB,CC,F
14:23:20,JSMR,RG,4160,5,D,PD,CC,F
14:23:03,JSMR,RG,4160,5,D,BB,YP,D
14:23:03,JSMR,RG,4160,43,D,BB,CC,D
14:23:00,JSMR,RG,4160,22,D,YU,CC,D
14:23:00,JSMR,RG,4160,145,D,YU,BB,D
14:23:00,JSMR,RG,4160,55,D,YU,BB,D
14:23:00,JSMR,RG,4160,24,D,BB,BB,D
14:22:44,JSMR,RG,4160,70,F,CC,BB,D
14:22:44,JSMR,RG,4160,14,D,BB,BB,D
14:22:44,JSMR,RG,4160,16,D,BB,BB,D
14:22:43,JSMR,RG,4160,2,D,PD,BB,D
14:22:28,JSMR,RG,4160,1,D,BB,PD,D
14:22:28,JSMR,RG,4160,10,D,BB,AT,D
14:22:28,JSMR,RG,4160,18,D,BB,CC,D
14:22:27,JSMR,RG,4160,1,D,YP,CC,D
14:22:20,JSMR,RG,4160,45,D,CP,CC,D
14:22:20,JSMR,RG,4160,55,D,CP,PD,D
14:22:16,JSMR,RG,4150,18,D,SQ,CC,D
14:22:16,JSMR,RG,4150,1,D,PD,CC,D
14:22:16,JSMR,RG,4150,1,D,PD,CC,D
14:22:16,JSMR,RG,4150,1,D,PD,CC,D
14:22:16,JSMR,RG,4150,7,D,DH,CC,D
14:22:16,JSMR,RG,4150,52,D,BB,CC,D
14:22:16,JSMR,RG,4160,19,D,BB,PD,D
14:22:01,JSMR,RG,4160,17,D,BB,PD,D
14:22:00,JSMR,RG,4160,58,D,YU,PD,D
14:21:49,JSMR,RG,4160,1,D,BB,PD,D
14:21:48,JSMR,RG,4160,22,D,PD,PD,D
14:21:48,JSMR,RG,4160,20,D,PD,KK,D
14:21:48,JSMR,RG,4160,8,D,PD,PD,D
14:21:32,JSMR,RG,4160,23,D,BB,PD,D
14:21:08,JSMR,RG,4160,66,D,BB,PD,D
14:21:07,JSMR,RG,4150,73,D,BB,CC,D
14:21:01,JSMR,RG,4160,4,D,BB,PD,D
14:21:00,JSMR,RG,4160,71,D,YU,PD,D
14:21:00,JSMR,RG,4160,130,D,YU,CC,F
14:20:43,JSMR,RG,4160,10,D,IP,CC,F
14:20:35,JSMR,RG,4160,1,D,BB,CC,F
14:19:44,JSMR,RG,4160,9,D,BB,CC,F
14:19:44,JSMR,RG,4160,64,D,BB,CC,D
14:19:44,JSMR,RG,4160,41,D,BB,BB,D
14:19:34,JSMR,RG,4160,69,D,CC,BB,D
14:19:34,JSMR,RG,4160,122,D,CC,BB,D
14:19:34,JSMR,RG,4160,9,D,CC,BB,D
14:19:29,JSMR,RG,4160,1,D,BB,BB,D
14:19:28,JSMR,RG,4150,150,D,BB,CC,F
14:19:21,JSMR,RG,4160,1,D,CC,BB,D
14:19:00,JSMR,RG,4160,1,D,BB,BB,D
14:18:33,JSMR,RG,4160,1,D,BB,BB,D
14:18:33,JSMR,RG,4160,21,D,BB,OD,D
14:18:25,JSMR,RG,4150,69,D,BB,CC,D
14:18:01,JSMR,RG,4160,1,D,BB,OD,D
14:18:00,JSMR,RG,4160,4,D,BB,OD,D
14:17:32,JSMR,RG,4160,11,D,XC,OD,D
14:17:00,JSMR,RG,4160,63,D,BB,OD,D
14:17:00,JSMR,RG,4160,61,D,BB,AK,F
14:17:00,JSMR,RG,4160,32,D,BB,CC,D
14:16:52,JSMR,RG,4160,39,D,YU,CC,D
14:16:52,JSMR,RG,4160,16,D,YU,YU,D
14:16:52,JSMR,RG,4160,178,D,YU,YU,D
14:16:22,JSMR,RG,4160,144,D,BB,YU,D
14:16:22,JSMR,RG,4160,1,D,SQ,YU,D
14:16:22,JSMR,RG,4160,400,D,YU,YU,D
14:16:22,JSMR,RG,4160,2,D,PD,YU,D
14:16:22,JSMR,RG,4160,5,D,HP,YU,D
14:16:22,JSMR,RG,4160,24,D,BB,YU,D
14:16:00,JSMR,RG,4170,33,D,YU,YP,D
14:16:00,JSMR,RG,4170,5,D,YU,PD,D
14:16:00,JSMR,RG,4170,2,D,YU,PD,D
14:15:39,JSMR,RG,4160,21,D,YU,CC,D
14:15:39,JSMR,RG,4160,1,D,PD,CC,D
14:15:39,JSMR,RG,4160,2,D,YP,CC,D
14:15:39,JSMR,RG,4160,3,D,CC,CC,D
14:15:39,JSMR,RG,4160,9,D,BB,CC,D
14:15:39,JSMR,RG,4160,27,D,YU,CC,D
14:15:39,JSMR,RG,4170,4,D,PD,PD,D
14:15:39,JSMR,RG,4170,1,D,PD,YB,D
14:14:26,JSMR,RG,4160,3,D,YU,CC,D
14:14:26,JSMR,RG,4160,25,D,YU,AF,D
14:14:26,JSMR,RG,4160,100,D,YU,CC,F
14:14:26,JSMR,RG,4160,2,D,YU,CC,D
14:14:26,JSMR,RG,4160,5,D,YU,YP,D
14:14:26,JSMR,RG,4160,2,D,YU,CC,D
14:14:26,JSMR,RG,4160,36,D,YU,BB,D
14:14:22,JSMR,RG,4160,9,D,BB,BB,D
14:14:20,JSMR,RG,4160,79,D,YU,BB,D
14:14:19,JSMR,RG,4150,71,D,BB,CC,D
14:14:16,JSMR,RG,4160,52,D,YU,BB,D
14:14:15,JSMR,RG,4160,1,D,PD,BB,D
14:13:11,JSMR,RG,4160,5,D,BB,BB,D
14:13:11,JSMR,RG,4160,7,D,BB,BB,D
14:13:02,JSMR,RG,4150,50,D,BB,CC,F
14:12:57,JSMR,RG,4160,9,D,BB,BB,D
14:12:55,JSMR,RG,4150,35,D,BB,CC,D
14:12:55,JSMR,RG,4150,1,D,PD,CC,D
14:12:55,JSMR,RG,4150,10,D,CC,CC,D
14:12:55,JSMR,RG,4150,26,D,YJ,CC,D
14:12:37,JSMR,RG,4160,188,D,BB,BB,D
14:12:37,JSMR,RG,4160,21,D,BB,BB,D
14:12:37,JSMR,RG,4160,1,D,BB,YP,D
14:12:37,JSMR,RG,4160,1,D,BB,XC,D
14:12:37,JSMR,RG,4160,1,D,BB,XC,D
14:12:37,JSMR,RG,4160,10,D,BB,YU,D
14:12:37,JSMR,RG,4160,86,D,BB,CC,D
14:12:36,JSMR,RG,4160,3,D,BB,CC,D
14:12:35,JSMR,RG,4160,1,D,PD,CC,D
14:12:21,JSMR,RG,4160,1,D,BB,CC,D
14:12:19,JSMR,RG,4160,9,D,BB,CC,D
14:12:19,JSMR,RG,4160,1,D,BB,XC,D
14:12:19,JSMR,RG,4160,1,D,BB,YU,D
14:12:18,JSMR,RG,4160,1,D,PD,YU,D
14:11:43,JSMR,RG,4160,3,D,BB,YU,D
14:11:26,JSMR,RG,4160,93,D,BB,YU,D
14:10:44,JSMR,RG,4160,2,D,BB,YU,D
14:10:44,JSMR,RG,4160,5,D,BB,KK,D
14:10:44,JSMR,RG,4160,1,D,BB,YP,D
14:10:43,JSMR,RG,4150,71,D,YJ,CC,D
14:10:43,JSMR,RG,4150,35,D,YJ,LG,D
14:10:43,JSMR,RG,4150,268,D,YJ,CC,D
14:10:21,JSMR,RG,4150,3,D,BB,CC,D
14:10:09,JSMR,RG,4150,5,D,BB,CC,D
14:09:45,JSMR,RG,4150,2,D,BB,CC,D
14:09:42,JSMR,RG,4150,3,D,BB,CC,D
14:09:26,JSMR,RG,4150,87,D,BB,CC,D
14:09:20,JSMR,RG,4150,26,D,KI,CC,D
14:09:20,JSMR,RG,4150,6,D,KI,CC,D
14:09:20,JSMR,RG,4150,29,D,KI,CC,D
14:09:20,JSMR,RG,4150,10,D,KI,CC,D
14:09:20,JSMR,RG,4150,7,D,KI,CC,D
14:09:20,JSMR,RG,4150,18,D,KI,CC,D
14:09:20,JSMR,RG,4150,16,D,KI,CC,D
14:09:20,JSMR,RG,4150,10,D,KI,CC,D
14:09:20,JSMR,RG,4150,1,D,KI,CC,D
14:09:20,JSMR,RG,4150,8,D,KI,CC,D
14:09:20,JSMR,RG,4150,23,D,KI,CC,D
14:09:20,JSMR,RG,4150,16,D,KI,CC,D
14:09:20,JSMR,RG,4150,13,D,KI,CC,D
14:09:19,JSMR,RG,4150,12,D,KI,CC,D
14:09:19,JSMR,RG,4150,9,D,KI,CS,F
14:09:19,JSMR,RG,4150,2,D,KI,CS,F
14:09:19,JSMR,RG,4150,9,D,KI,CS,F
14:09:19,JSMR,RG,4150,8,D,KI,CS,F
14:09:19,JSMR,RG,4150,22,D,KI,CS,F
14:09:19,JSMR,RG,4150,12,D,KI,CS,F
14:09:19,JSMR,RG,4150,5,D,KI,CS,F
14:09:19,JSMR,RG,4150,4,D,KI,CS,F
14:09:19,JSMR,RG,4150,7,D,KI,CS,F
14:09:19,JSMR,RG,4150,7,D,KI,CS,F
14:09:19,JSMR,RG,4150,15,D,KI,CS,F
14:09:19,JSMR,RG,4150,7,D,KI,CS,F
14:09:19,JSMR,RG,4150,5,D,KI,CS,F
14:09:19,JSMR,RG,4150,7,D,KI,CS,F
14:09:19,JSMR,RG,4150,11,D,KI,CS,F
14:09:19,JSMR,RG,4150,14,D,KI,CS,F
14:09:19,JSMR,RG,4150,5,D,KI,CS,F
14:09:19,JSMR,RG,4150,7,D,KI,CS,F
14:09:19,JSMR,RG,4150,6,D,KI,CS,F
14:09:19,JSMR,RG,4150,8,D,KI,CS,F
14:09:19,JSMR,RG,4150,1,D,KI,CS,F
14:09:19,JSMR,RG,4150,18,D,KI,BB,D
14:09:19,JSMR,RG,4150,6,D,KI,BB,D
14:09:19,JSMR,RG,4150,11,D,KI,BB,D
14:09:19,JSMR,RG,4150,3,D,KI,BB,D
14:09:19,JSMR,RG,4150,8,D,KI,BB,D
14:09:19,JSMR,RG,4150,3,D,KI,BB,D
14:09:19,JSMR,RG,4150,8,D,KI,BB,D
14:09:19,JSMR,RG,4150,6,D,KI,BB,D
14:09:19,JSMR,RG,4150,4,D,KI,BB,D
14:09:19,JSMR,RG,4150,2,D,KI,BB,D
14:09:19,JSMR,RG,4150,11,D,KI,BB,D
14:09:19,JSMR,RG,4150,4,D,KI,BB,D
14:09:19,JSMR,RG,4150,11,D,KI,BB,D
14:09:19,JSMR,RG,4150,8,D,KI,BB,D
14:09:19,JSMR,RG,4150,7,D,KI,BB,D
14:09:19,JSMR,RG,4150,7,D,KI,BB,D
14:09:19,JSMR,RG,4150,7,D,KI,BB,D
14:09:19,JSMR,RG,4150,10,D,KI,BB,D
14:09:03,JSMR,RG,4150,5,D,XA,BB,D
14:09:00,JSMR,RG,4150,55,D,YU,BB,D
14:08:59,JSMR,RG,4140,110,D,BB,CC,F
14:08:59,JSMR,RG,4140,40,D,KI,CC,F
14:08:26,JSMR,RG,4150,5,D,YP,BB,D
14:06:09,JSMR,RG,4150,5,D,XL,BB,D
14:05:00,JSMR,RG,4150,28,D,YU,BB,D
14:05:00,JSMR,RG,4150,13,D,YU,BB,D
14:04:26,JSMR,RG,4150,3,D,MG,CC,D
14:04:26,JSMR,RG,4150,2,D,MG,XC,D
14:03:14,JSMR,RG,4150,10,D,CC,CC,D
14:03:03,JSMR,RG,4150,5,D,YP,CC,D
14:02:46,JSMR,RG,4150,10,D,YP,CC,D
14:01:51,JSMR,RG,4150,1,D,DH,CC,D
14:01:50,JSMR,RG,4140,20,D,KI,HP,D
14:00:59,JSMR,RG,4150,48,D,YP,CC,D
14:00:55,JSMR,RG,4150,2,D,EP,CC,D
14:00:41,JSMR,RG,4150,10,D,BB,CC,D
14:00:36,JSMR,RG,4150,289,D,CD,CC,D
14:00:36,JSMR,RG,4150,1,D,CD,XC,D
14:00:36,JSMR,RG,4150,71,D,CD,PD,D
13:59:55,JSMR,RG,4150,10,D,YP,PD,D
13:59:30,JSMR,RG,4150,5,D,CC,PD,D
13:58:49,JSMR,RG,4150,88,D,BB,CC,D
13:58:49,JSMR,RG,4150,2,D,BB,XC,D
13:58:49,JSMR,RG,4150,1,D,BB,CC,D
13:58:49,JSMR,RG,4150,50,D,BB,CC,D
13:58:49,JSMR,RG,4150,10,D,BB,YU,D
13:58:49,JSMR,RG,4150,150,D,BB,CC,F
13:58:49,JSMR,RG,4150,118,D,BB,CC,F
13:58:32,JSMR,RG,4140,25,D,KI,HP,D
13:58:27,JSMR,RG,4150,10,D,BB,CC,F
13:58:22,JSMR,RG,4140,86,D,KI,PD,D
13:58:00,JSMR,RG,4150,57,D,YU,CC,F
13:57:52,JSMR,RG,4150,10,D,YU,CC,F
13:57:07,JSMR,RG,4140,2,D,KI,YP,D
13:57:07,JSMR,RG,4140,73,D,KI,BB,D
13:57:07,JSMR,RG,4140,82,D,KI,BB,D
13:57:07,JSMR,RG,4140,9,D,KI,BB,D
13:57:07,JSMR,RG,4140,52,D,KI,AK,F
13:57:07,JSMR,RG,4140,100,D,KI,CC,F
13:57:07,JSMR,RG,4140,11,D,KI,CC,F
13:56:57,JSMR,RG,4140,1,D,YP,CC,F
13:55:50,JSMR,RG,4140,1,D,KK,CC,F
13:55:48,JSMR,RG,4130,1,D,SQ,YP,D
13:55:33,JSMR,RG,4130,15,D,SQ,CC,D
13:55:33,JSMR,RG,4130,7,D,PD,CC,D
13:55:33,JSMR,RG,4130,2,D,YP,CC,D
13:54:56,JSMR,RG,4140,5,D,NI,CC,F
13:54:56,JSMR,RG,4140,24,D,YU,CC,F
13:54:56,JSMR,RG,4140,2,D,HP,CC,F
13:54:56,JSMR,RG,4140,13,F,BK,CC,F
13:54:56,JSMR,RG,4140,50,D,YP,CC,F
13:54:56,JSMR,RG,4140,50,D,YP,CC,F
13:54:56,JSMR,RG,4140,14,D,BB,CC,F
13:54:56,JSMR,RG,4140,50,D,YP,CC,F
13:54:56,JSMR,RG,4140,79,D,HP,CC,F
13:54:54,JSMR,RG,4140,1,D,HP,XC,D
13:54:10,JSMR,RG,4140,1,D,HP,PD,D
13:53:29,JSMR,RG,4140,2,D,HP,CP,D
13:52:21,JSMR,RG,4150,2,D,XC,CC,F
13:52:13,JSMR,RG,4140,17,D,HP,BB,D
13:52:10,JSMR,RG,4140,100,D,YP,BB,D
13:52:10,JSMR,RG,4140,25,D,HD,BB,D
13:52:10,JSMR,RG,4140,5,D,YP,BB,D
13:52:10,JSMR,RG,4140,35,D,GR,BB,D
13:52:10,JSMR,RG,4140,203,D,GR,BB,D
13:52:10,JSMR,RG,4140,12,D,GR,BB,D
13:52:10,JSMR,RG,4140,9,D,PD,BB,D
13:52:01,JSMR,RG,4140,1,D,PD,KK,D
13:52:01,JSMR,RG,4140,1,D,YP,KK,D
13:52:01,JSMR,RG,4140,2,D,XC,KK,D
13:51:35,JSMR,RG,4150,1,D,BB,CC,F
13:51:27,JSMR,RG,4140,105,F,AK,CC,F
13:51:27,JSMR,RG,4140,5,D,CC,CC,F
13:50:49,JSMR,RG,4140,10,D,PD,CC,F
13:50:35,JSMR,RG,4140,25,D,YU,CC,F
13:50:35,JSMR,RG,4140,2,D,YP,CC,F
13:50:35,JSMR,RG,4140,3,D,BB,CC,F
13:50:30,JSMR,RG,4140,200,D,BB,CC,F
13:50:27,JSMR,RG,4140,198,D,BB,CC,F
13:50:27,JSMR,RG,4140,2,D,YP,CC,F
13:50:25,JSMR,RG,4150,1,D,YP,CC,F
13:50:25,JSMR,RG,4150,1,D,XC,CC,F
13:49:30,JSMR,RG,4160,22,D,YU,AK,F
13:49:30,JSMR,RG,4160,1,D,YP,AK,F
13:49:29,JSMR,RG,4160,90,D,BB,YP,D
13:49:18,JSMR,RG,4160,5,D,BB,KK,D
13:49:05,JSMR,RG,4160,548,D,BB,BB,D
13:49:05,JSMR,RG,4160,612,D,BB,BB,D
13:49:05,JSMR,RG,4160,65,D,BB,BB,D
13:49:05,JSMR,RG,4160,1,D,BB,YP,D
13:49:05,JSMR,RG,4160,10,D,BB,YP,D
13:49:05,JSMR,RG,4160,10,D,BB,XC,D
13:49:05,JSMR,RG,4160,15,D,BB,YP,D
13:49:05,JSMR,RG,4160,4,D,BB,XC,D
13:49:05,JSMR,RG,4160,10,D,BB,YB,D
13:49:05,JSMR,RG,4160,2,D,BB,PD,D
13:49:05,JSMR,RG,4160,12,D,BB,PD,D
13:49:05,JSMR,RG,4160,50,D,BB,ES,D
13:49:05,JSMR,RG,4160,1,D,BB,XC,D
13:49:05,JSMR,RG,4160,1,D,BB,GR,D
13:49:05,JSMR,RG,4160,5,D,BB,AZ,D
13:49:05,JSMR,RG,4160,200,D,BB,CC,F
13:49:05,JSMR,RG,4160,300,D,BB,CC,D
13:49:05,JSMR,RG,4160,1,D,BB,XC,D
13:49:05,JSMR,RG,4160,500,D,BB,PD,D
13:49:05,JSMR,RG,4160,200,D,BB,CC,D
13:49:05,JSMR,RG,4160,24,D,BB,PD,D
13:49:05,JSMR,RG,4160,5,D,BB,XC,D
13:49:05,JSMR,RG,4160,2,D,BB,DR,D
13:49:05,JSMR,RG,4160,4,D,BB,AK,F
13:49:05,JSMR,RG,4150,100,D,BB,CC,D
13:49:05,JSMR,RG,4150,100,D,BB,PD,D
13:49:05,JSMR,RG,4150,100,D,BB,PD,D
13:49:05,JSMR,RG,4150,10,D,BB,PD,D
13:49:05,JSMR,RG,4150,85,D,BB,PD,D
13:49:05,JSMR,RG,4150,6,D,BB,YP,D
13:49:05,JSMR,RG,4150,10,D,BB,LG,D
13:49:05,JSMR,RG,4150,2,D,BB,DR,D
13:49:05,JSMR,RG,4150,1,D,BB,YP,D
13:49:05,JSMR,RG,4150,1,D,BB,KK,D
13:49:05,JSMR,RG,4150,1,D,BB,YP,D
13:49:05,JSMR,RG,4150,300,D,BB,CC,F
13:49:05,JSMR,RG,4150,40,D,BB,AK,F
13:49:05,JSMR,RG,4150,500,D,BB,CC,D
13:49:05,JSMR,RG,4140,100,D,BB,PD,D
13:49:05,JSMR,RG,4140,70,D,BB,CC,D
13:49:05,JSMR,RG,4140,3,D,BB,CC,D
13:49:05,JSMR,RG,4140,200,D,BB,CC,F
13:49:05,JSMR,RG,4140,10,D,BB,CP,D
13:49:05,JSMR,RG,4140,86,D,BB,PD,D
13:49:05,JSMR,RG,4140,4,D,BB,LG,D
13:49:05,JSMR,RG,4140,2,D,BB,LG,D
13:49:05,JSMR,RG,4140,2,D,BB,LG,D
13:49:05,JSMR,RG,4140,2,D,BB,XC,D
13:49:05,JSMR,RG,4140,11,D,BB,AI,D
13:49:05,JSMR,RG,4140,4,D,BB,YP,D
13:49:05,JSMR,RG,4140,1,D,BB,YP,D
13:49:05,JSMR,RG,4140,200,D,BB,CC,D
13:49:05,JSMR,RG,4140,3,D,BB,XC,D
13:49:05,JSMR,RG,4140,300,D,BB,CC,D
13:49:05,JSMR,RG,4140,2,D,BB,PD,D
13:49:05,JSMR,RG,4140,103,D,BB,AK,F
13:49:05,JSMR,RG,4140,50,D,BB,PD,F
13:49:05,JSMR,RG,4140,100,D,BB,PD,F
13:49:05,JSMR,RG,4140,413,D,BB,PD,D
13:48:19,JSMR,RG,4140,1,D,YP,PD,D
13:48:19,JSMR,RG,4130,86,D,BB,PD,D
13:48:16,JSMR,RG,4130,52,D,BB,PD,D
13:48:16,JSMR,RG,4130,34,D,YP,PD,D
13:48:05,JSMR,RG,4130,1,D,YP,XC,D
13:47:47,JSMR,RG,4130,55,D,YP,CC,D
13:47:47,JSMR,RG,4130,5,D,SQ,CC,D
13:47:29,JSMR,RG,4130,60,D,SQ,ZP,D
13:46:15,JSMR,RG,4130,59,D,SQ,CC,D
13:45:55,JSMR,RG,4140,1,D,CC,PD,D
13:45:44,JSMR,RG,4130,50,D,SQ,PD,D
13:45:33,JSMR,RG,4130,3,D,SQ,XC,D
13:44:57,JSMR,RG,4130,5,D,SQ,YP,D
13:44:37,JSMR,RG,4130,54,D,SQ,CC,D
13:44:00,JSMR,RG,4140,54,D,YU,PD,D
13:41:13,JSMR,RG,4130,5,D,SQ,DR,D
13:40:52,JSMR,RG,4130,100,D,SQ,CC,F
13:40:48,JSMR,RG,4130,100,D,SQ,CC,F
13:39:49,JSMR,RG,4130,250,D,SQ,NI,D
13:39:49,JSMR,RG,4130,5,D,SQ,DR,D
13:39:49,JSMR,RG,4130,100,D,SQ,CC,F
13:39:49,JSMR,RG,4130,200,D,SQ,CC,F
13:39:49,JSMR,RG,4130,4,D,SQ,PD,D
13:39:15,JSMR,RG,4130,5,D,CC,PD,D
13:38:42,JSMR,RG,4120,100,D,YP,CC,F
13:38:02,JSMR,RG,4130,77,D,BB,PD,D
13:38:02,JSMR,RG,4130,423,D,BB,CC,D
13:38:00,JSMR,RG,4130,43,D,YU,CC,D
13:37:54,JSMR,RG,4130,1,D,NI,CC,D
13:37:48,JSMR,RG,4130,24,D,GR,CC,D
13:37:35,JSMR,RG,4130,2,D,CC,CC,D
13:37:33,JSMR,RG,4130,1,D,NI,CC,D
13:37:07,JSMR,RG,4130,6,D,PD,CC,D
13:37:07,JSMR,RG,4130,4,D,PD,PD,D
13:36:47,JSMR,RG,4130,5,F,AK,CC,D
13:36:47,JSMR,RG,4130,100,F,AK,CC,D
13:36:47,JSMR,RG,4130,27,F,AK,PD,D
13:36:47,JSMR,RG,4130,7,D,PD,PD,D
13:36:47,JSMR,RG,4130,52,D,BB,PD,D
13:36:47,JSMR,RG,4130,65,D,BB,AK,F
13:36:47,JSMR,RG,4130,500,D,BB,CC,D
13:36:47,JSMR,RG,4130,10,D,BB,PD,D
13:36:47,JSMR,RG,4130,182,D,BB,BB,D
13:36:47,JSMR,RG,4130,203,D,BB,BB,D
13:36:47,JSMR,RG,4130,21,D,BB,BB,D
13:36:47,JSMR,RG,4130,200,D,BB,CC,F
13:36:47,JSMR,RG,4130,500,D,BB,PD,D
13:36:47,JSMR,RG,4130,267,D,BB,CC,D
13:36:44,JSMR,RG,4130,3,D,CC,CC,D
13:35:02,JSMR,RG,4130,5,D,XC,CC,D
13:34:26,JSMR,RG,4130,5,D,YP,CC,D
13:33:00,JSMR,RG,4130,20,D,YU,CC,D
13:33:00,JSMR,RG,4130,22,D,YU,LG,D
13:32:14,JSMR,RG,4120,21,D,YP,YP,D
13:31:59,JSMR,RG,4120,6,D,YP,CC,D
13:31:27,JSMR,RG,4130,2,D,XC,LG,D
13:30:54,JSMR,RG,4130,10,D,PD,LG,D
13:30:53,JSMR,RG,4130,32,D,CC,LG,D
13:30:53,JSMR,RG,4130,18,D,CC,PD,D
13:30:15,JSMR,RG,4130,12,D,YP,PD,D
13:30:15,JSMR,RG,4130,1,D,YP,PD,D
13:30:10,JSMR,RG,4130,53,D,YU,PD,D
13:30:06,JSMR,RG,4130,1,D,XC,PD,D
13:30:05,JSMR,RG,4120,2,D,YP,XC,D
13:30:04,JSMR,RG,4130,1,D,PD,PD,D
13:30:04,JSMR,RG,4130,24,D,PD,EP,D
13:30:03,JSMR,RG,4130,10,D,EP,EP,D
13:30:03,JSMR,RG,4120,2,D,YP,ZP,D
13:30:03,JSMR,RG,4120,1,D,YP,SQ,D
13:30:03,JSMR,RG,4130,7,D,EP,EP,D
13:30:02,JSMR,RG,4130,9,D,IP,EP,D
13:30:02,JSMR,RG,4130,16,D,IP,PD,D
11:29:59,JSMR,RG,4120,2,D,YP,KI,D
11:29:51,JSMR,RG,4120,25,D,YP,IP,D
11:29:25,JSMR,RG,4120,24,D,YP,CC,D
11:28:19,JSMR,RG,4120,24,D,YP,CC,D
11:27:49,JSMR,RG,4120,24,D,YP,CC,D
11:24:54,JSMR,RG,4120,15,D,YP,IP,D
11:24:54,JSMR,RG,4120,10,D,XC,IP,D
11:24:37,JSMR,RG,4130,8,D,EP,PD,D
11:24:13,JSMR,RG,4130,1,D,EP,PD,D
11:24:00,JSMR,RG,4130,50,D,YU,PD,D
11:23:59,JSMR,RG,4120,5,D,BB,ZP,D
11:23:59,JSMR,RG,4120,95,D,BB,ZP,D
11:23:16,JSMR,RG,4130,10,D,YP,PD,D
11:22:35,JSMR,RG,4130,1,D,CC,PD,D
11:22:35,JSMR,RG,4130,9,D,CC,PD,D
11:19:37,JSMR,RG,4130,1,D,KK,PD,D
11:19:14,JSMR,RG,4130,3,D,KK,PD,D
11:19:07,JSMR,RG,4130,5,D,KK,PD,D
11:19:00,JSMR,RG,4120,1,D,BB,PD,D
11:18:42,JSMR,RG,4120,10,D,BB,XC,D
11:18:15,JSMR,RG,4130,1,D,EP,PD,D
11:18:05,JSMR,RG,4130,40,D,CC,PD,D
11:18:05,JSMR,RG,4130,5,D,YU,PD,D
11:18:05,JSMR,RG,4130,21,D,YU,PD,D
11:18:05,JSMR,RG,4130,1,D,DR,PD,D
11:16:58,JSMR,RG,4130,2,D,YP,CC,F
11:16:57,JSMR,RG,4130,5,D,XC,CC,F
11:16:57,JSMR,RG,4130,10,D,ZP,CC,F
11:16:57,JSMR,RG,4130,3,D,CC,CC,F
11:16:57,JSMR,RG,4130,2,D,PD,CC,F
11:16:57,JSMR,RG,4130,3,D,ZP,CC,F
11:16:57,JSMR,RG,4130,12,D,XC,CC,F
11:16:57,JSMR,RG,4130,13,F,BK,CC,F
11:16:57,JSMR,RG,4130,25,D,YP,CC,F
11:16:57,JSMR,RG,4130,1,D,PD,CC,F
11:16:57,JSMR,RG,4130,20,D,SQ,CC,F
11:16:57,JSMR,RG,4130,3,D,PD,CC,F
11:16:57,JSMR,RG,4130,1,D,CC,CC,F
11:16:35,JSMR,RG,4140,3,D,PD,PD,D
11:15:32,JSMR,RG,4140,1,D,NI,PD,D
11:15:07,JSMR,RG,4140,27,D,CC,PD,D
11:15:07,JSMR,RG,4140,41,D,CC,PD,F
11:15:07,JSMR,RG,4140,3,D,CC,PD,D
11:14:57,JSMR,RG,4140,5,D,PD,PD,D
11:14:25,JSMR,RG,4140,1,D,PD,PD,D
11:12:58,JSMR,RG,4130,56,F,AK,YJ,D
11:12:57,JSMR,RG,4130,144,D,IT,YJ,D
11:12:30,JSMR,RG,4130,106,D,IT,BB,D
11:12:30,JSMR,RG,4130,1,D,YP,BB,D
11:12:30,JSMR,RG,4130,2,D,DR,BB,D
11:12:30,JSMR,RG,4130,70,D,IF,BB,D
11:12:30,JSMR,RG,4130,7,D,CC,BB,D
11:12:30,JSMR,RG,4130,45,D,IF,BB,D
11:12:30,JSMR,RG,4130,13,D,IF,BB,D
11:11:00,JSMR,RG,4130,2,D,IF,PD,D
11:11:00,JSMR,RG,4130,3,D,YP,PD,D
11:09:20,JSMR,RG,4130,7,D,YP,CC,F
11:08:50,JSMR,RG,4130,2,D,PD,CC,F
11:08:50,JSMR,RG,4130,19,D,YU,CC,F
11:08:50,JSMR,RG,4130,22,D,YU,CC,F
11:08:50,JSMR,RG,4130,50,D,CC,CC,F
11:07:56,JSMR,RG,4130,3,F,AK,YU,D
11:07:56,JSMR,RG,4130,58,F,AK,PD,D
11:07:56,JSMR,RG,4130,142,D,KI,PD,D
11:07:56,JSMR,RG,4130,100,D,KI,PD,F
11:07:56,JSMR,RG,4130,15,D,KI,PD,D
11:07:56,JSMR,RG,4130,10,D,KI,PD,D
11:07:56,JSMR,RG,4130,86,D,KI,PD,D
11:07:56,JSMR,RG,4130,4,D,KI,CC,D
11:07:56,JSMR,RG,4130,200,D,KI,CC,D
11:07:56,JSMR,RG,4130,200,D,KI,CC,D
11:07:56,JSMR,RG,4130,300,D,KI,CC,D
11:07:56,JSMR,RG,4130,2,D,KI,XC,D
11:07:56,JSMR,RG,4130,200,D,KI,CC,F
11:07:56,JSMR,RG,4130,1,D,KI,XL,D
11:07:56,JSMR,RG,4130,20,D,KI,NI,D
11:07:56,JSMR,RG,4130,12,D,KI,YP,D
11:07:56,JSMR,RG,4130,1,D,KI,XC,D
11:07:56,JSMR,RG,4130,7,D,KI,YP,D
11:07:56,JSMR,RG,4130,10,D,KI,YP,D
11:07:56,JSMR,RG,4130,1,D,KI,XC,D
11:07:56,JSMR,RG,4130,1,D,KI,XC,D
11:07:56,JSMR,RG,4130,10,D,KI,DR,D
11:07:56,JSMR,RG,4130,100,D,KI,CC,D
11:07:56,JSMR,RG,4130,78,D,KI,AG,D
11:06:22,JSMR,RG,4130,22,D,CC,AG,D
11:06:22,JSMR,RG,4130,28,D,CC,CC,F
11:05:00,JSMR,RG,4130,45,D,YU,CC,F
11:04:00,JSMR,RG,4120,10,D,BB,KK,D
11:04:00,JSMR,RG,4120,1,D,BB,NI,D
11:04:00,JSMR,RG,4120,383,D,BB,CC,F
11:03:42,JSMR,RG,4120,197,D,YP,CC,F
11:03:42,JSMR,RG,4120,6,D,YP,PD,D
11:03:42,JSMR,RG,4120,200,D,YP,PD,D
11:03:42,JSMR,RG,4120,500,D,YP,CC,D
11:03:42,JSMR,RG,4120,500,D,YP,PD,D
11:03:42,JSMR,RG,4120,61,D,YP,AK,F
11:03:42,JSMR,RG,4120,400,D,YP,CC,D
11:03:42,JSMR,RG,4120,136,D,YP,PD,D
11:02:48,JSMR,RG,4120,1,D,CC,PD,D
11:01:49,JSMR,RG,4120,25,D,CC,PD,D
11:01:25,JSMR,RG,4110,1,D,FS,PD,D
11:01:14,JSMR,RG,4120,25,D,CC,PD,D
11:01:12,JSMR,RG,4120,2,D,KI,PD,D
11:00:38,JSMR,RG,4120,24,D,AZ,PD,D
11:00:32,JSMR,RG,4110,200,D,FS,CC,F
10:59:41,JSMR,RG,4120,25,D,KK,PD,D
10:59:16,JSMR,RG,4110,100,D,FS,EP,D
10:55:37,JSMR,RG,4110,42,D,FS,BK,F
10:55:37,JSMR,RG,4110,178,D,FS,BB,D
10:55:05,JSMR,RG,4110,1,D,KK,BB,D
10:55:05,JSMR,RG,4110,20,D,YP,BB,D
10:55:05,JSMR,RG,4110,1,D,KK,BB,D
10:55:05,JSMR,RG,4110,1,D,PD,BB,D
10:55:05,JSMR,RG,4110,10,D,YP,BB,D
10:55:05,JSMR,RG,4110,5,D,CC,BB,D
10:55:05,JSMR,RG,4110,10,D,YP,BB,D
10:55:05,JSMR,RG,4110,100,D,YP,BB,D
10:55:05,JSMR,RG,4110,1,D,PD,BB,D
10:55:05,JSMR,RG,4110,1,D,PD,BB,D
10:55:05,JSMR,RG,4110,10,D,GR,BB,D
10:55:05,JSMR,RG,4110,23,D,YU,BB,D
10:55:05,JSMR,RG,4110,10,D,OD,BB,D
10:55:05,JSMR,RG,4110,1,D,XC,BB,D
10:55:05,JSMR,RG,4110,5,D,YB,BB,D
10:55:05,JSMR,RG,4110,3,D,YP,BB,D
10:55:05,JSMR,RG,4110,29,D,NI,BB,D
10:55:05,JSMR,RG,4110,10,D,DR,BB,D
10:55:05,JSMR,RG,4110,10,D,EP,BB,D
10:55:05,JSMR,RG,4110,10,D,YP,BB,D
10:55:05,JSMR,RG,4110,3,D,PD,BB,D
10:55:05,JSMR,RG,4110,15,D,YU,BB,D
10:55:05,JSMR,RG,4110,10,D,YU,BB,D
10:55:05,JSMR,RG,4110,1,D,PD,BB,D
10:55:05,JSMR,RG,4110,1,D,XC,BB,D
10:55:05,JSMR,RG,4110,2,D,PD,BB,D
10:55:05,JSMR,RG,4110,10,D,PD,BB,D
10:55:05,JSMR,RG,4110,1,D,PD,BB,D
10:55:05,JSMR,RG,4110,1,D,DR,BB,D
10:53:47,JSMR,RG,4110,1,D,DR,BB,D
10:53:46,JSMR,RG,4110,1,D,DR,BB,D
10:53:46,JSMR,RG,4110,6,D,DR,YP,D
10:53:34,JSMR,RG,4110,1,D,DR,BB,D
10:53:34,JSMR,RG,4110,1,D,DR,BB,D
10:53:34,JSMR,RG,4120,12,D,XC,PD,D
10:53:00,JSMR,RG,4120,63,D,YU,PD,D
10:52:43,JSMR,RG,4120,6,D,EP,PD,D
10:52:42,JSMR,RG,4110,1,D,DR,YP,D
10:51:29,JSMR,RG,4110,3,D,DR,BB,D
10:51:29,JSMR,RG,4110,3,D,DR,BB,D
10:51:25,JSMR,RG,4110,86,D,DR,PD,D
10:51:25,JSMR,RG,4110,2,D,DR,BB,D
10:51:25,JSMR,RG,4110,2,D,DR,BB,D
10:51:25,JSMR,RG,4110,1,D,DR,BB,D
10:51:24,JSMR,RG,4110,5,D,DR,BB,D
10:51:24,JSMR,RG,4110,4,D,DR,BB,D
10:51:23,JSMR,RG,4110,86,D,DR,PD,D
10:50:25,JSMR,RG,4110,16,D,DR,PD,D
10:50:25,JSMR,RG,4110,20,D,DR,PD,D
10:50:25,JSMR,RG,4110,1,D,YP,PD,D
10:50:25,JSMR,RG,4110,1,D,XC,PD,D
10:50:25,JSMR,RG,4110,1,D,KK,PD,D
10:50:25,JSMR,RG,4110,1,D,YP,PD,D
10:50:25,JSMR,RG,4110,135,D,AZ,PD,D
10:50:25,JSMR,RG,4110,2,D,YP,PD,D
10:50:25,JSMR,RG,4110,23,D,YP,PD,D
10:49:07,JSMR,RG,4110,4,D,YP,KK,D
10:48:49,JSMR,RG,4120,1,D,KK,PD,D
10:48:20,JSMR,RG,4110,1,D,YP,CC,D
10:48:17,JSMR,RG,4110,1,D,YP,BB,D
10:48:17,JSMR,RG,4110,4,D,YP,BB,D
10:48:17,JSMR,RG,4110,4,D,YP,BB,D
10:48:08,JSMR,RG,4110,13,D,YP,CC,F
10:48:08,JSMR,RG,4110,24,D,YU,CC,F
10:48:08,JSMR,RG,4110,113,D,CP,CC,F
10:47:30,JSMR,RG,4110,1,D,CP,CC,D
10:47:24,JSMR,RG,4120,3,D,KK,PD,D
10:47:12,JSMR,RG,4120,1,D,PD,PD,D
10:46:13,JSMR,RG,4110,1,D,CP,BB,D
10:46:13,JSMR,RG,4110,1,D,CP,BB,D
10:46:10,JSMR,RG,4120,20,D,PD,PD,D
10:46:02,JSMR,RG,4120,1,D,KK,PD,D
10:45:56,JSMR,RG,4110,1,D,CP,BB,D
10:45:56,JSMR,RG,4110,1,D,CP,BB,D
10:45:55,JSMR,RG,4110,20,D,CP,XC,D
10:45:50,JSMR,RG,4110,20,D,CP,CC,D
10:45:18,JSMR,RG,4110,4,D,CP,XC,D
10:44:45,JSMR,RG,4110,1,D,CP,BB,D
10:44:44,JSMR,RG,4120,2,D,XC,PD,D
10:44:22,JSMR,RG,4110,20,D,CP,CC,D
10:44:17,JSMR,RG,4110,2,D,CP,BB,D
10:44:17,JSMR,RG,4110,2,D,CP,BB,D
10:44:16,JSMR,RG,4110,1,D,CP,BB,D
10:44:15,JSMR,RG,4110,100,D,CP,PD,D
10:44:11,JSMR,RG,4110,5,D,CP,BB,D
10:44:11,JSMR,RG,4110,1,D,CP,BB,D
10:44:11,JSMR,RG,4110,5,D,LG,BB,D
10:44:11,JSMR,RG,4110,1,D,LG,BB,D
10:44:09,JSMR,RG,4110,12,D,LG,BB,D
10:44:09,JSMR,RG,4110,13,D,LG,BB,D
10:44:09,JSMR,RG,4110,47,D,LG,BK,F
10:44:09,JSMR,RG,4110,1,D,LG,BB,D
10:44:09,JSMR,RG,4110,86,D,LG,PD,D
10:44:09,JSMR,RG,4110,86,D,LG,PD,D
10:44:09,JSMR,RG,4110,49,D,LG,CC,F
10:43:59,JSMR,RG,4110,10,D,CC,CC,F
10:43:58,JSMR,RG,4110,5,D,PD,CC,F
10:43:43,JSMR,RG,4110,10,D,YP,CC,F
10:43:34,JSMR,RG,4110,30,D,NI,CC,F
10:43:30,JSMR,RG,4110,10,D,YP,CC,F
10:43:17,JSMR,RG,4110,1,D,PD,CC,F
10:43:09,JSMR,RG,4110,5,D,XC,CC,F
10:43:06,JSMR,RG,4110,20,D,YP,CC,F
10:43:00,JSMR,RG,4110,10,D,YU,CC,F
10:43:00,JSMR,RG,4110,3,D,YU,YB,D
10:43:00,JSMR,RG,4110,30,D,YU,OD,D
10:43:00,JSMR,RG,4110,1,D,XL,OD,D
10:42:59,JSMR,RG,4110,3,D,YU,OD,D
10:42:41,JSMR,RG,4110,85,D,YJ,OD,D
10:42:41,JSMR,RG,4110,1,D,YJ,PD,D
10:42:41,JSMR,RG,4110,3,D,YJ,BB,D
10:42:41,JSMR,RG,4110,4,D,YJ,BB,D
10:42:41,JSMR,RG,4110,15,D,YJ,CC,D
10:42:41,JSMR,RG,4110,42,D,YJ,BK,F
10:42:37,JSMR,RG,4110,58,D,CC,BK,F
10:42:37,JSMR,RG,4110,138,D,CC,CC,F
10:40:38,JSMR,RG,4100,5,D,CP,OD,D
10:40:16,JSMR,RG,4110,10,D,YU,CC,F
10:39:38,JSMR,RG,4110,2,D,AZ,CC,F
10:39:30,JSMR,RG,4110,50,D,YP,CC,F
10:39:08,JSMR,RG,4110,10,D,EP,CC,F
10:38:40,JSMR,RG,4110,1,D,XC,CC,F
10:38:35,JSMR,RG,4110,25,D,YP,CC,F
10:38:09,JSMR,RG,4110,1,D,XC,CC,F
10:37:37,JSMR,RG,4110,25,D,YP,CC,F
10:37:03,JSMR,RG,4110,1,D,KK,CC,F
10:36:47,JSMR,RG,4110,1,D,XC,CC,F
10:36:46,JSMR,RG,4110,1,D,KK,CC,F
10:36:45,JSMR,RG,4110,1,D,XC,CC,F
10:36:35,JSMR,RG,4110,2,D,YP,CC,F
10:35:58,JSMR,RG,4110,10,D,YP,CC,F
10:35:31,JSMR,RG,4110,3,D,EP,CC,F
10:35:18,JSMR,RG,4110,1,D,YP,CC,F
10:34:59,JSMR,RG,4110,1,D,YP,CC,F
10:34:28,JSMR,RG,4110,2,D,PD,CC,F
10:34:22,JSMR,RG,4110,215,D,YU,CC,F
10:34:12,JSMR,RG,4110,500,D,YU,CC,F
10:34:12,JSMR,RG,4110,13,D,YU,BK,F
10:34:12,JSMR,RG,4110,42,D,YU,CC,D
10:33:45,JSMR,RG,4110,3,D,YP,CC,D
10:33:35,JSMR,RG,4110,1,D,XC,CC,D
10:33:05,JSMR,RG,4110,19,D,YU,CC,D
10:33:05,JSMR,RG,4110,20,D,GR,CC,D
10:33:05,JSMR,RG,4110,5,D,YP,CC,D
10:33:05,JSMR,RG,4110,10,D,TP,CC,D
10:33:05,JSMR,RG,4110,11,D,ZP,CC,D
10:33:05,JSMR,RG,4110,5,D,YP,CC,D
10:33:05,JSMR,RG,4110,1,D,PD,CC,D
10:33:05,JSMR,RG,4110,25,D,PD,CC,D
10:33:05,JSMR,RG,4110,50,D,YP,CC,D
10:33:05,JSMR,RG,4110,1,D,PD,CC,D
10:33:05,JSMR,RG,4110,7,D,HD,CC,D
10:32:58,JSMR,RG,4110,3,D,HD,YP,D
10:32:58,JSMR,RG,4110,23,D,YU,YP,D
10:32:58,JSMR,RG,4110,14,D,HD,YP,D
10:32:14,JSMR,RG,4110,11,D,HD,PD,D
10:32:14,JSMR,RG,4110,2,D,DR,PD,D
10:30:14,JSMR,RG,4110,1,D,DR,XC,D
10:30:05,JSMR,RG,4110,10,D,AZ,NI,D
10:30:05,JSMR,RG,4110,172,D,AZ,BK,F
10:30:05,JSMR,RG,4110,183,D,AZ,CC,D
10:29:42,JSMR,RG,4110,10,D,OD,CC,D
10:29:38,JSMR,RG,4110,1,D,PD,CC,D
10:29:21,JSMR,RG,4110,10,D,YP,CC,D
10:28:55,JSMR,RG,4110,1,D,YP,CC,D
10:28:32,JSMR,RG,4110,2,D,YP,CC,D
10:28:28,JSMR,RG,4100,15,D,CP,BK,F
10:28:25,JSMR,RG,4100,43,D,CP,BK,F
10:28:24,JSMR,RG,4110,7,D,YP,CC,D
10:28:22,JSMR,RG,4110,1,D,XC,CC,D
10:28:22,JSMR,RG,4110,1,D,OD,CC,D
10:28:22,JSMR,RG,4110,1,D,XC,CC,D
10:28:22,JSMR,RG,4110,25,D,DX,CC,D
10:28:22,JSMR,RG,4110,1,D,YP,CC,D
10:28:22,JSMR,RG,4110,1,D,YP,CC,D
10:28:22,JSMR,RG,4110,1,D,YP,CC,D
10:28:22,JSMR,RG,4110,1,D,DR,CC,D
10:28:22,JSMR,RG,4110,1,D,OD,CC,D
10:28:22,JSMR,RG,4110,1,D,XC,CC,D
10:28:22,JSMR,RG,4110,24,D,YU,CC,D
10:28:22,JSMR,RG,4110,5,D,YP,CC,D
10:28:22,JSMR,RG,4110,25,D,YP,CC,D
10:28:22,JSMR,RG,4110,60,D,YP,CC,D
10:28:22,JSMR,RG,4110,2,D,XC,CC,D
10:28:22,JSMR,RG,4110,48,D,NI,CC,D
10:28:22,JSMR,RG,4110,3,D,YP,CC,D
10:28:22,JSMR,RG,4110,1,D,XC,CC,D
10:28:22,JSMR,RG,4110,25,D,YU,CC,D
10:28:22,JSMR,RG,4110,35,D,OD,CC,D
10:28:22,JSMR,RG,4110,5,D,DR,CC,D
10:28:22,JSMR,RG,4110,1,D,OD,CC,D
10:28:22,JSMR,RG,4110,10,D,CC,CC,D
10:28:22,JSMR,RG,4110,50,D,CC,CC,D
10:28:22,JSMR,RG,4110,2,D,YP,CC,D
10:28:22,JSMR,RG,4110,3,D,AZ,CC,D
10:28:22,JSMR,RG,4110,15,D,YP,CC,D
10:28:22,JSMR,RG,4110,25,D,DH,CC,D
10:28:22,JSMR,RG,4110,50,D,YP,CC,D
10:28:22,JSMR,RG,4110,1,D,PD,CC,D
10:28:22,JSMR,RG,4110,6,D,NI,CC,D
10:28:22,JSMR,RG,4110,1,D,CC,CC,D
10:28:22,JSMR,RG,4110,1,D,PD,CC,D
10:28:22,JSMR,RG,4110,10,D,NI,CC,D
10:28:22,JSMR,RG,4110,1,D,XC,CC,D
10:28:22,JSMR,RG,4110,10,D,PD,CC,D
10:28:22,JSMR,RG,4110,10,D,XC,CC,D
10:28:22,JSMR,RG,4110,23,D,NI,CC,D
10:28:10,JSMR,RG,4110,13,D,NI,BK,F
10:28:05,JSMR,RG,4110,14,D,NI,BK,F
10:28:05,JSMR,RG,4110,2,D,PD,BK,F
10:28:05,JSMR,RG,4110,3,D,PD,BK,F
10:28:05,JSMR,RG,4110,5,D,NI,BK,F
10:28:05,JSMR,RG,4110,2,D,YP,BK,F
10:28:05,JSMR,RG,4110,10,D,LG,BK,F
10:28:05,JSMR,RG,4110,5,D,CC,BK,F
10:28:05,JSMR,RG,4110,1,D,GR,BK,F
10:28:05,JSMR,RG,4110,5,D,EP,BK,F
10:28:05,JSMR,RG,4110,10,D,CC,BK,F
10:28:05,JSMR,RG,4110,5,D,CC,BK,F
10:28:05,JSMR,RG,4110,3,D,XC,BK,F
10:28:05,JSMR,RG,4110,10,D,XC,BK,F
10:28:05,JSMR,RG,4110,1,D,NI,BK,F
10:28:05,JSMR,RG,4110,1,D,YP,BK,F
10:28:05,JSMR,RG,4110,2,D,XC,BK,F
10:28:05,JSMR,RG,4110,10,D,LG,BK,F
10:28:05,JSMR,RG,4110,5,D,DR,BK,F
10:28:05,JSMR,RG,4110,5,D,XL,BK,F
10:28:05,JSMR,RG,4110,12,D,NI,BK,F
10:28:02,JSMR,RG,4110,13,D,NI,BB,D
10:28:02,JSMR,RG,4110,1,D,CC,BB,D
10:28:02,JSMR,RG,4110,1,D,DH,BB,D
10:28:02,JSMR,RG,4110,2,D,NI,BB,D
10:28:02,JSMR,RG,4110,5,D,YP,BB,D
10:28:02,JSMR,RG,4110,5,D,CC,BB,D
10:28:02,JSMR,RG,4110,20,D,GR,BB,D
10:28:02,JSMR,RG,4110,2,D,XC,BB,D
10:28:02,JSMR,RG,4110,1,D,PD,BB,D
10:28:02,JSMR,RG,4110,10,D,XC,BB,D
10:28:02,JSMR,RG,4110,50,D,YP,BB,D
10:28:02,JSMR,RG,4110,10,D,YP,BB,D
10:28:02,JSMR,RG,4110,10,D,SQ,BB,D
10:28:02,JSMR,RG,4110,4,D,YP,BB,D
10:28:02,JSMR,RG,4110,1,D,PD,BB,D
10:28:02,JSMR,RG,4110,5,D,XC,BB,D
10:28:02,JSMR,RG,4110,5,D,YP,BB,D
10:28:02,JSMR,RG,4110,2,D,PD,BB,D
10:28:02,JSMR,RG,4110,10,D,PD,BB,D
10:28:02,JSMR,RG,4110,50,D,LG,BB,D
10:28:02,JSMR,RG,4110,50,D,YP,BB,D
10:28:02,JSMR,RG,4110,1,D,KK,BB,D
10:28:02,JSMR,RG,4110,1,D,YP,BB,D
10:28:02,JSMR,RG,4110,2,D,SQ,BB,D
10:28:02,JSMR,RG,4110,1,D,KK,BB,D
10:28:02,JSMR,RG,4110,1,D,XC,BB,D
10:28:02,JSMR,RG,4110,2,D,PD,BB,D
10:28:02,JSMR,RG,4110,15,D,ZP,BB,D
10:28:02,JSMR,RG,4110,1,D,SQ,BB,D
10:28:02,JSMR,RG,4110,1,D,CC,BB,D
10:28:02,JSMR,RG,4110,3,D,CC,BB,D
10:28:02,JSMR,RG,4110,5,D,XC,BB,D
10:28:02,JSMR,RG,4110,2,D,XC,BB,D
10:28:02,JSMR,RG,4110,1,D,XC,BB,D
10:28:02,JSMR,RG,4110,2,D,KK,BB,D
10:28:02,JSMR,RG,4110,1,D,PD,BB,D
10:28:02,JSMR,RG,4110,20,D,SQ,BB,D
10:28:02,JSMR,RG,4110,5,D,NI,BB,D
10:28:02,JSMR,RG,4110,10,D,XC,BB,D
10:28:02,JSMR,RG,4110,11,D,AI,BB,D
10:28:02,JSMR,RG,4110,5,D,XC,BB,D
10:28:02,JSMR,RG,4110,10,D,PD,BB,D
10:28:02,JSMR,RG,4110,1,D,PC,BB,D
10:28:02,JSMR,RG,4110,3,D,XC,BB,D
10:28:02,JSMR,RG,4110,2,D,YP,BB,D
10:28:02,JSMR,RG,4110,2,D,PD,BB,D
10:28:02,JSMR,RG,4110,10,D,YU,BB,D
10:28:02,JSMR,RG,4110,1,D,AT,BB,D
10:28:02,JSMR,RG,4110,100,D,YP,BB,D
10:28:02,JSMR,RG,4110,1,D,XC,BB,D
10:28:02,JSMR,RG,4110,10,D,YU,BB,D
10:28:02,JSMR,RG,4110,121,D,MG,BB,D
10:28:02,JSMR,RG,4110,607,D,MG,BB,D
10:28:02,JSMR,RG,4110,65,D,MG,BB,D
10:27:59,JSMR,RG,4110,86,D,MG,PD,D
10:27:57,JSMR,RG,4110,21,D,MG,BK,F
10:27:56,JSMR,RG,4110,86,D,MG,PD,D
10:26:36,JSMR,RG,4110,2,D,MG,XC,D
10:24:58,JSMR,RG,4110,64,D,MG,AK,F
10:24:41,JSMR,RG,4110,2,D,MG,YP,D
10:24:20,JSMR,RG,4120,3,D,CC,PD,D
10:24:20,JSMR,RG,4120,7,D,CC,CC,D
10:23:15,JSMR,RG,4110,1,D,MG,KK,D
10:22:41,JSMR,RG,4110,16,D,MG,BK,F
10:22:37,JSMR,RG,4110,34,D,MG,BK,F
10:22:34,JSMR,RG,4120,5,D,DR,CC,D
10:22:34,JSMR,RG,4120,2,D,DR,CC,D
10:22:34,JSMR,RG,4120,2,D,XC,CC,D
10:22:34,JSMR,RG,4120,1,D,KK,CC,D
10:22:34,JSMR,RG,4120,2,D,SS,CC,D
10:22:34,JSMR,RG,4120,50,D,OD,CC,D
10:22:34,JSMR,RG,4120,120,D,OD,CC,D
10:22:34,JSMR,RG,4120,20,D,YP,CC,D
10:22:34,JSMR,RG,4120,5,D,SQ,CC,D
10:22:34,JSMR,RG,4120,20,D,LG,CC,D
10:22:34,JSMR,RG,4120,3,D,KK,CC,D
10:22:34,JSMR,RG,4120,6,D,XC,CC,D
10:22:34,JSMR,RG,4120,25,D,IP,CC,D
10:22:34,JSMR,RG,4120,2,D,PD,CC,D
10:22:34,JSMR,RG,4120,1,D,XC,CC,D
10:22:34,JSMR,RG,4120,10,D,CC,CC,D
10:22:34,JSMR,RG,4120,50,D,DR,CC,D
10:22:34,JSMR,RG,4120,30,D,YP,CC,D
10:22:34,JSMR,RG,4120,5,D,LG,CC,D
10:22:34,JSMR,RG,4120,1,D,PD,CC,D
10:22:34,JSMR,RG,4120,1,D,YP,CC,D
10:22:34,JSMR,RG,4120,1,D,PD,CC,D
10:22:34,JSMR,RG,4120,3,D,PD,CC,D
10:22:34,JSMR,RG,4120,500,D,GR,CC,D
10:22:34,JSMR,RG,4120,20,D,YP,CC,D
10:22:34,JSMR,RG,4120,1,D,PD,CC,D
10:22:34,JSMR,RG,4120,5,D,YB,CC,D
10:22:34,JSMR,RG,4120,6,D,XC,CC,D
10:22:34,JSMR,RG,4120,5,D,EP,CC,D
10:22:34,JSMR,RG,4120,10,D,NI,CC,D
10:22:34,JSMR,RG,4120,1,D,XC,CC,D
10:22:34,JSMR,RG,4120,100,D,BS,CC,D
10:22:34,JSMR,RG,4120,5,D,PD,CC,D
10:22:34,JSMR,RG,4120,1,D,PD,CC,D
10:22:34,JSMR,RG,4120,1,D,CC,CC,D
10:22:34,JSMR,RG,4120,1,D,KK,CC,D
10:22:34,JSMR,RG,4120,5,D,XC,CC,D
10:22:34,JSMR,RG,4120,2,D,YP,CC,D
10:22:34,JSMR,RG,4120,50,D,CC,CC,D
10:22:34,JSMR,RG,4120,2,D,XC,CC,D
10:22:34,JSMR,RG,4120,20,D,XC,CC,D
10:22:34,JSMR,RG,4120,12,D,YP,CC,D
10:22:34,JSMR,RG,4120,10,D,PD,CC,D
10:22:34,JSMR,RG,4120,10,D,YP,CC,D
10:22:34,JSMR,RG,4120,14,D,PD,CC,D
10:22:34,JSMR,RG,4120,22,D,YU,CC,D
10:22:34,JSMR,RG,4120,1,D,YP,CC,D
10:22:34,JSMR,RG,4120,1,D,XC,CC,D
10:22:34,JSMR,RG,4120,3,D,LG,CC,D
10:22:34,JSMR,RG,4120,1,D,XC,CC,D
10:22:34,JSMR,RG,4120,1,D,XL,CC,D
10:22:34,JSMR,RG,4120,10,D,YP,CC,D
10:22:34,JSMR,RG,4120,8,D,YP,CC,D
10:22:17,JSMR,RG,4120,11,D,YP,YP,D
10:21:24,JSMR,RG,4120,4,D,YP,DH,D
10:19:07,JSMR,RG,4120,1,D,YP,XC,D
10:18:43,JSMR,RG,4120,26,D,YP,CC,D
10:18:43,JSMR,RG,4120,1,D,NI,CC,D
10:18:43,JSMR,RG,4120,23,D,YU,CC,D
10:18:43,JSMR,RG,4120,450,D,MG,CC,D
10:18:29,JSMR,RG,4130,1,D,SS,CC,F
10:17:19,JSMR,RG,4120,200,D,MG,CC,F
10:17:18,JSMR,RG,4120,86,D,MG,PD,D
10:16:00,JSMR,RG,4130,42,D,YU,CC,F
10:15:43,JSMR,RG,4120,43,D,MG,PD,D
10:14:13,JSMR,RG,4120,15,D,MG,XL,D
10:13:48,JSMR,RG,4130,2,D,PD,CC,F
10:11:56,JSMR,RG,4130,50,D,YU,CC,F
10:11:00,JSMR,RG,4130,68,D,YU,CC,F
10:09:49,JSMR,RG,4120,100,D,MG,CC,F
10:09:03,JSMR,RG,4130,25,D,YP,CC,F
10:08:36,JSMR,RG,4120,20,D,MG,YP,D
10:08:33,JSMR,RG,4130,5,D,CC,CC,F
10:08:22,JSMR,RG,4120,2,D,MG,CC,D
10:07:51,JSMR,RG,4120,2,D,MG,LG,D
10:07:23,JSMR,RG,4130,25,D,IP,CC,F
10:07:00,JSMR,RG,4130,9,D,YP,CC,F
10:07:00,JSMR,RG,4130,1,D,YP,YP,D
10:07:00,JSMR,RG,4130,10,D,YP,NI,D
10:07:00,JSMR,RG,4130,59,D,YU,AK,F
10:06:25,JSMR,RG,4130,2,D,XC,AK,F
10:03:50,JSMR,RG,4130,5,D,PD,AK,F
10:03:49,JSMR,RG,4130,2,D,OD,AK,F
10:03:48,JSMR,RG,4130,34,D,CC,AK,F
10:03:48,JSMR,RG,4130,49,D,CC,BK,F
10:03:48,JSMR,RG,4130,100,D,CC,PD,F
10:03:48,JSMR,RG,4130,86,D,CC,PD,D
10:03:48,JSMR,RG,4130,100,D,CC,CC,D
10:03:48,JSMR,RG,4130,74,D,CC,BK,F
10:03:48,JSMR,RG,4130,283,D,CC,CC,D
10:03:14,JSMR,RG,4130,17,D,DH,CC,D
10:03:07,JSMR,RG,4120,50,D,MG,GR,D
10:02:18,JSMR,RG,4120,2,D,MG,XC,D
10:01:59,JSMR,RG,4120,100,D,MG,CC,D
10:01:52,JSMR,RG,4120,1,D,MG,NI,D
10:01:06,JSMR,RG,4120,100,D,MG,CC,F
10:01:00,JSMR,RG,4130,48,D,YU,BK,F
9:56:03,JSMR,RG,4120,200,D,MG,CC,F
9:55:27,JSMR,RG,4120,172,D,MG,PD,D
9:55:24,JSMR,RG,4120,172,D,MG,PD,D
9:55:23,JSMR,RG,4120,2,D,MG,PD,D
9:55:02,JSMR,RG,4120,12,D,MG,YP,D
9:55:02,JSMR,RG,4120,2,D,MG,XC,D
9:55:02,JSMR,RG,4120,100,D,MG,PD,F
9:55:02,JSMR,RG,4120,64,D,MG,AK,F
9:55:02,JSMR,RG,4120,300,D,MG,CC,F
9:55:02,JSMR,RG,4120,20,D,MG,DR,D
9:55:02,JSMR,RG,4120,21,D,MG,EP,D
9:55:02,JSMR,RG,4120,2,D,MG,XC,D
9:55:02,JSMR,RG,4120,128,D,MG,PD,D
9:55:02,JSMR,RG,4120,500,D,MG,PD,D
9:55:02,JSMR,RG,4120,500,D,MG,CC,D
9:55:02,JSMR,RG,4120,100,D,MG,AG,D
9:55:02,JSMR,RG,4120,300,D,MG,CC,F
9:55:02,JSMR,RG,4120,72,D,MG,BB,D
9:55:02,JSMR,RG,4120,81,D,MG,BB,D
9:55:02,JSMR,RG,4120,8,D,MG,BB,D
9:55:02,JSMR,RG,4120,73,D,MG,BK,F
9:54:57,JSMR,RG,4120,3,D,XC,BK,F
9:54:50,JSMR,RG,4110,1,D,MG,LS,D
9:54:17,JSMR,RG,4120,20,D,YP,BK,F
9:53:06,JSMR,RG,4120,20,D,YP,BK,F
9:53:01,JSMR,RG,4120,3,D,DX,BK,F
9:53:00,JSMR,RG,4120,58,D,YU,BK,F
9:52:54,JSMR,RG,4120,20,D,CC,BK,F
9:52:36,JSMR,RG,4120,5,D,SQ,BK,F
9:51:48,JSMR,RG,4120,1,D,OD,BK,F
9:51:12,JSMR,RG,4120,8,D,PD,BK,F
9:51:12,JSMR,RG,4120,7,D,PD,OD,D
9:51:05,JSMR,RG,4120,15,D,CC,OD,D
9:51:02,JSMR,RG,4120,1,D,YP,OD,D
9:50:16,JSMR,RG,4120,2,D,CC,OD,D
9:50:12,JSMR,RG,4120,5,D,XC,OD,D
9:50:01,JSMR,RG,4120,24,D,YP,OD,D
9:49:53,JSMR,RG,4120,2,D,NI,OD,D
9:49:51,JSMR,RG,4120,2,D,YU,OD,D
9:49:46,JSMR,RG,4120,1,D,PD,OD,D
9:49:43,JSMR,RG,4120,1,D,PD,OD,D
9:49:09,JSMR,RG,4120,1,D,XC,OD,D
9:49:07,JSMR,RG,4120,1,D,CC,OD,D
9:47:50,JSMR,RG,4120,5,D,XC,OD,D
9:47:46,JSMR,RG,4120,5,D,YP,OD,D
9:47:19,JSMR,RG,4120,5,D,DR,OD,D
9:46:56,JSMR,RG,4120,3,D,PD,OD,D
9:46:31,JSMR,RG,4120,2,D,PD,OD,D
9:45:25,JSMR,RG,4110,3,D,MG,DR,D
9:44:27,JSMR,RG,4110,2,D,MG,YP,D
9:44:09,JSMR,RG,4110,24,D,MG,BK,F
9:44:06,JSMR,RG,4110,12,D,MG,BK,F
9:44:06,JSMR,RG,4120,100,D,CC,OD,D
9:44:04,JSMR,RG,4120,1,D,KK,OD,D
9:44:01,JSMR,RG,4120,30,D,AI,OD,D
9:43:46,JSMR,RG,4110,21,D,MG,BK,F
9:43:41,JSMR,RG,4110,63,D,MG,BK,F
9:43:41,JSMR,RG,4120,2,D,NI,OD,D
9:43:36,JSMR,RG,4110,315,D,MG,BK,F
9:43:32,JSMR,RG,4120,3,D,EP,OD,D
9:43:32,JSMR,RG,4120,2,D,PD,OD,D
9:43:32,JSMR,RG,4120,2,D,YP,OD,D
9:43:32,JSMR,RG,4120,100,D,LG,OD,D
9:43:32,JSMR,RG,4120,19,D,YU,OD,D
9:43:32,JSMR,RG,4120,1,D,EP,OD,D
9:43:32,JSMR,RG,4120,3,D,KK,OD,D
9:43:32,JSMR,RG,4120,5,D,XC,OD,D
9:43:32,JSMR,RG,4120,2,D,XL,OD,D
9:43:32,JSMR,RG,4120,20,D,NI,OD,D
9:43:32,JSMR,RG,4120,1,D,YP,OD,D
9:43:32,JSMR,RG,4120,250,D,SQ,OD,D
9:43:32,JSMR,RG,4120,1,D,PD,OD,D
9:43:32,JSMR,RG,4120,3,D,CC,OD,D
9:43:32,JSMR,RG,4120,1,D,XC,OD,D
9:43:32,JSMR,RG,4120,25,D,DR,OD,D
9:43:32,JSMR,RG,4120,20,D,XC,OD,D
9:43:32,JSMR,RG,4120,10,D,XC,OD,D
9:43:32,JSMR,RG,4120,10,D,NI,OD,D
9:43:32,JSMR,RG,4120,15,D,DH,OD,D
9:43:32,JSMR,RG,4120,500,D,DH,OD,D
9:43:32,JSMR,RG,4120,2,D,XC,OD,D
9:43:32,JSMR,RG,4120,1,D,DH,OD,D
9:43:32,JSMR,RG,4120,10,D,YP,OD,D
9:43:32,JSMR,RG,4120,1,D,YP,OD,D
9:43:32,JSMR,RG,4120,500,D,YU,OD,D
9:43:32,JSMR,RG,4120,2,D,TP,OD,D
9:43:32,JSMR,RG,4120,26,D,YU,OD,D
9:43:32,JSMR,RG,4120,3,D,PD,OD,D
9:43:32,JSMR,RG,4120,5,D,DR,OD,D
9:43:32,JSMR,RG,4120,3,D,XC,OD,D
9:43:32,JSMR,RG,4120,25,D,NI,OD,D
9:43:32,JSMR,RG,4120,5,D,YP,OD,D
9:43:32,JSMR,RG,4120,2,D,KK,OD,D
9:43:32,JSMR,RG,4120,5,D,CC,OD,D
9:43:32,JSMR,RG,4120,5,D,KK,OD,D
9:43:32,JSMR,RG,4120,25,D,XC,OD,D
9:43:32,JSMR,RG,4120,10,D,YP,OD,D
9:43:32,JSMR,RG,4120,25,D,DR,OD,D
9:43:32,JSMR,RG,4120,1,D,KK,OD,D
9:43:32,JSMR,RG,4120,20,D,XC,OD,D
9:43:32,JSMR,RG,4120,5,D,AT,OD,D
9:43:32,JSMR,RG,4120,5,D,AT,OD,D
9:43:32,JSMR,RG,4120,100,F,SF,OD,D
9:43:32,JSMR,RG,4120,6,D,NI,OD,D
9:43:13,JSMR,RG,4130,3,D,CC,BK,F
9:42:05,JSMR,RG,4130,1,D,XC,BK,F
9:41:53,JSMR,RG,4130,20,D,CC,BK,F
9:40:26,JSMR,RG,4130,27,D,LG,BK,F
9:40:26,JSMR,RG,4130,23,D,LG,CC,F
9:40:26,JSMR,RG,4130,1,D,KK,CC,F
9:40:15,JSMR,RG,4130,1,D,XC,CC,F
9:40:10,JSMR,RG,4130,5,D,XC,CC,F
9:39:23,JSMR,RG,4130,1,D,PD,CC,F
9:38:34,JSMR,RG,4120,12,D,NI,BK,F
9:38:29,JSMR,RG,4120,7,D,NI,NI,D
9:38:29,JSMR,RG,4120,6,D,KK,NI,D
9:38:19,JSMR,RG,4120,2,D,KK,IF,D
9:38:14,JSMR,RG,4120,1,D,KK,NI,D
9:37:27,JSMR,RG,4120,13,D,KK,BK,F
9:37:22,JSMR,RG,4120,8,D,KK,PD,D
9:37:22,JSMR,RG,4120,15,D,DR,PD,D
9:37:22,JSMR,RG,4120,24,D,YU,PD,D
9:37:22,JSMR,RG,4120,5,D,KK,PD,D
9:37:22,JSMR,RG,4120,34,D,YP,PD,D
9:37:21,JSMR,RG,4120,19,D,YP,BK,F
9:37:20,JSMR,RG,4120,47,D,YP,PD,D
9:37:20,JSMR,RG,4120,5,D,XC,PD,D
9:37:20,JSMR,RG,4120,1,D,AZ,PD,D
9:37:20,JSMR,RG,4120,1,D,YP,PD,D
9:37:20,JSMR,RG,4120,1,D,PD,PD,D
9:37:20,JSMR,RG,4120,31,D,CC,PD,D
9:37:09,JSMR,RG,4120,12,D,CC,BK,F
9:37:08,JSMR,RG,4120,5,D,CC,NI,D
9:37:02,JSMR,RG,4120,2,D,CC,BK,F
9:37:02,JSMR,RG,4120,1,D,YU,BK,F
9:37:02,JSMR,RG,4120,5,D,CC,BK,F
9:37:02,JSMR,RG,4120,4,D,YP,BK,F
9:37:00,JSMR,RG,4130,44,D,YU,CC,F
9:35:35,JSMR,RG,4120,2,D,YP,XC,D
9:35:31,JSMR,RG,4130,10,D,GR,CC,F
9:35:18,JSMR,RG,4120,10,D,YP,LG,D
9:35:07,JSMR,RG,4130,1,D,XC,CC,F
9:34:47,JSMR,RG,4120,12,D,YP,BK,F
9:34:45,JSMR,RG,4120,2,D,YP,BK,F
9:34:45,JSMR,RG,4120,25,D,SQ,BK,F
9:34:43,JSMR,RG,4120,200,D,SQ,AG,D
9:34:34,JSMR,RG,4120,21,D,SQ,BK,F
9:34:31,JSMR,RG,4130,1,D,XC,CC,F
9:34:31,JSMR,RG,4120,18,D,SQ,BK,F
9:34:30,JSMR,RG,4120,236,D,SQ,AG,D
9:34:30,JSMR,RG,4120,20,D,YU,AG,D
9:34:30,JSMR,RG,4120,44,D,NI,AG,D
9:33:34,JSMR,RG,4130,12,D,NI,CC,F
9:33:10,JSMR,RG,4130,8,D,YP,CC,F
9:32:19,JSMR,RG,4120,1,D,NI,DR,D
9:32:15,JSMR,RG,4130,250,D,GR,CC,F
9:32:12,JSMR,RG,4130,10,D,SQ,CC,F
9:32:01,JSMR,RG,4130,10,D,PD,CC,F
9:31:41,JSMR,RG,4130,3,D,CC,CC,F
9:31:24,JSMR,RG,4130,2,D,PD,CC,F
9:31:00,JSMR,RG,4130,50,D,YU,CC,F
9:30:02,JSMR,RG,4120,3,D,NI,XC,D
9:29:34,JSMR,RG,4120,11,D,NI,CC,D
9:29:16,JSMR,RG,4120,10,D,NI,DR,D
9:28:43,JSMR,RG,4120,1,D,NI,YP,D
9:28:43,JSMR,RG,4120,200,D,NI,CC,F
9:28:43,JSMR,RG,4120,5,D,NI,XC,D
9:28:43,JSMR,RG,4120,16,D,NI,XC,D
9:28:43,JSMR,RG,4120,95,D,NI,BK,F
9:28:43,JSMR,RG,4120,100,D,NI,CC,F
9:28:43,JSMR,RG,4120,14,D,NI,HP,D
9:28:41,JSMR,RG,4120,2,D,YB,HP,D
9:28:23,JSMR,RG,4120,5,D,PD,HP,D
9:28:01,JSMR,RG,4120,10,D,PD,HP,D
9:27:56,JSMR,RG,4120,1,D,PD,HP,D
9:27:37,JSMR,RG,4120,3,D,NI,HP,D
9:27:37,JSMR,RG,4120,22,D,NI,PD,D
9:27:30,JSMR,RG,4120,25,D,HD,BK,F
9:27:15,JSMR,RG,4120,10,D,NI,BK,F
9:27:10,JSMR,RG,4120,5,D,DR,BK,F
9:26:52,JSMR,RG,4110,1,D,MG,XC,D
9:26:49,JSMR,RG,4120,15,D,NI,BK,F
9:26:49,JSMR,RG,4120,4,D,XC,BK,F
9:26:49,JSMR,RG,4120,19,D,XC,CC,D
9:26:48,JSMR,RG,4120,55,D,YU,CC,D
9:26:37,JSMR,RG,4120,1,D,PD,CC,D
9:26:35,JSMR,RG,4120,1,D,XC,CC,D
9:26:34,JSMR,RG,4120,3,D,KK,CC,D
9:26:34,JSMR,RG,4120,1,D,YP,CC,D
9:26:20,JSMR,RG,4120,5,D,PD,CC,D
9:26:19,JSMR,RG,4120,1,D,AZ,CC,D
9:26:00,JSMR,RG,4120,40,D,YU,CC,D
9:25:55,JSMR,RG,4120,74,D,SQ,CC,D
9:25:55,JSMR,RG,4120,26,D,SQ,PD,F
9:25:55,JSMR,RG,4120,50,D,CC,PD,F
9:25:52,JSMR,RG,4120,24,D,SQ,PD,F
9:25:52,JSMR,RG,4120,51,D,SQ,AK,F
9:25:47,JSMR,RG,4120,18,D,NI,AK,F
9:25:35,JSMR,RG,4110,1,D,MG,XC,D
9:25:29,JSMR,RG,4120,20,D,OD,AK,F
9:25:06,JSMR,RG,4120,12,D,YP,AK,F
9:25:06,JSMR,RG,4120,86,D,YP,PD,D
9:25:06,JSMR,RG,4120,15,D,YP,BK,F
9:25:01,JSMR,RG,4120,1,D,XC,BK,F
9:24:59,JSMR,RG,4120,4,D,CC,BK,F
9:24:51,JSMR,RG,4120,25,D,GR,BK,F
9:24:47,JSMR,RG,4120,1,D,XC,BK,F
9:24:30,JSMR,RG,4120,1,D,YP,BK,F
9:24:23,JSMR,RG,4120,2,D,PD,BK,F
9:24:15,JSMR,RG,4120,2,D,PD,BK,F
9:23:58,JSMR,RG,4120,1,D,SQ,BK,F
9:23:55,JSMR,RG,4120,1,D,YP,BK,F
9:23:51,JSMR,RG,4120,1,D,XC,BK,F
9:23:35,JSMR,RG,4120,1,D,XC,BK,F
9:23:24,JSMR,RG,4120,2,D,KK,BK,F
9:23:20,JSMR,RG,4120,5,D,YP,BK,F
9:23:20,JSMR,RG,4120,42,D,YP,CC,D
9:23:20,JSMR,RG,4110,4,D,MG,YP,D
9:23:05,JSMR,RG,4110,2,D,MG,OD,D
9:23:00,JSMR,RG,4110,37,D,MG,EP,D
9:23:00,JSMR,RG,4110,10,D,MG,CC,D
9:23:00,JSMR,RG,4110,61,D,MG,BK,F
9:23:00,JSMR,RG,4110,150,D,MG,EP,D
9:23:00,JSMR,RG,4110,72,D,MG,BB,D
9:23:00,JSMR,RG,4110,81,D,MG,BB,D
9:23:00,JSMR,RG,4110,34,D,MG,BK,F
9:23:00,JSMR,RG,4110,1,D,MG,BB,D
9:22:59,JSMR,RG,4110,3,D,YP,BB,D
9:22:53,JSMR,RG,4110,2,D,XC,BB,D
9:22:45,JSMR,RG,4110,2,D,YP,BB,D
9:22:45,JSMR,RG,4110,1,D,YP,CC,D
9:22:36,JSMR,RG,4110,1,D,YP,CC,D
9:22:29,JSMR,RG,4110,5,D,CP,CC,D
9:22:23,JSMR,RG,4110,5,D,YP,CC,D
9:22:09,JSMR,RG,4110,2,D,KK,CC,D
9:22:04,JSMR,RG,4110,2,D,PD,CC,D
9:22:03,JSMR,RG,4110,5,D,YP,CC,D
9:21:55,JSMR,RG,4110,1,D,XC,CC,D
9:21:54,JSMR,RG,4110,178,D,YJ,CC,D
9:21:54,JSMR,RG,4110,13,D,YJ,BK,F
9:21:54,JSMR,RG,4110,9,D,YJ,EP,D
9:21:54,JSMR,RG,4110,2,D,PD,EP,D
9:21:53,JSMR,RG,4110,1,D,YP,EP,D
9:21:50,JSMR,RG,4110,26,D,YP,EP,D
9:21:50,JSMR,RG,4110,51,D,YP,BK,F
9:21:50,JSMR,RG,4110,123,D,YP,CC,F
9:21:49,JSMR,RG,4110,3,D,CC,CC,F
9:21:48,JSMR,RG,4110,2,D,PD,CC,F
9:21:44,JSMR,RG,4110,3,D,YP,CC,F
9:21:44,JSMR,RG,4110,10,D,HD,CC,F
9:21:44,JSMR,RG,4110,30,D,PD,CC,F
9:21:44,JSMR,RG,4110,2,D,DR,CC,F
9:21:44,JSMR,RG,4110,1,D,PD,CC,F
9:21:44,JSMR,RG,4110,50,D,PD,CC,F
9:21:44,JSMR,RG,4110,1,D,YP,CC,F
9:21:44,JSMR,RG,4110,5,D,CC,CC,F
9:21:44,JSMR,RG,4110,1,D,YP,CC,F
9:21:44,JSMR,RG,4110,10,D,DH,CC,F
9:21:44,JSMR,RG,4110,2,D,YP,CC,F
9:21:44,JSMR,RG,4110,6,D,NI,CC,F
9:21:44,JSMR,RG,4110,1,D,PD,CC,F
9:21:31,JSMR,RG,4120,3,D,NI,CC,D
9:21:14,JSMR,RG,4110,4,D,GR,XC,D
9:21:13,JSMR,RG,4110,27,D,GR,BK,F
9:21:13,JSMR,RG,4110,1,D,GR,PD,D
9:21:13,JSMR,RG,4110,5,D,GR,LG,D
9:21:13,JSMR,RG,4110,37,D,GR,EP,D
9:21:13,JSMR,RG,4110,100,D,GR,PD,F
9:21:13,JSMR,RG,4110,53,D,GR,XC,D
9:21:09,JSMR,RG,4110,4,D,XC,XC,D
9:21:03,JSMR,RG,4110,2,D,YP,XC,D
9:20:56,JSMR,RG,4110,48,D,GR,XC,D
9:20:56,JSMR,RG,4110,235,D,GR,BK,F
9:20:56,JSMR,RG,4110,5,D,GR,PD,D
9:20:56,JSMR,RG,4110,212,D,GR,CC,F
9:20:55,JSMR,RG,4100,1,D,CP,PD,D
9:20:43,JSMR,RG,4100,24,D,CP,XC,D
9:20:20,JSMR,RG,4100,1,D,CP,PD,D
9:20:12,JSMR,RG,4100,13,D,CP,BK,F
9:20:11,JSMR,RG,4110,25,D,DH,CC,F
9:20:10,JSMR,RG,4110,10,D,NI,CC,F
9:20:00,JSMR,RG,4110,3,D,YP,CC,F
9:19:58,JSMR,RG,4100,30,D,CP,EP,D
9:19:58,JSMR,RG,4100,5,D,CP,PD,D
9:19:57,JSMR,RG,4110,1,D,PD,CC,F
9:19:54,JSMR,RG,4110,1,D,PD,CC,F
9:19:52,JSMR,RG,4110,5,D,YP,CC,F
9:19:50,JSMR,RG,4110,1,D,PD,CC,F
9:19:49,JSMR,RG,4100,18,D,CP,BK,F
9:19:43,JSMR,RG,4100,24,D,CP,BK,F
9:19:42,JSMR,RG,4100,100,D,CP,YP,D
9:19:42,JSMR,RG,4100,2,D,CP,PD,D
9:19:41,JSMR,RG,4100,38,D,CP,BK,F
9:19:41,JSMR,RG,4110,5,D,PD,CC,F
9:19:39,JSMR,RG,4110,3,D,PD,CC,F
9:19:37,JSMR,RG,4110,10,D,LG,CC,F
9:19:37,JSMR,RG,4110,5,D,AZ,CC,F
9:19:37,JSMR,RG,4110,2,D,XC,CC,F
9:19:37,JSMR,RG,4110,27,D,YU,CC,F
9:19:37,JSMR,RG,4110,2,D,XC,CC,F
9:19:37,JSMR,RG,4110,2,D,DR,CC,F
9:19:37,JSMR,RG,4110,2,D,YP,CC,F
9:19:37,JSMR,RG,4110,50,D,YP,CC,F
9:19:37,JSMR,RG,4110,50,D,NI,CC,F
9:19:37,JSMR,RG,4110,3,D,NI,CC,F
9:19:37,JSMR,RG,4110,15,D,OD,CC,F
9:19:37,JSMR,RG,4110,1,D,DH,CC,F
9:19:37,JSMR,RG,4110,5,D,YP,CC,F
9:19:37,JSMR,RG,4110,60,D,XA,CC,F
9:19:28,JSMR,RG,4110,38,D,XA,EP,D
9:19:25,JSMR,RG,4120,25,D,NI,CC,D
9:19:13,JSMR,RG,4110,2,D,XA,BK,F
9:19:13,JSMR,RG,4110,5,D,NI,BK,F
9:19:13,JSMR,RG,4110,5,D,CC,BK,F
9:19:13,JSMR,RG,4110,3,D,NI,BK,F
9:19:09,JSMR,RG,4110,2,D,NI,HP,D
9:19:09,JSMR,RG,4110,8,D,CC,HP,D
9:19:04,JSMR,RG,4110,11,D,CC,BK,F
9:19:01,JSMR,RG,4110,1,D,CC,BK,F
9:19:01,JSMR,RG,4110,2,D,YP,BK,F
9:19:01,JSMR,RG,4110,1,D,OD,BK,F
9:19:01,JSMR,RG,4110,5,D,NI,BK,F
9:19:01,JSMR,RG,4110,48,D,HD,BK,F
9:18:57,JSMR,RG,4110,52,D,HD,PD,D
9:18:57,JSMR,RG,4110,5,D,PD,PD,D
9:18:57,JSMR,RG,4110,2,D,CC,PD,D
9:18:57,JSMR,RG,4110,1,D,XC,PD,D
9:18:57,JSMR,RG,4110,1,D,NI,PD,D
9:18:57,JSMR,RG,4110,10,D,PD,PD,D
9:18:57,JSMR,RG,4110,2,D,YU,PD,D
9:18:57,JSMR,RG,4110,25,D,YP,PD,D
9:18:57,JSMR,RG,4110,10,D,XC,PD,D
9:18:57,JSMR,RG,4110,1,D,PD,PD,D
9:18:57,JSMR,RG,4110,2,D,DH,PD,D
9:18:57,JSMR,RG,4110,24,D,PD,PD,D
9:18:57,JSMR,RG,4110,23,D,YU,PD,D
9:18:57,JSMR,RG,4110,3,D,YP,PD,D
9:18:57,JSMR,RG,4110,10,D,CC,PD,D
9:18:57,JSMR,RG,4110,20,D,CC,PD,D
9:18:57,JSMR,RG,4110,13,D,XC,PD,D
9:18:57,JSMR,RG,4110,1,D,YP,PD,D
9:18:57,JSMR,RG,4110,1,D,KK,PD,D
9:18:57,JSMR,RG,4110,1,D,EP,PD,D
9:18:57,JSMR,RG,4110,30,D,NI,PD,D
9:18:57,JSMR,RG,4110,1,D,PD,PD,D
9:18:57,JSMR,RG,4110,1,D,KK,PD,D
9:18:57,JSMR,RG,4110,5,D,NI,PD,D
9:18:57,JSMR,RG,4110,5,D,SQ,PD,D
9:18:57,JSMR,RG,4110,1,D,PD,PD,D
9:18:57,JSMR,RG,4110,10,D,YP,PD,D
9:18:57,JSMR,RG,4110,2,D,YP,PD,D
9:18:57,JSMR,RG,4110,1,D,PD,PD,D
9:18:57,JSMR,RG,4110,18,D,DR,PD,D
9:18:57,JSMR,RG,4110,1,D,PD,PD,D
9:18:57,JSMR,RG,4110,10,D,YP,PD,D
9:18:57,JSMR,RG,4110,1,D,XC,PD,D
9:18:57,JSMR,RG,4110,10,D,CC,PD,D
9:18:57,JSMR,RG,4110,9,D,PD,PD,D
9:18:57,JSMR,RG,4110,2,D,YP,PD,D
9:18:57,JSMR,RG,4110,86,D,CC,PD,D
9:18:49,JSMR,RG,4110,1,D,CC,XC,D
9:18:17,JSMR,RG,4110,13,D,CC,BK,F
9:18:17,JSMR,RG,4110,5,D,IP,BK,F
9:18:13,JSMR,RG,4110,25,D,IP,BK,F
9:18:13,JSMR,RG,4110,8,D,NI,BK,F
9:18:10,JSMR,RG,4110,2,D,NI,YB,D
9:18:10,JSMR,RG,4110,20,D,SQ,YB,D
9:18:10,JSMR,RG,4110,5,D,PD,YB,D
9:18:10,JSMR,RG,4110,2,D,NI,YB,D
9:18:10,JSMR,RG,4110,5,D,YP,YB,D
9:18:10,JSMR,RG,4110,5,D,CC,YB,D
9:18:10,JSMR,RG,4110,1,D,NI,YB,D
9:18:10,JSMR,RG,4110,12,D,YP,YB,D
9:18:10,JSMR,RG,4110,100,D,CC,YB,D
9:18:10,JSMR,RG,4110,48,D,NI,YB,D
9:18:08,JSMR,RG,4110,26,D,NI,BK,F
9:18:07,JSMR,RG,4110,147,D,NI,NI,D
9:17:56,JSMR,RG,4110,5,D,NI,YP,D
9:17:41,JSMR,RG,4110,22,D,NI,BK,F
9:17:41,JSMR,RG,4110,2,D,NI,YP,D
9:17:41,JSMR,RG,4110,5,D,EP,YP,D
9:17:41,JSMR,RG,4110,8,D,PD,YP,D
9:17:41,JSMR,RG,4110,25,D,YP,YP,D
9:17:41,JSMR,RG,4110,20,D,MG,YP,D
9:17:36,JSMR,RG,4110,29,D,MG,BK,F
9:17:36,JSMR,RG,4120,12,D,BQ,CC,D
9:17:36,JSMR,RG,4110,201,D,MG,LG,D
9:17:36,JSMR,RG,4110,25,D,NI,LG,D
9:17:36,JSMR,RG,4110,13,D,BQ,LG,D
9:17:23,JSMR,RG,4120,2,D,CC,CC,D
9:17:22,JSMR,RG,4110,25,D,BQ,YP,D
9:17:13,JSMR,RG,4120,1,D,OD,CC,D
9:17:04,JSMR,RG,4110,12,D,BQ,BK,F
9:17:04,JSMR,RG,4110,10,D,XC,BK,F
9:17:04,JSMR,RG,4120,5,D,PD,CC,D
9:17:01,JSMR,RG,4120,5,D,YP,CC,D
9:16:47,JSMR,RG,4120,25,D,YP,CC,D
9:16:46,JSMR,RG,4120,1,D,CC,CC,D
9:16:38,JSMR,RG,4120,10,D,OD,CC,D
9:16:22,JSMR,RG,4120,2,D,CC,CC,D
9:16:22,JSMR,RG,4120,10,D,XC,CC,D
9:16:17,JSMR,RG,4120,5,D,YU,CC,D
9:15:51,JSMR,RG,4120,2,D,XC,CC,D
9:15:45,JSMR,RG,4120,2,D,YU,CC,D
9:15:33,JSMR,RG,4110,1,D,XC,XL,D
9:15:10,JSMR,RG,4110,4,D,XC,BK,F
9:15:10,JSMR,RG,4110,5,D,XC,BK,F
9:15:10,JSMR,RG,4110,10,D,YP,BK,F
9:15:10,JSMR,RG,4110,1,D,YB,BK,F
9:15:10,JSMR,RG,4110,2,D,YP,BK,F
9:15:08,JSMR,RG,4110,10,D,YP,CC,D
9:15:08,JSMR,RG,4110,10,D,YP,CC,D
9:15:08,JSMR,RG,4110,3,D,PD,CC,D
9:15:08,JSMR,RG,4110,2,D,PD,CC,D
9:15:08,JSMR,RG,4110,2,D,PD,CC,D
9:15:08,JSMR,RG,4110,10,D,DR,CC,D
9:15:07,JSMR,RG,4110,10,D,DR,BK,F
9:15:07,JSMR,RG,4110,2,D,XC,BK,F
9:15:07,JSMR,RG,4110,1,D,PD,BK,F
9:15:07,JSMR,RG,4110,2,D,MG,BK,F
9:15:05,JSMR,RG,4120,1,D,XC,CC,D
9:15:03,JSMR,RG,4120,5,D,PD,CC,D
9:15:03,JSMR,RG,4120,13,D,EP,CC,D
9:15:03,JSMR,RG,4120,5,D,XC,CC,D
9:15:03,JSMR,RG,4120,5,D,LG,CC,D
9:15:03,JSMR,RG,4120,3,D,XC,CC,D
9:15:03,JSMR,RG,4120,22,D,YU,CC,D
9:15:03,JSMR,RG,4120,3,D,LG,CC,D
9:15:03,JSMR,RG,4120,3,D,YP,CC,D
9:15:03,JSMR,RG,4120,1,D,XC,CC,D
9:15:03,JSMR,RG,4120,4,D,CC,CC,D
9:15:03,JSMR,RG,4120,100,D,ID,CC,D
9:15:03,JSMR,RG,4120,5,D,AZ,CC,D
9:15:03,JSMR,RG,4120,10,D,XC,CC,D
9:15:03,JSMR,RG,4120,2,D,YP,CC,D
9:15:03,JSMR,RG,4120,25,D,XL,CC,D
9:15:03,JSMR,RG,4120,100,D,ZP,CC,D
9:15:03,JSMR,RG,4120,20,D,LS,CC,D
9:15:03,JSMR,RG,4120,2,D,YP,CC,D
9:15:03,JSMR,RG,4120,19,D,PD,CC,D
9:14:52,JSMR,RG,4120,1,D,PD,YP,D
9:14:52,JSMR,RG,4120,3,D,YB,YP,D
9:14:52,JSMR,RG,4120,1,D,XC,YP,D
9:14:52,JSMR,RG,4120,2,D,PD,YP,D
9:14:52,JSMR,RG,4120,1,D,YP,YP,D
9:14:52,JSMR,RG,4120,1,D,PD,YP,D
9:14:52,JSMR,RG,4120,31,D,CC,YP,D
9:14:50,JSMR,RG,4120,7,D,CC,CC,F
9:14:50,JSMR,RG,4120,5,D,CC,CC,F
9:14:50,JSMR,RG,4120,3,D,XC,CC,F
9:14:50,JSMR,RG,4120,10,D,NI,CC,F
9:14:50,JSMR,RG,4120,10,D,YP,CC,F
9:14:50,JSMR,RG,4120,1,D,KK,CC,F
9:14:50,JSMR,RG,4120,5,D,LG,CC,F
9:14:50,JSMR,RG,4120,2,D,XC,CC,F
9:14:50,JSMR,RG,4120,5,D,XC,CC,F
9:14:50,JSMR,RG,4120,3,D,XC,CC,F
9:14:50,JSMR,RG,4120,1,D,KK,CC,F
9:14:50,JSMR,RG,4120,23,D,PD,CC,F
9:14:50,JSMR,RG,4120,1,D,XC,CC,F
9:14:50,JSMR,RG,4120,8,D,YP,CC,F
9:14:50,JSMR,RG,4120,1,D,CC,CC,F
9:14:50,JSMR,RG,4120,10,D,SQ,CC,F
9:14:50,JSMR,RG,4120,26,D,YU,CC,F
9:14:50,JSMR,RG,4120,3,D,YP,CC,F
9:14:50,JSMR,RG,4120,5,D,YP,CC,F
9:14:50,JSMR,RG,4120,10,D,YP,CC,F
9:14:50,JSMR,RG,4120,1,D,PD,CC,F
9:14:50,JSMR,RG,4120,2,D,YU,CC,F
9:14:50,JSMR,RG,4120,10,D,XC,CC,F
9:14:50,JSMR,RG,4120,30,D,YP,CC,F
9:14:50,JSMR,RG,4120,2,D,YP,CC,F
9:14:50,JSMR,RG,4120,1,D,PD,CC,F
9:14:50,JSMR,RG,4120,5,D,CC,CC,F
9:14:50,JSMR,RG,4120,25,D,AF,CC,F
9:14:50,JSMR,RG,4120,4,D,NI,CC,F
9:14:50,JSMR,RG,4120,10,D,YP,CC,F
9:14:50,JSMR,RG,4120,3,D,PD,CC,F
9:14:50,JSMR,RG,4120,1,D,CC,CC,F
9:14:50,JSMR,RG,4120,5,D,PD,CC,F
9:14:50,JSMR,RG,4120,5,D,LG,CC,F
9:14:50,JSMR,RG,4120,2,D,XC,CC,F
9:14:50,JSMR,RG,4120,10,D,NI,CC,F
9:14:50,JSMR,RG,4120,125,D,DH,CC,F
9:14:50,JSMR,RG,4120,3,D,YP,CC,F
9:14:50,JSMR,RG,4120,5,D,LS,CC,F
9:14:50,JSMR,RG,4120,1,D,YP,CC,F
9:14:50,JSMR,RG,4120,1,D,YP,CC,F
9:14:50,JSMR,RG,4120,100,D,CC,CC,F
9:14:50,JSMR,RG,4120,2,D,YP,CC,F
9:14:50,JSMR,RG,4120,8,D,SQ,CC,F
9:14:45,JSMR,RG,4120,5,D,SQ,CC,D
9:14:12,JSMR,RG,4120,7,D,SQ,YB,D
9:14:12,JSMR,RG,4120,2,D,TF,YB,D
9:14:12,JSMR,RG,4120,1,D,CC,YB,D
9:13:29,JSMR,RG,4130,10,D,XC,CC,F
9:13:22,JSMR,RG,4130,1,D,IP,CC,F
9:13:21,JSMR,RG,4130,15,D,CC,CC,F
9:13:21,JSMR,RG,4120,3,D,CC,CC,D
9:13:18,JSMR,RG,4130,1,D,XC,CC,F
9:13:02,JSMR,RG,4130,4,D,XC,CC,F
9:12:57,JSMR,RG,4130,1,D,CC,CC,F
9:12:55,JSMR,RG,4120,1,D,CC,YP,D
9:12:49,JSMR,RG,4130,2,D,LG,CC,F
9:12:46,JSMR,RG,4130,1,D,YP,CC,F
9:12:46,JSMR,RG,4130,31,D,YU,CC,F
9:12:46,JSMR,RG,4130,2,D,KK,CC,F
9:12:31,JSMR,RG,4130,3,D,XC,CC,D
9:12:31,JSMR,RG,4130,9,D,XC,BK,F
9:12:22,JSMR,RG,4130,1,D,YP,BK,F
9:12:22,JSMR,RG,4130,65,D,PC,BK,F
9:12:22,JSMR,RG,4130,278,D,PC,CC,D
9:12:22,JSMR,RG,4130,100,D,PC,PD,D
9:12:22,JSMR,RG,4130,22,D,PC,BK,F
9:12:22,JSMR,RG,4130,10,D,PC,NI,D
9:12:22,JSMR,RG,4130,25,D,PC,PD,D
9:11:41,JSMR,RG,4130,2,D,AZ,PD,D
9:11:19,JSMR,RG,4130,1,D,CC,PD,D
9:11:14,JSMR,RG,4130,58,D,OD,PD,D
9:11:14,JSMR,RG,4130,2,D,OD,XC,D
9:11:14,JSMR,RG,4130,25,D,OD,BK,F
9:11:14,JSMR,RG,4130,15,D,OD,PD,D
9:11:00,JSMR,RG,4130,51,D,YU,PD,D
9:10:52,JSMR,RG,4120,9,D,CC,BB,D
9:10:46,JSMR,RG,4120,6,D,CC,BB,D
9:10:29,JSMR,RG,4130,25,D,CC,PD,D
9:10:28,JSMR,RG,4130,17,D,YP,PD,D
9:10:28,JSMR,RG,4130,35,D,YP,LG,D
9:10:28,JSMR,RG,4130,12,D,YP,BK,F
9:10:28,JSMR,RG,4130,1,D,YP,BB,D
9:10:28,JSMR,RG,4130,4,D,YP,BB,D
9:10:22,JSMR,RG,4130,1,D,CC,BB,D
9:10:22,JSMR,RG,4130,1,D,CC,XC,D
9:10:15,JSMR,RG,4130,1,D,YP,XC,D
9:10:12,JSMR,RG,4130,2,D,YP,XC,D
9:10:08,JSMR,RG,4130,2,D,YP,XC,D
9:10:07,JSMR,RG,4130,5,D,IP,XC,D
9:10:07,JSMR,RG,4130,4,D,IP,BB,D
9:10:07,JSMR,RG,4130,6,D,IP,BK,F
9:10:03,JSMR,RG,4130,2,D,YP,BK,F
9:10:00,JSMR,RG,4130,10,D,DR,BK,F
9:09:54,JSMR,RG,4130,1,D,XC,BK,F
9:09:52,JSMR,RG,4130,30,D,PD,BK,F
9:09:43,JSMR,RG,4130,11,D,PD,BK,F
9:09:43,JSMR,RG,4130,4,D,PD,BB,D
9:09:43,JSMR,RG,4130,5,D,PD,AG,F
9:09:43,JSMR,RG,4120,24,D,CC,CC,D
9:09:36,JSMR,RG,4130,25,D,HD,AG,F
9:09:30,JSMR,RG,4130,19,D,DR,AG,F
9:09:28,JSMR,RG,4130,1,D,DR,BB,D
9:09:28,JSMR,RG,4130,1,D,DR,BB,D
9:09:27,JSMR,RG,4130,1,D,DR,BB,D
9:09:27,JSMR,RG,4130,58,D,DR,BK,F
9:09:27,JSMR,RG,4130,20,D,DR,BB,D
9:09:26,JSMR,RG,4130,5,D,YP,BB,D
9:09:24,JSMR,RG,4130,1,D,YP,BB,D
9:09:19,JSMR,RG,4130,4,D,XC,BB,D
9:09:19,JSMR,RG,4130,6,D,XC,BB,D
9:09:17,JSMR,RG,4130,10,D,OD,BB,D
9:09:05,JSMR,RG,4130,15,D,DR,BB,D
9:09:05,JSMR,RG,4130,2,D,DR,BB,D
9:09:05,JSMR,RG,4130,50,D,DR,PD,F
9:09:05,JSMR,RG,4130,3,D,DR,YP,D
9:09:05,JSMR,RG,4130,57,D,DR,YP,D
9:09:05,JSMR,RG,4130,1,D,DR,YP,D
9:09:05,JSMR,RG,4130,5,D,DR,YP,D
9:09:05,JSMR,RG,4130,5,D,DR,PD,D
9:09:05,JSMR,RG,4130,50,D,DR,PD,F
9:09:05,JSMR,RG,4130,12,D,DR,BK,F
9:09:00,JSMR,RG,4120,6,D,CC,YP,D
9:08:58,JSMR,RG,4120,15,D,CC,LG,D
9:08:50,JSMR,RG,4120,35,D,CC,CC,D
9:08:50,JSMR,RG,4120,5,D,YP,CC,D
9:08:50,JSMR,RG,4120,29,D,YU,CC,D
9:08:50,JSMR,RG,4120,10,D,PD,CC,D
9:08:50,JSMR,RG,4120,1,D,XC,CC,D
9:08:50,JSMR,RG,4120,24,D,YB,CC,D
9:08:50,JSMR,RG,4120,3,D,PD,CC,D
9:08:50,JSMR,RG,4120,10,D,GR,CC,D
9:08:50,JSMR,RG,4120,20,D,KI,CC,D
9:08:50,JSMR,RG,4120,1,D,NI,CC,D
9:08:50,JSMR,RG,4120,5,D,YP,CC,D
9:08:50,JSMR,RG,4120,2,D,KK,CC,D
9:08:50,JSMR,RG,4120,1,D,NI,CC,D
9:08:50,JSMR,RG,4120,1,D,XC,CC,D
9:08:50,JSMR,RG,4120,53,D,KK,CC,D
9:08:45,JSMR,RG,4120,24,D,KK,CC,D
9:08:33,JSMR,RG,4120,2,D,KK,YP,D
9:08:32,JSMR,RG,4130,5,D,XC,BK,F
9:08:30,JSMR,RG,4130,10,D,NI,BK,F
9:08:13,JSMR,RG,4130,38,D,CC,BK,F
9:08:13,JSMR,RG,4130,12,D,CC,BK,F
9:08:04,JSMR,RG,4130,1,D,DR,BK,F
9:08:04,JSMR,RG,4130,5,D,DR,NI,D
9:08:04,JSMR,RG,4130,1,D,DR,BB,D
9:08:04,JSMR,RG,4130,2,D,DR,BB,D
9:08:04,JSMR,RG,4130,1,D,DR,BB,D
9:07:34,JSMR,RG,4120,25,D,KK,AT,D
9:07:04,JSMR,RG,4130,10,D,PD,PD,D
9:07:00,JSMR,RG,4130,1,D,KK,PD,D
9:06:46,JSMR,RG,4120,2,D,KK,PD,D
9:06:39,JSMR,RG,4130,1,D,CC,PD,D
9:06:26,JSMR,RG,4130,1,D,DH,PD,D
9:06:12,JSMR,RG,4130,2,D,KK,PD,D
9:06:09,JSMR,RG,4120,1,D,KK,XC,D
9:05:58,JSMR,RG,4120,2,D,KK,XL,D
9:05:53,JSMR,RG,4130,1,D,PD,PD,D
9:05:49,JSMR,RG,4130,1,D,YP,PD,D
9:05:48,JSMR,RG,4130,3,D,YP,PD,D
9:05:48,JSMR,RG,4130,2,D,YP,PD,D
9:05:02,JSMR,RG,4130,84,D,CC,PD,D
9:05:02,JSMR,RG,4130,16,D,CC,PD,F
9:04:42,JSMR,RG,4120,50,D,KK,CC,F
9:04:36,JSMR,RG,4120,100,D,KK,CC,F
9:04:35,JSMR,RG,4130,2,D,IU,PD,F
9:04:29,JSMR,RG,4130,1,D,DH,PD,F
9:04:07,JSMR,RG,4130,10,D,YP,PD,F
9:04:05,JSMR,RG,4120,5,D,KK,PD,D
9:04:05,JSMR,RG,4120,1,D,KK,PD,D
9:04:04,JSMR,RG,4120,35,D,KK,SQ,D
9:04:04,JSMR,RG,4120,8,D,XC,SQ,D
9:04:04,JSMR,RG,4120,3,D,CC,SQ,D
9:04:04,JSMR,RG,4120,10,D,HP,SQ,D
9:04:04,JSMR,RG,4120,25,D,XC,SQ,D
9:04:04,JSMR,RG,4120,10,D,YP,SQ,D
9:04:04,JSMR,RG,4120,50,D,YP,SQ,D
9:04:04,JSMR,RG,4120,5,D,CC,SQ,D
9:04:04,JSMR,RG,4120,2,D,PD,SQ,D
9:04:04,JSMR,RG,4120,24,D,YP,SQ,D
9:04:04,JSMR,RG,4120,10,D,DR,SQ,D
9:04:04,JSMR,RG,4120,1,D,KK,SQ,D
9:04:04,JSMR,RG,4120,10,D,DR,SQ,D
9:04:04,JSMR,RG,4120,1,D,XC,SQ,D
9:04:04,JSMR,RG,4120,5,D,XC,SQ,D
9:04:04,JSMR,RG,4120,1,D,PD,SQ,D
9:03:57,JSMR,RG,4130,20,D,PD,PD,F
9:03:54,JSMR,RG,4130,1,D,CC,PD,F
9:03:54,JSMR,RG,4130,4,D,CC,BK,F
9:03:51,JSMR,RG,4130,7,D,SQ,BK,F
9:03:48,JSMR,RG,4130,20,D,SQ,BK,F
9:03:44,JSMR,RG,4130,2,D,NI,BK,F
9:03:38,JSMR,RG,4130,1,D,XC,BK,F
9:03:30,JSMR,RG,4130,10,D,YP,BK,F
9:03:23,JSMR,RG,4130,50,D,CC,BK,F
9:03:23,JSMR,RG,4130,50,D,CC,YB,D
9:03:18,JSMR,RG,4130,2,D,SQ,PD,D
9:03:18,JSMR,RG,4130,2,D,YP,PD,D
9:02:59,JSMR,RG,4130,1,D,XC,PD,D
9:02:59,JSMR,RG,4130,100,D,CC,PD,D
9:02:53,JSMR,RG,4130,2,D,XC,PD,D
9:02:46,JSMR,RG,4130,20,D,GR,PD,D
9:02:43,JSMR,RG,4130,1,D,OD,PD,D
9:02:37,JSMR,RG,4130,1,D,KK,PD,D
9:02:37,JSMR,RG,4130,5,D,EP,PD,D
9:02:37,JSMR,RG,4130,10,D,YP,PD,D
9:02:37,JSMR,RG,4130,25,D,TP,PD,D
9:02:37,JSMR,RG,4130,1,D,CC,PD,D
9:02:37,JSMR,RG,4130,1,D,YP,PD,D
9:02:37,JSMR,RG,4130,19,D,YP,PD,D
9:02:37,JSMR,RG,4130,10,D,DH,PD,D
9:02:32,JSMR,RG,4130,20,D,DH,HP,D
9:02:31,JSMR,RG,4130,6,D,DH,DR,D
9:02:31,JSMR,RG,4130,4,D,CC,DR,D
9:02:31,JSMR,RG,4130,1,D,YP,DR,D
9:02:31,JSMR,RG,4130,10,D,CC,DR,D
9:02:31,JSMR,RG,4130,1,D,PD,DR,D
9:02:31,JSMR,RG,4130,10,D,DR,DR,D
9:02:31,JSMR,RG,4130,1,D,PD,DR,D
9:02:31,JSMR,RG,4130,1,D,PD,DR,D
9:02:31,JSMR,RG,4130,1,D,DR,DR,D
9:02:31,JSMR,RG,4140,2,D,YP,PD,D
9:02:31,JSMR,RG,4140,5,D,PD,PD,D
9:02:31,JSMR,RG,4140,11,D,DR,PD,D
9:02:31,JSMR,RG,4140,23,D,YU,PD,D
9:02:31,JSMR,RG,4140,5,D,CC,PD,D
9:02:31,JSMR,RG,4140,50,D,BQ,PD,D
9:02:31,JSMR,RG,4140,10,D,YP,PD,D
9:02:31,JSMR,RG,4140,5,D,CC,PD,D
9:02:31,JSMR,RG,4140,10,D,CC,PD,D
9:02:31,JSMR,RG,4140,3,D,CC,PD,D
9:02:31,JSMR,RG,4140,2,D,XC,PD,D
9:02:31,JSMR,RG,4140,10,D,PD,PD,D
9:02:31,JSMR,RG,4140,20,D,SQ,PD,D
9:02:31,JSMR,RG,4140,15,D,XC,PD,D
9:02:31,JSMR,RG,4140,8,D,KK,PD,D
9:02:31,JSMR,RG,4140,10,D,DR,PD,D
9:02:31,JSMR,RG,4140,1,D,DR,PD,D
9:02:31,JSMR,RG,4140,1,D,PD,PD,D
9:02:07,JSMR,RG,4150,1,D,PD,BB,D
9:02:07,JSMR,RG,4150,50,D,DR,BB,D
9:02:07,JSMR,RG,4150,10,D,PD,BB,D
9:02:07,JSMR,RG,4150,10,D,YU,BB,D
9:02:07,JSMR,RG,4150,25,D,CC,BB,D
9:02:07,JSMR,RG,4150,1,D,PD,BB,D
9:02:07,JSMR,RG,4150,10,D,XC,BB,D
9:02:07,JSMR,RG,4150,7,D,SQ,BB,D
9:02:07,JSMR,RG,4150,3,D,SQ,BB,D
9:02:07,JSMR,RG,4150,4,D,XC,BB,D
9:02:07,JSMR,RG,4150,10,D,YP,BB,D
9:02:07,JSMR,RG,4150,46,D,XC,BB,D
9:02:07,JSMR,RG,4150,2,D,YP,BB,D
9:02:07,JSMR,RG,4150,7,D,CC,BB,D
9:02:07,JSMR,RG,4150,3,D,CC,BB,D
9:02:07,JSMR,RG,4150,3,D,CC,BB,D
9:02:07,JSMR,RG,4150,100,D,DH,BB,D
9:02:07,JSMR,RG,4150,10,D,CC,BB,D
9:02:07,JSMR,RG,4150,5,D,PD,BB,D
9:02:07,JSMR,RG,4150,4,D,EP,BB,D
9:02:07,JSMR,RG,4150,6,D,PD,BB,D
9:02:07,JSMR,RG,4150,4,D,PD,BB,D
9:02:07,JSMR,RG,4150,1,D,PD,BB,D
9:02:07,JSMR,RG,4150,1,D,XL,BB,D
9:02:07,JSMR,RG,4150,15,D,XL,BB,D
9:01:51,JSMR,RG,4150,5,D,XL,YP,D
9:01:51,JSMR,RG,4150,1,D,DH,YP,D
9:01:37,JSMR,RG,4150,1,D,DH,NI,D
9:01:37,JSMR,RG,4150,2,D,XA,NI,D
9:01:37,JSMR,RG,4150,50,D,XC,PD,D
9:01:33,JSMR,RG,4160,5,D,SQ,AK,F
9:01:04,JSMR,RG,4160,1,D,KK,AK,F
9:00:22,JSMR,RG,4160,5,D,NI,AK,F
9:00:22,JSMR,RG,4160,5,D,NI,AK,F
9:00:12,JSMR,RG,4160,40,D,CC,AK,F
9:00:11,JSMR,RG,4160,2,D,XC,AK,F
9:00:11,JSMR,RG,4160,1,D,XC,AK,F
9:00:11,JSMR,RG,4160,19,D,YP,AK,F
9:00:09,JSMR,RG,4160,19,D,PD,AK,F
9:00:09,JSMR,RG,4160,29,D,PD,CC,D
9:00:05,JSMR,RG,4160,2,D,EP,CC,D
9:00:03,JSMR,RG,4160,2,D,OD,CC,D
9:00:03,JSMR,RG,4160,4,D,KK,CC,D
9:00:02,JSMR,RG,4160,9,D,YU,CC,D
9:00:01,JSMR,RG,4160,3,D,EP,CC,D
9:00:01,JSMR,RG,4160,1,D,XC,CC,D
9:00:01,JSMR,RG,4160,2,D,YP,CC,D
9:00:01,JSMR,RG,4160,20,D,YU,CC,D
9:00:01,JSMR,RG,4160,30,D,CC,CC,D
9:00:01,JSMR,RG,4160,10,D,YP,CC,D
9:00:01,JSMR,RG,4160,14,D,CC,CC,D
9:00:01,JSMR,RG,4160,1,D,CC,CC,D
9:00:01,JSMR,RG,4160,16,D,YP,CC,D
9:00:01,JSMR,RG,4160,15,D,CC,CC,D
9:00:01,JSMR,RG,4160,15,D,CC,CC,D
9:00:01,JSMR,RG,4160,26,D,OD,CC,D
9:00:01,JSMR,RG,4160,1,D,SQ,CC,D
9:00:00,JSMR,RG,4160,19,D,SQ,PD,D
9:00:00,JSMR,RG,4160,1,D,CC,PD,D
9:00:00,JSMR,RG,4160,66,D,CC,PD,D
8:55:00,JSMR,RG,4160,54,D,CC,PD,D
8:55:00,JSMR,RG,4160,1,D,PD,PD,D
8:55:00,JSMR,RG,4160,1,D,XC,PD,D
8:55:00,JSMR,RG,4160,5,D,XC,PD,D
8:55:00,JSMR,RG,4160,2,D,DR,PD,D
8:55:00,JSMR,RG,4160,5,D,LG,PD,D
8:55:00,JSMR,RG,4160,1,D,XL,PD,D
8:55:00,JSMR,RG,4160,2,D,DR,PD,D
8:55:00,JSMR,RG,4160,1,D,AZ,PD,D
8:55:00,JSMR,RG,4160,1,D,YJ,PD,D
8:55:00,JSMR,RG,4160,40,D,YU,PD,D
8:55:00,JSMR,RG,4160,37,D,CP,PD,D
8:55:00,JSMR,RG,4160,1,D,CP,YP,D
8:55:00,JSMR,RG,4160,13,D,CP,EP,D
8:55:00,JSMR,RG,4160,16,D,CP,PD,D
8:55:00,JSMR,RG,4160,1,D,CP,XC,D
8:55:00,JSMR,RG,4160,1,D,CP,YB,D
8:55:00,JSMR,RG,4160,20,D,CP,YP,D
8:55:00,JSMR,RG,4160,151,D,CP,CC,F
8:55:00,JSMR,RG,4160,1,D,YP,CC,F
8:55:00,JSMR,RG,4160,25,D,CC,CC,F
8:55:00,JSMR,RG,4160,4,D,EP,CC,F
8:55:00,JSMR,RG,4160,2,D,CC,CC,F
8:55:00,JSMR,RG,4160,3,D,XC,CC,F
8:55:00,JSMR,RG,4160,14,D,YU,CC,F