Time,Stock,Brd,Price,Qty,BT,BC,SC,ST
15:14:02,JSMR,RG,3890,1,D,XC,LG,D
15:14:02,JSMR,RG,3890,1,D,XC,DX,D
15:12:33,JSMR,RG,3890,3,D,XC,DX,D
15:09:48,JSMR,RG,3890,96,D,EP,DX,D
15:09:48,JSMR,RG,3890,104,D,EP,CS,D
15:07:45,JSMR,RG,3890,2,D,CC,CS,D
15:03:36,JSMR,RG,3890,10,D,GR,CS,D
15:01:51,JSMR,RG,3890,2,D,DH,CS,D
15:01:02,JSMR,RG,3890,52,D,YP,CS,D
15:00:00,JSMR,RG,3890,1,D,KK,CS,D
15:00:00,JSMR,RG,3890,4,D,YP,CS,D
15:00:00,JSMR,RG,3890,5,D,KZ,CS,D
15:00:00,JSMR,RG,3890,122,D,KZ,CS,D
15:00:00,JSMR,RG,3890,163,D,KZ,CS,F
15:00:00,JSMR,RG,3890,5,D,KZ,YP,D
15:00:00,JSMR,RG,3890,100,D,KZ,DX,D
15:00:00,JSMR,RG,3890,19,D,KZ,DX,D
15:00:00,JSMR,RG,3890,419,D,KZ,YU,D
15:00:00,JSMR,RG,3890,77,D,KZ,YU,D
15:00:00,JSMR,RG,3890,153,F,ZP,YU,D
15:00:00,JSMR,RG,3890,255,F,ZP,DX,D
15:00:00,JSMR,RG,3890,45,F,AK,DX,D
15:00:00,JSMR,RG,3890,2,F,AK,EP,D
15:00:00,JSMR,RG,3890,15,F,AK,YP,D
15:00:00,JSMR,RG,3890,20,F,AK,YP,D
15:00:00,JSMR,RG,3890,5,F,AK,CC,D
15:00:00,JSMR,RG,3890,1,F,AK,HP,D
15:00:00,JSMR,RG,3890,15,F,AK,PD,D
15:00:00,JSMR,RG,3890,2,F,AK,AK,F
15:00:00,JSMR,RG,3890,4,F,AK,AK,F
14:49:45,JSMR,RG,3870,3,F,AK,CS,F
14:49:45,JSMR,RG,3870,2,F,AK,CS,F
14:49:45,JSMR,RG,3870,1,F,AK,CS,F
14:49:30,JSMR,RG,3870,1,F,AK,CS,F
14:49:23,JSMR,RG,3860,9,D,YU,YP,D
14:48:26,JSMR,RG,3860,16,D,YU,DX,D
14:48:25,JSMR,RG,3860,1,F,OD,DX,D
14:48:20,JSMR,RG,3860,10,D,LG,DX,D
14:48:05,JSMR,RG,3860,1,D,YP,DX,D
14:47:55,JSMR,RG,3850,3,D,YU,DR,D
14:47:51,JSMR,RG,3850,3,D,YU,DR,D
14:47:41,JSMR,RG,3850,3,D,YU,DR,D
14:47:36,JSMR,RG,3860,40,D,OD,DX,D
14:47:36,JSMR,RG,3860,100,D,YP,DX,D
14:47:34,JSMR,RG,3860,11,F,AK,DX,D
14:47:34,JSMR,RG,3860,100,D,YP,DX,D
14:47:34,JSMR,RG,3860,1,D,YP,DX,D
14:47:34,JSMR,RG,3860,1,D,KK,DX,D
14:47:34,JSMR,RG,3860,2,D,YP,DX,D
14:47:34,JSMR,RG,3860,1,D,DR,DX,D
14:47:34,JSMR,RG,3860,5,D,EP,DX,D
14:47:34,JSMR,RG,3860,1,D,KK,DX,D
14:47:34,JSMR,RG,3860,6,D,XC,DX,D
14:47:34,JSMR,RG,3860,1,D,YP,DX,D
14:47:34,JSMR,RG,3860,1,D,YP,DX,D
14:47:34,JSMR,RG,3860,3,D,NI,DX,D
14:47:34,JSMR,RG,3860,9,F,AK,DX,D
14:47:34,JSMR,RG,3860,10,D,OD,DX,D
14:47:34,JSMR,RG,3860,10,F,AK,DX,D
14:47:34,JSMR,RG,3860,170,D,CC,DX,D
14:47:15,JSMR,RG,3870,6,F,AK,CS,F
14:46:20,JSMR,RG,3870,15,D,CC,CS,F
14:46:18,JSMR,RG,3870,1,D,YP,CS,F
14:46:15,JSMR,RG,3870,10,F,AK,CS,F
14:45:56,JSMR,RG,3870,30,D,PD,CS,F
14:45:45,JSMR,RG,3870,1,D,YP,CS,F
14:45:30,JSMR,RG,3870,8,F,AK,CS,F
14:45:21,JSMR,RG,3860,2,D,CC,GR,D
14:45:14,JSMR,RG,3860,23,D,CC,DR,D
14:45:14,JSMR,RG,3860,1,D,CC,AK,F
14:45:14,JSMR,RG,3860,1,D,CC,SQ,D
14:45:14,JSMR,RG,3860,125,D,CC,XA,D
14:45:14,JSMR,RG,3860,27,D,CC,DR,D
14:45:14,JSMR,RG,3860,1,D,CC,AK,F
14:45:14,JSMR,RG,3860,150,D,CC,DX,D
14:44:55,JSMR,RG,3850,12,D,YU,DP,D
14:44:51,JSMR,RG,3850,69,D,YU,DP,D
14:44:51,JSMR,RG,3850,1,D,OD,DP,D
14:44:51,JSMR,RG,3850,1,D,EP,DP,D
14:44:51,JSMR,RG,3850,10,D,DX,DP,D
14:44:51,JSMR,RG,3850,5,D,YP,DP,D
14:44:51,JSMR,RG,3850,46,D,YP,DP,D
14:44:47,JSMR,RG,3850,4,D,YP,DR,D
14:44:47,JSMR,RG,3850,1,D,NI,DR,D
14:44:46,JSMR,RG,3850,2,D,NI,DR,D
14:44:46,JSMR,RG,3850,2,D,YP,DR,D
14:44:46,JSMR,RG,3850,1,D,NI,DR,D
14:44:46,JSMR,RG,3850,26,D,XC,DR,D
14:44:45,JSMR,RG,3850,1,D,XC,AK,F
14:44:42,JSMR,RG,3850,3,D,XC,DP,D
14:44:42,JSMR,RG,3850,3,D,XL,DP,D
14:44:42,JSMR,RG,3850,1,D,NI,DP,D
14:44:42,JSMR,RG,3850,20,D,YP,DP,D
14:44:42,JSMR,RG,3850,1,D,CC,DP,D
14:44:42,JSMR,RG,3850,35,D,IT,DP,D
14:44:41,JSMR,RG,3850,82,D,IT,DP,D
14:44:36,JSMR,RG,3860,50,D,KK,DX,D
14:44:36,JSMR,RG,3860,6,D,KK,EP,D
14:44:36,JSMR,RG,3860,3,D,KK,OD,D
14:44:36,JSMR,RG,3860,41,D,KK,DX,D
14:44:30,JSMR,RG,3850,11,D,IT,YU,D
14:44:05,JSMR,RG,3860,2,D,XC,DX,D
14:44:00,JSMR,RG,3850,10,D,IT,YU,D
14:43:40,JSMR,RG,3860,10,D,ZR,DX,D
14:43:32,JSMR,RG,3860,25,D,PD,DX,D
14:43:23,JSMR,RG,3850,14,D,IT,DP,D
14:43:15,JSMR,RG,3850,1,D,IT,AK,F
14:43:11,JSMR,RG,3860,10,D,DR,DX,D
14:42:45,JSMR,RG,3860,35,F,AK,DX,D
14:42:42,JSMR,RG,3850,41,D,IT,DP,D
14:42:41,JSMR,RG,3850,188,D,IT,DP,D
14:42:41,JSMR,RG,3860,1,D,YP,DX,D
14:41:58,JSMR,RG,3860,1,D,CC,DX,D
14:41:45,JSMR,RG,3860,15,D,ZR,DX,D
14:41:20,JSMR,RG,3860,3,D,YP,DX,D
14:40:59,JSMR,RG,3850,220,D,IT,PD,D
14:39:54,JSMR,RG,3850,3,D,IT,DP,D
14:39:09,JSMR,RG,3850,3,D,IT,YP,D
14:38:53,JSMR,RG,3850,21,D,IT,DR,D
14:38:46,JSMR,RG,3850,52,D,IT,YP,D
14:38:36,JSMR,RG,3850,5,D,IT,CC,D
14:38:18,JSMR,RG,3850,40,D,IT,DP,D
14:38:10,JSMR,RG,3860,1,D,XC,DX,D
14:37:38,JSMR,RG,3850,20,D,IT,DR,D
14:37:32,JSMR,RG,3850,10,D,IT,YU,D
14:36:44,JSMR,RG,3850,38,D,IT,DP,D
14:35:40,JSMR,RG,3860,1,D,XC,DX,D
14:35:23,JSMR,RG,3860,55,D,PD,DX,D
14:35:23,JSMR,RG,3860,1,D,PD,AK,F
14:35:23,JSMR,RG,3860,1,D,PD,AK,F
14:35:23,JSMR,RG,3860,1,D,PD,AK,F
14:35:23,JSMR,RG,3860,46,D,PD,DR,D
14:35:23,JSMR,RG,3860,21,D,PD,DP,D
14:35:07,JSMR,RG,3860,5,D,XC,DP,D
14:35:03,JSMR,RG,3860,1,D,OD,DP,D
14:34:53,JSMR,RG,3860,1,D,OD,DP,D
14:34:34,JSMR,RG,3860,5,D,XC,DP,D
14:33:51,JSMR,RG,3850,180,D,IT,PD,D
14:33:22,JSMR,RG,3860,3,D,NI,DP,D
14:33:20,JSMR,RG,3860,1,D,YP,DP,D
14:33:03,JSMR,RG,3860,1,D,YP,DP,D
14:33:02,JSMR,RG,3860,1,D,PD,DP,D
14:32:46,JSMR,RG,3860,1,D,YU,DP,D
14:32:22,JSMR,RG,3860,1,D,YP,DP,D
14:32:07,JSMR,RG,3860,5,D,XC,DP,D
14:30:34,JSMR,RG,3850,10,D,IT,DR,D
14:30:30,JSMR,RG,3860,1,D,XC,DP,D
14:30:25,JSMR,RG,3860,2,D,YP,DP,D
14:30:20,JSMR,RG,3860,220,D,YU,DP,D
14:30:20,JSMR,RG,3860,90,D,YU,DX,D
14:30:19,JSMR,RG,3860,2,D,KK,DX,D
14:30:01,JSMR,RG,3860,4,D,XC,DX,D
14:30:00,JSMR,RG,3860,10,D,KK,DX,D
14:29:54,JSMR,RG,3860,3,D,CC,DX,D
14:29:38,JSMR,RG,3860,9,F,AK,DX,D
14:29:38,JSMR,RG,3860,10,F,AK,DX,D
14:29:38,JSMR,RG,3860,8,F,AK,DX,D
14:29:37,JSMR,RG,3860,1,D,YP,DX,D
14:29:37,JSMR,RG,3860,5,D,XC,DX,D
14:29:37,JSMR,RG,3860,3,D,CC,DX,D
14:29:37,JSMR,RG,3860,20,F,AK,DX,D
14:29:37,JSMR,RG,3860,1,D,XC,DX,D
14:29:37,JSMR,RG,3860,1,D,CC,DX,D
14:29:37,JSMR,RG,3860,100,D,YP,DX,D
14:29:37,JSMR,RG,3860,10,D,OD,DX,D
14:29:37,JSMR,RG,3860,5,D,YP,DX,D
14:29:37,JSMR,RG,3860,1,D,CC,DX,D
14:29:37,JSMR,RG,3860,100,D,YP,DX,D
14:29:37,JSMR,RG,3860,5,D,LS,DX,D
14:29:37,JSMR,RG,3860,1,D,NI,DX,D
14:29:37,JSMR,RG,3860,1,D,YP,DX,D
14:29:37,JSMR,RG,3860,10,D,PD,DX,D
14:29:37,JSMR,RG,3860,1,D,NI,DX,D
14:29:37,JSMR,RG,3860,5,D,YU,DX,D
14:29:37,JSMR,RG,3860,10,D,NI,DX,D
14:29:37,JSMR,RG,3860,1,D,NI,DX,D
14:29:37,JSMR,RG,3860,1,D,YP,DX,D
14:29:37,JSMR,RG,3860,75,D,LG,DX,D
14:29:37,JSMR,RG,3860,9,F,AK,DX,D
14:29:37,JSMR,RG,3860,19,F,AK,DX,D
14:29:37,JSMR,RG,3860,250,D,IT,DX,D
14:29:37,JSMR,RG,3860,29,D,YP,DX,D
14:28:32,JSMR,RG,3860,21,D,YP,DR,D
14:28:32,JSMR,RG,3860,7,F,AK,DR,D
14:28:25,JSMR,RG,3860,7,F,AK,DP,D
14:28:25,JSMR,RG,3860,10,D,KK,DP,D
14:28:25,JSMR,RG,3860,8,D,XC,DP,D
14:28:25,JSMR,RG,3860,5,D,OD,DP,D
14:28:25,JSMR,RG,3860,1,D,KK,DP,D
14:28:25,JSMR,RG,3860,37,D,BQ,DP,D
14:27:34,JSMR,RG,3860,10,D,BQ,CC,D
14:27:12,JSMR,RG,3870,10,D,OD,CS,F
14:27:06,JSMR,RG,3860,3,D,BQ,YP,D
14:26:43,JSMR,RG,3860,30,D,BQ,DP,D
14:26:43,JSMR,RG,3860,100,D,YP,DP,D
14:26:43,JSMR,RG,3860,20,D,YP,DP,D
14:26:03,JSMR,RG,3860,1,D,YP,KK,D
14:26:03,JSMR,RG,3860,5,D,ZP,KK,D
14:25:27,JSMR,RG,3870,10,D,XC,CS,F
14:25:20,JSMR,RG,3870,20,D,CC,CS,F
14:25:15,JSMR,RG,3870,13,F,AK,CS,F
14:25:07,JSMR,RG,3870,1,D,NI,CS,F
14:25:04,JSMR,RG,3870,4,D,AI,CS,F
14:25:04,JSMR,RG,3870,2,D,AI,PD,D
14:25:04,JSMR,RG,3870,5,D,AI,YU,D
14:25:04,JSMR,RG,3870,1,D,AI,AK,F
14:25:04,JSMR,RG,3870,255,D,AI,DP,D
14:25:04,JSMR,RG,3870,1,D,AI,KK,D
14:25:04,JSMR,RG,3870,2,D,AI,YU,D
14:25:04,JSMR,RG,3870,1,D,AI,AK,F
14:25:04,JSMR,RG,3870,48,D,AI,YU,D
14:25:04,JSMR,RG,3870,5,D,AI,YU,D
14:25:04,JSMR,RG,3870,16,D,AI,YU,D
14:25:04,JSMR,RG,3870,2,D,AI,YU,D
14:25:04,JSMR,RG,3870,1,D,AI,PD,D
14:25:04,JSMR,RG,3870,16,D,AI,YU,D
14:25:04,JSMR,RG,3870,15,D,AI,YU,D
14:25:04,JSMR,RG,3870,33,D,AI,YU,D
14:25:04,JSMR,RG,3870,26,D,AI,YU,D
14:25:04,JSMR,RG,3870,17,D,AI,DR,D
14:25:04,JSMR,RG,3870,15,D,AI,YU,D
14:25:04,JSMR,RG,3870,30,D,AI,PD,D
14:25:04,JSMR,RG,3870,12,D,AI,YU,D
14:25:04,JSMR,RG,3870,17,D,AI,YU,D
14:25:04,JSMR,RG,3870,15,D,AI,YU,D
14:25:04,JSMR,RG,3870,22,D,AI,YU,D
14:25:04,JSMR,RG,3870,28,D,AI,YU,D
14:25:04,JSMR,RG,3870,15,D,AI,YU,D
14:25:04,JSMR,RG,3870,31,D,AI,YU,D
14:25:04,JSMR,RG,3870,17,D,AI,YU,D
14:25:04,JSMR,RG,3870,12,D,AI,YU,D
14:25:04,JSMR,RG,3870,17,D,AI,YU,D
14:25:04,JSMR,RG,3870,12,D,AI,YU,D
14:25:04,JSMR,RG,3870,16,D,AI,YU,D
14:25:04,JSMR,RG,3870,12,D,AI,YU,D
14:25:04,JSMR,RG,3870,29,D,AI,YU,D
14:25:04,JSMR,RG,3870,40,D,AI,YU,D
14:25:04,JSMR,RG,3870,17,D,AI,NI,D
14:25:04,JSMR,RG,3870,21,D,AI,XC,D
14:25:04,JSMR,RG,3870,18,D,AI,YU,D
14:25:04,JSMR,RG,3870,1,D,AI,PD,D
14:25:04,JSMR,RG,3870,26,D,AI,YU,D
14:25:04,JSMR,RG,3870,1,D,AI,PD,D
14:25:04,JSMR,RG,3870,3,D,AI,PD,D
14:25:04,JSMR,RG,3870,5,D,AI,YU,D
14:25:04,JSMR,RG,3870,9,D,AI,YU,D
14:25:04,JSMR,RG,3870,11,D,AI,YU,D
14:25:04,JSMR,RG,3870,14,D,AI,YU,D
14:25:04,JSMR,RG,3870,60,D,AI,YU,D
14:25:04,JSMR,RG,3870,11,D,AI,YU,D
14:25:04,JSMR,RG,3870,13,D,AI,NI,D
14:24:50,JSMR,RG,3860,10,D,ZP,YU,D
14:22:41,JSMR,RG,3860,34,D,ZP,DR,D
14:22:40,JSMR,RG,3860,2,D,ZP,DR,D
14:21:48,JSMR,RG,3860,6,D,ZP,DR,D
14:21:30,JSMR,RG,3860,1,D,ZP,AK,F
14:20:44,JSMR,RG,3860,35,D,ZP,DR,D
14:20:28,JSMR,RG,3860,7,D,ZP,LG,D
14:20:28,JSMR,RG,3860,1,D,XC,LG,D
14:20:28,JSMR,RG,3860,5,D,LG,LG,D
14:20:28,JSMR,RG,3860,13,D,SQ,LG,D
14:19:35,JSMR,RG,3870,1,D,SQ,NI,D
14:19:22,JSMR,RG,3870,2,D,NI,NI,D
14:19:08,JSMR,RG,3860,37,D,SQ,PD,D
14:19:08,JSMR,RG,3860,1,D,OD,PD,D
14:19:08,JSMR,RG,3860,1,D,PD,PD,D
14:19:08,JSMR,RG,3860,100,D,YU,PD,D
14:19:08,JSMR,RG,3860,1,D,PD,PD,D
14:19:08,JSMR,RG,3860,20,D,SQ,PD,D
14:19:08,JSMR,RG,3860,50,D,CC,PD,D
14:19:08,JSMR,RG,3860,3,D,CC,PD,D
14:19:08,JSMR,RG,3860,5,D,NI,PD,D
14:19:08,JSMR,RG,3860,10,D,PD,PD,D
14:19:08,JSMR,RG,3860,7,F,AK,PD,D
14:19:08,JSMR,RG,3860,10,D,KK,PD,D
14:19:08,JSMR,RG,3860,5,D,LG,PD,D
14:19:08,JSMR,RG,3870,1,D,SQ,NI,D
14:18:21,JSMR,RG,3860,28,D,YP,DP,D
14:18:21,JSMR,RG,3860,5,D,PD,DP,D
14:18:21,JSMR,RG,3860,1,D,PD,DP,D
14:18:21,JSMR,RG,3860,8,F,AK,DP,D
14:18:21,JSMR,RG,3860,6,F,AK,DP,D
14:18:21,JSMR,RG,3860,5,F,IF,DP,D
14:18:12,JSMR,RG,3860,11,F,IF,YU,D
14:16:43,JSMR,RG,3860,86,F,IF,DP,D
14:15:32,JSMR,RG,3860,29,F,IF,DR,D
14:15:31,JSMR,RG,3860,7,F,IF,DR,D
14:15:30,JSMR,RG,3860,1,F,IF,AK,F
14:15:26,JSMR,RG,3870,2,D,OD,NI,D
14:14:26,JSMR,RG,3870,10,D,PD,NI,D
14:14:15,JSMR,RG,3870,7,F,AK,NI,D
14:14:14,JSMR,RG,3860,35,F,IF,DR,D
14:13:37,JSMR,RG,3860,25,F,IF,IP,D
14:13:10,JSMR,RG,3870,10,D,CC,NI,D
14:12:45,JSMR,RG,3870,6,F,AK,NI,D
14:10:45,JSMR,RG,3870,9,F,AK,NI,D
14:10:26,JSMR,RG,3870,4,D,XC,NI,D
14:10:26,JSMR,RG,3870,5,D,XC,YU,D
14:10:26,JSMR,RG,3870,6,D,XC,DX,D
14:09:45,JSMR,RG,3870,5,F,AK,DX,D
14:08:39,JSMR,RG,3860,11,F,IF,YU,D
14:08:30,JSMR,RG,3870,5,F,AK,DX,D
14:07:46,JSMR,RG,3860,8,F,IF,DR,D
14:07:44,JSMR,RG,3860,12,F,IF,DR,D
14:07:13,JSMR,RG,3860,38,F,IF,YB,D
14:06:47,JSMR,RG,3860,100,F,IF,LG,D
14:06:45,JSMR,RG,3870,8,F,AK,DX,D
14:06:26,JSMR,RG,3860,21,F,IF,DR,D
14:06:16,JSMR,RG,3860,250,F,IF,DX,D
14:05:31,JSMR,RG,3870,1,D,YP,DX,D
14:05:23,JSMR,RG,3870,20,D,FZ,DX,D
14:04:15,JSMR,RG,3870,1,D,YP,DX,D
14:04:00,JSMR,RG,3870,4,F,AK,DX,D
14:03:33,JSMR,RG,3870,28,D,YP,DX,D
14:03:17,JSMR,RG,3870,22,D,CP,DX,D
14:03:17,JSMR,RG,3870,5,D,CP,YU,D
14:03:17,JSMR,RG,3870,1,D,CP,YP,D
14:03:17,JSMR,RG,3870,22,D,CP,OD,D
14:03:15,JSMR,RG,3870,5,F,AK,OD,D
14:01:49,JSMR,RG,3870,3,D,YU,OD,D
14:01:15,JSMR,RG,3870,10,F,AK,OD,D
14:00:44,JSMR,RG,3860,102,F,IF,DP,D
14:00:44,JSMR,RG,3860,98,F,IF,DP,D
14:00:44,JSMR,RG,3860,1,F,IF,AK,F
14:00:44,JSMR,RG,3860,24,F,IF,XC,D
14:00:44,JSMR,RG,3860,35,F,IF,DR,D
14:00:44,JSMR,RG,3860,101,F,IF,DX,D
14:00:41,JSMR,RG,3860,10,D,LG,DX,D
13:59:52,JSMR,RG,3850,16,D,IT,DR,D
13:59:52,JSMR,RG,3850,1,D,YP,DR,D
13:59:50,JSMR,RG,3850,2,D,PD,DR,D
13:59:50,JSMR,RG,3850,8,D,SQ,DR,D
13:59:50,JSMR,RG,3850,5,D,YP,DR,D
13:59:28,JSMR,RG,3860,1,D,KK,DX,D
13:59:13,JSMR,RG,3860,30,F,AG,DX,D
13:58:56,JSMR,RG,3850,3,F,CC,YU,D
13:58:56,JSMR,RG,3850,5,D,KK,YU,D
13:58:56,JSMR,RG,3850,2,D,KK,YU,D
13:58:56,JSMR,RG,3850,1,D,KK,YU,D
13:58:45,JSMR,RG,3850,5,D,KK,PD,D
13:58:45,JSMR,RG,3850,1,D,DH,PD,D
13:58:45,JSMR,RG,3850,20,D,GR,PD,D
13:58:45,JSMR,RG,3850,1,D,PD,PD,D
13:58:45,JSMR,RG,3850,10,D,YP,PD,D
13:58:45,JSMR,RG,3850,2,D,DH,PD,D
13:58:45,JSMR,RG,3850,161,D,IT,PD,D
13:58:38,JSMR,RG,3850,31,D,IT,DR,D
13:58:36,JSMR,RG,3860,20,D,YB,DX,D
13:58:26,JSMR,RG,3850,16,D,IT,DP,D
13:58:20,JSMR,RG,3850,2,D,IT,PD,D
13:57:38,JSMR,RG,3860,38,D,YP,DX,D
13:57:38,JSMR,RG,3860,1,D,YP,AK,F
13:57:38,JSMR,RG,3860,61,D,YP,DP,D
13:56:43,JSMR,RG,3850,30,D,IT,DP,D
13:56:43,JSMR,RG,3850,1,D,PD,DP,D
13:56:43,JSMR,RG,3850,36,D,CC,DP,D
13:54:53,JSMR,RG,3860,5,D,CC,DP,D
13:54:48,JSMR,RG,3860,5,D,CC,DP,D
13:54:13,JSMR,RG,3860,1,D,XC,DP,D
13:53:49,JSMR,RG,3860,2,D,YP,DP,D
13:53:07,JSMR,RG,3860,2,D,KK,DP,D
13:52:45,JSMR,RG,3850,4,D,CC,PD,D
13:52:37,JSMR,RG,3860,2,D,SQ,DP,D
13:52:36,JSMR,RG,3850,10,D,CC,YU,D
13:51:25,JSMR,RG,3860,1,D,PD,DP,D
13:50:59,JSMR,RG,3860,8,D,XL,DP,D
13:50:42,JSMR,RG,3860,10,D,NI,DP,D
13:50:37,JSMR,RG,3850,7,D,CC,PD,D
13:50:27,JSMR,RG,3850,3,D,CC,DR,D
13:50:16,JSMR,RG,3860,1,D,GR,DP,D
13:49:45,JSMR,RG,3860,30,D,XC,DP,D
13:49:19,JSMR,RG,3860,69,D,YP,DP,D
13:49:19,JSMR,RG,3860,31,D,YP,DR,D
13:48:13,JSMR,RG,3860,2,D,YP,DR,D
13:48:13,JSMR,RG,3860,1,D,YP,DP,D
13:47:36,JSMR,RG,3860,75,D,KK,DP,D
13:47:36,JSMR,RG,3860,3,D,KK,XC,D
13:47:36,JSMR,RG,3860,1,D,KK,AK,F
13:47:36,JSMR,RG,3860,1,D,KK,AK,F
13:47:36,JSMR,RG,3860,1,D,KK,AK,F
13:47:36,JSMR,RG,3860,19,D,KK,DR,D
13:47:32,JSMR,RG,3860,22,D,LS,DR,D
13:47:32,JSMR,RG,3860,28,D,LS,DP,D
13:47:22,JSMR,RG,3860,50,D,LS,DP,D
13:47:10,JSMR,RG,3860,50,D,LS,DP,D
13:46:45,JSMR,RG,3850,20,D,CC,DP,D
13:46:45,JSMR,RG,3850,120,D,CC,DP,D
13:46:45,JSMR,RG,3850,1,D,OD,DP,D
13:46:45,JSMR,RG,3850,35,D,YP,DP,D
13:46:45,JSMR,RG,3850,2,D,YP,DP,D
13:46:45,JSMR,RG,3850,22,D,CC,DP,D
13:46:42,JSMR,RG,3860,4,D,OD,DP,D
13:46:42,JSMR,RG,3860,1,D,PD,DP,D
13:46:42,JSMR,RG,3860,2,D,PD,DP,D
13:46:42,JSMR,RG,3860,8,F,AK,DP,D
13:46:15,JSMR,RG,3860,8,F,AK,YU,D
13:46:15,JSMR,RG,3860,2,F,AK,YU,D
13:46:09,JSMR,RG,3860,8,F,AK,PD,D
13:46:00,JSMR,RG,3860,1,F,AK,AK,F
13:45:05,JSMR,RG,3860,8,F,AK,DX,D
13:45:05,JSMR,RG,3860,5,D,YP,DX,D
13:45:05,JSMR,RG,3860,25,D,CC,DX,D
13:45:05,JSMR,RG,3860,10,D,NI,DX,D
13:45:05,JSMR,RG,3860,3,D,YU,DX,D
13:45:05,JSMR,RG,3860,49,D,XA,DX,D
13:44:55,JSMR,RG,3860,2,D,XA,DR,D
13:44:52,JSMR,RG,3860,49,D,XA,DX,D
13:44:52,JSMR,RG,3860,2,D,YP,DX,D
13:44:52,JSMR,RG,3860,1,D,YP,DX,D
13:44:52,JSMR,RG,3860,48,D,OD,DX,D
13:44:26,JSMR,RG,3860,4,D,OD,DR,D
13:44:26,JSMR,RG,3860,8,F,AK,DR,D
13:44:26,JSMR,RG,3860,11,F,AK,DR,D
13:44:26,JSMR,RG,3860,9,F,AK,DR,D
13:44:25,JSMR,RG,3860,1,F,AK,DR,D
13:44:25,JSMR,RG,3860,1,D,OD,DR,D
13:44:16,JSMR,RG,3870,1,D,KK,OD,D
13:44:00,JSMR,RG,3870,12,F,AK,OD,D
13:43:02,JSMR,RG,3860,38,D,PD,DR,D
13:42:17,JSMR,RG,3860,52,D,PD,CC,D
13:41:01,JSMR,RG,3860,10,D,PD,AG,D
13:41:01,JSMR,RG,3860,20,D,SQ,AG,D
13:41:01,JSMR,RG,3860,5,D,KK,AG,D
13:41:01,JSMR,RG,3860,1,D,YP,AG,D
13:41:01,JSMR,RG,3860,1,D,NI,AG,D
13:41:01,JSMR,RG,3860,63,F,IF,AG,D
13:40:55,JSMR,RG,3860,17,F,IF,AZ,D
13:39:42,JSMR,RG,3860,12,F,IF,YU,D
13:39:20,JSMR,RG,3870,1,D,NI,OD,D
13:39:13,JSMR,RG,3860,7,F,IF,AZ,D
13:38:24,JSMR,RG,3860,138,F,IF,DP,D
13:38:22,JSMR,RG,3860,10,F,IF,DP,D
13:37:40,JSMR,RG,3870,10,D,YP,OD,D
13:37:30,JSMR,RG,3870,25,D,IP,OD,D
13:36:42,JSMR,RG,3860,152,F,IF,DP,D
13:36:29,JSMR,RG,3860,17,F,IF,DR,D
13:36:28,JSMR,RG,3860,7,F,IF,DR,D
13:36:17,JSMR,RG,3860,151,F,IF,NI,D
13:35:14,JSMR,RG,3860,23,F,IF,DR,D
13:34:58,JSMR,RG,3860,6,F,IF,EP,D
13:33:12,JSMR,RG,3860,10,F,IF,YU,D
13:32:04,JSMR,RG,3870,20,D,YP,OD,D
13:31:33,JSMR,RG,3870,26,D,CC,OD,D
13:30:16,JSMR,RG,3870,1,D,XC,OD,D
13:30:12,JSMR,RG,3870,4,D,YP,OD,D
13:30:12,JSMR,RG,3870,7,D,YP,DX,D
13:30:07,JSMR,RG,3860,2,F,IF,AK,F
13:30:05,JSMR,RG,3870,23,F,AK,DX,D
13:30:03,JSMR,RG,3870,1,D,PD,DX,D
13:30:03,JSMR,RG,3860,10,F,IF,ZP,D
13:30:03,JSMR,RG,3870,10,D,PD,DX,D
13:30:02,JSMR,RG,3870,2,D,IF,DX,D
13:30:01,JSMR,RG,3870,5,D,KK,DX,D
13:30:01,JSMR,RG,3870,1,D,EP,DX,D
13:30:01,JSMR,RG,3870,3,D,CP,DX,D
11:29:30,JSMR,RG,3870,1,F,AK,DX,D
11:29:15,JSMR,RG,3870,1,F,AK,DX,D
11:29:02,JSMR,RG,3860,3,F,IF,DP,D
11:28:45,JSMR,RG,3870,1,F,AK,DX,D
11:28:30,JSMR,RG,3870,1,F,AK,DX,D
11:28:12,JSMR,RG,3860,10,F,IF,YU,D
11:28:05,JSMR,RG,3860,4,F,IF,DP,D
11:26:36,JSMR,RG,3870,10,D,YP,DX,D
11:26:28,JSMR,RG,3860,5,F,IF,XC,D
11:24:58,JSMR,RG,3860,25,F,IF,XC,D
11:24:48,JSMR,RG,3860,39,F,IF,DP,D
11:24:48,JSMR,RG,3860,200,F,IF,DX,D
11:24:48,JSMR,RG,3860,89,F,IF,DX,D
11:24:42,JSMR,RG,3860,10,D,YP,DX,D
11:24:38,JSMR,RG,3850,4,D,CC,CC,D
11:23:58,JSMR,RG,3860,75,D,LG,DX,D
11:23:26,JSMR,RG,3860,3,D,NI,DX,D
11:23:26,JSMR,RG,3860,6,F,AK,DX,D
11:23:26,JSMR,RG,3860,100,D,DH,DX,D
11:23:26,JSMR,RG,3860,5,F,AK,DX,D
11:23:26,JSMR,RG,3860,12,D,OD,DX,D
11:23:15,JSMR,RG,3870,8,F,AK,DX,D
11:22:36,JSMR,RG,3860,13,D,OD,DP,D
11:21:55,JSMR,RG,3860,10,D,OD,YU,D
11:21:45,JSMR,RG,3870,6,F,AK,DX,D
11:21:26,JSMR,RG,3860,25,D,OD,KK,D
11:20:54,JSMR,RG,3860,13,D,YP,DP,D
11:20:54,JSMR,RG,3860,1,D,CC,DP,D
11:20:45,JSMR,RG,3870,3,F,AK,DX,D
11:19:57,JSMR,RG,3870,2,D,CC,DX,D
11:19:00,JSMR,RG,3870,7,F,AK,DX,D
11:18:15,JSMR,RG,3870,3,F,AK,DX,D
11:17:14,JSMR,RG,3860,9,D,CC,DR,D
11:17:14,JSMR,RG,3860,2,D,CC,DR,D
11:17:05,JSMR,RG,3860,20,D,CC,PD,D
11:16:45,JSMR,RG,3870,5,F,AK,DX,D
11:16:34,JSMR,RG,3860,1,D,CC,KK,D
11:15:32,JSMR,RG,3860,77,D,CC,DP,D
11:15:31,JSMR,RG,3860,4,D,DH,DP,D
11:15:31,JSMR,RG,3860,6,D,DH,YU,D
11:15:31,JSMR,RG,3860,22,D,DH,DR,D
11:15:31,JSMR,RG,3860,1,D,DH,AK,F
11:15:31,JSMR,RG,3860,62,D,DH,DP,D
11:15:31,JSMR,RG,3860,5,D,DH,XC,D
11:15:19,JSMR,RG,3860,6,D,PD,XC,D
11:15:19,JSMR,RG,3860,5,D,PD,YU,D
11:15:19,JSMR,RG,3860,1,D,PD,AK,F
11:15:19,JSMR,RG,3860,5,D,PD,DR,D
11:15:19,JSMR,RG,3860,20,D,PD,DP,D
11:14:12,JSMR,RG,3850,10,D,CC,DR,D
11:13:34,JSMR,RG,3850,14,D,CC,NI,D
11:13:34,JSMR,RG,3850,1,D,YP,NI,D
11:13:34,JSMR,RG,3850,1,D,YP,NI,D
11:13:34,JSMR,RG,3850,1,D,YP,NI,D
11:13:34,JSMR,RG,3850,1,D,PD,NI,D
11:13:34,JSMR,RG,3850,10,D,CC,NI,D
11:13:34,JSMR,RG,3850,2,D,GR,NI,D
11:13:31,JSMR,RG,3860,1,D,YP,DP,D
11:12:42,JSMR,RG,3850,8,D,GR,IH,D
11:12:42,JSMR,RG,3850,5,D,PD,IH,D
11:12:42,JSMR,RG,3850,87,D,DH,IH,D
11:12:34,JSMR,RG,3850,13,D,DH,DP,D
11:12:34,JSMR,RG,3850,1,D,PD,DP,D
11:12:34,JSMR,RG,3850,2,D,PD,DP,D
11:12:34,JSMR,RG,3850,20,D,PD,DP,D
11:12:34,JSMR,RG,3850,2,D,CC,DP,D
11:12:34,JSMR,RG,3850,1,D,SQ,DP,D
11:12:34,JSMR,RG,3850,1,D,XA,DP,D
11:12:34,JSMR,RG,3850,5,D,KK,DP,D
11:12:34,JSMR,RG,3850,1,D,YB,DP,D
11:12:34,JSMR,RG,3850,1,D,YU,DP,D
11:12:34,JSMR,RG,3850,16,D,DR,DP,D
11:12:33,JSMR,RG,3850,45,D,DR,DP,D
11:12:27,JSMR,RG,3860,5,D,YP,DP,D
11:12:12,JSMR,RG,3860,5,D,YP,DP,D
11:12:07,JSMR,RG,3860,65,D,PD,DP,D
11:11:58,JSMR,RG,3860,5,D,YP,DP,D
11:11:31,JSMR,RG,3860,6,D,CC,YU,D
11:10:55,JSMR,RG,3850,39,D,DR,DP,D
11:10:55,JSMR,RG,3850,5,D,PD,DP,D
11:10:55,JSMR,RG,3850,1,D,PD,DP,D
11:10:54,JSMR,RG,3860,5,D,YP,DP,D
11:10:54,JSMR,RG,3860,2,D,YP,DP,D
11:10:54,JSMR,RG,3860,10,D,PD,DP,D
11:10:54,JSMR,RG,3860,1,D,XC,DP,D
11:10:54,JSMR,RG,3860,3,D,CC,DP,D
11:10:54,JSMR,RG,3860,1,D,IP,DP,D
11:10:54,JSMR,RG,3860,1,D,YP,DP,D
11:10:54,JSMR,RG,3860,1,D,YP,DP,D
11:10:54,JSMR,RG,3860,5,D,YP,DP,D
11:10:54,JSMR,RG,3860,31,D,XC,DP,D
11:10:54,JSMR,RG,3860,2,D,NI,DP,D
11:10:54,JSMR,RG,3860,1,F,AK,DP,D
11:09:30,JSMR,RG,3870,2,F,AK,XC,D
11:09:30,JSMR,RG,3870,10,F,AK,KK,D
11:09:30,JSMR,RG,3870,1,F,AK,AK,F
11:09:30,JSMR,RG,3870,8,F,AK,DR,D
11:07:30,JSMR,RG,3870,3,D,KK,DR,D
11:06:49,JSMR,RG,3870,8,D,BQ,DR,D
11:06:03,JSMR,RG,3860,9,F,AK,YU,D
11:06:03,JSMR,RG,3860,3,D,CC,YU,D
11:05:28,JSMR,RG,3870,9,D,YP,DR,D
11:05:28,JSMR,RG,3870,6,D,YP,DP,D
11:04:52,JSMR,RG,3870,1,D,XC,DP,D
11:04:20,JSMR,RG,3860,1,D,CC,AK,F
11:04:16,JSMR,RG,3870,10,D,PD,DP,D
11:04:07,JSMR,RG,3860,1,D,CC,NI,D
11:04:07,JSMR,RG,3860,5,D,NI,NI,D
11:04:07,JSMR,RG,3860,2,D,GR,NI,D
11:04:03,JSMR,RG,3860,7,D,GR,DP,D
11:02:52,JSMR,RG,3860,1,D,GR,DH,D
11:02:52,JSMR,RG,3860,2,D,NI,DH,D
11:02:50,JSMR,RG,3860,13,D,NI,DX,D
11:02:50,JSMR,RG,3860,1,D,CC,DX,D
11:02:50,JSMR,RG,3860,8,F,AK,DX,D
11:02:50,JSMR,RG,3860,4,D,NI,DX,D
11:02:50,JSMR,RG,3860,100,D,SQ,DX,D
11:02:50,JSMR,RG,3860,5,D,CC,DX,D
11:02:50,JSMR,RG,3860,2,D,OD,DX,D
11:02:50,JSMR,RG,3860,2,D,OD,DX,D
11:02:50,JSMR,RG,3860,2,D,CC,DX,D
11:02:50,JSMR,RG,3860,5,D,PD,DX,D
11:02:50,JSMR,RG,3860,2,D,NI,DX,D
11:02:50,JSMR,RG,3860,3,D,XC,DX,D
11:02:50,JSMR,RG,3860,10,D,GR,DX,D
11:02:50,JSMR,RG,3860,1,D,YU,DX,D
11:02:50,JSMR,RG,3860,5,F,AK,DX,D
11:02:50,JSMR,RG,3860,137,D,GR,DX,D
11:02:30,JSMR,RG,3860,27,D,GR,DP,D
11:02:28,JSMR,RG,3860,35,D,GR,DP,D
11:00:54,JSMR,RG,3860,63,D,GR,DP,D
11:00:41,JSMR,RG,3860,3,D,GR,DR,D
11:00:30,JSMR,RG,3870,6,F,AK,DP,D
11:00:20,JSMR,RG,3870,6,D,DH,DP,D
11:00:20,JSMR,RG,3870,5,D,DH,YU,D
11:00:20,JSMR,RG,3870,24,D,DH,AG,D
10:59:59,JSMR,RG,3870,1,D,PD,AG,D
10:58:42,JSMR,RG,3870,1,D,YP,AG,D
10:58:30,JSMR,RG,3870,8,F,AK,AG,D
10:57:25,JSMR,RG,3860,20,D,GR,DR,D
10:57:23,JSMR,RG,3860,5,D,GR,DR,D
10:56:37,JSMR,RG,3860,10,D,GR,YU,D
10:56:20,JSMR,RG,3860,1,D,PD,AK,F
10:55:26,JSMR,RG,3860,5,F,AK,NI,D
10:55:26,JSMR,RG,3860,5,D,YP,NI,D
10:55:17,JSMR,RG,3860,1,D,YP,PD,D
10:54:31,JSMR,RG,3860,2,D,YP,CC,D
10:54:25,JSMR,RG,3860,2,D,YP,DR,D
10:54:25,JSMR,RG,3860,14,D,XC,DR,D
10:54:25,JSMR,RG,3860,2,D,OD,DR,D
10:54:25,JSMR,RG,3860,5,D,NI,DR,D
10:54:25,JSMR,RG,3860,1,D,PD,DR,D
10:54:24,JSMR,RG,3870,5,D,CC,AG,D
10:54:10,JSMR,RG,3860,1,D,PD,DP,D
10:53:30,JSMR,RG,3870,7,F,AK,AG,D
10:52:37,JSMR,RG,3860,20,D,PD,DP,D
10:52:37,JSMR,RG,3860,1,D,PD,DP,D
10:52:37,JSMR,RG,3860,58,D,KK,DP,D
10:52:35,JSMR,RG,3860,1,D,KK,DP,D
10:51:41,JSMR,RG,3860,8,D,KK,SQ,D
10:51:21,JSMR,RG,3860,19,D,KK,PD,D
10:50:53,JSMR,RG,3860,14,D,KK,DP,D
10:50:53,JSMR,RG,3860,5,D,YP,DP,D
10:50:53,JSMR,RG,3860,3,D,CC,DP,D
10:50:53,JSMR,RG,3860,3,D,NI,DP,D
10:50:53,JSMR,RG,3860,3,F,AK,DP,D
10:50:53,JSMR,RG,3860,2,D,CC,DP,D
10:50:53,JSMR,RG,3860,2,D,LS,DP,D
10:50:53,JSMR,RG,3860,1,D,YP,DP,D
10:50:53,JSMR,RG,3860,3,D,PD,DP,D
10:50:53,JSMR,RG,3860,10,D,PD,DP,D
10:50:53,JSMR,RG,3860,3,D,CC,DP,D
10:50:53,JSMR,RG,3860,1,D,YP,DP,D
10:50:53,JSMR,RG,3860,1,D,YU,DP,D
10:50:53,JSMR,RG,3860,5,D,YP,DP,D
10:50:53,JSMR,RG,3860,1,D,AT,DP,D
10:50:53,JSMR,RG,3860,1,D,CC,DP,D
10:50:53,JSMR,RG,3860,1,D,YP,DP,D
10:50:53,JSMR,RG,3860,20,D,NI,DP,D
10:50:53,JSMR,RG,3860,5,D,PD,DP,D
10:50:53,JSMR,RG,3860,2,D,KK,DP,D
10:50:12,JSMR,RG,3860,1,D,NI,YU,D
10:50:12,JSMR,RG,3860,1,D,AT,YU,D
10:50:12,JSMR,RG,3860,9,D,EP,YU,D
10:47:30,JSMR,RG,3870,8,F,AK,AG,D
10:47:23,JSMR,RG,3870,2,D,KK,AG,D
10:46:35,JSMR,RG,3860,1,D,EP,AK,F
10:46:19,JSMR,RG,3870,2,D,DH,AG,D
10:44:23,JSMR,RG,3870,1,D,XC,AG,D
10:44:11,JSMR,RG,3870,1,D,CC,AG,D
10:43:47,JSMR,RG,3860,10,D,YP,YU,D
10:43:46,JSMR,RG,3870,20,D,SQ,AG,D
10:43:10,JSMR,RG,3870,10,D,DR,AG,D
10:41:11,JSMR,RG,3860,15,D,YP,DP,D
10:41:09,JSMR,RG,3860,49,D,YP,DP,D
10:39:48,JSMR,RG,3860,1,D,YP,CC,D
10:37:35,JSMR,RG,3860,10,D,YP,YU,D
10:37:33,JSMR,RG,3860,15,D,YP,DP,D
10:37:33,JSMR,RG,3860,5,D,GR,DP,D
10:37:33,JSMR,RG,3860,20,D,PD,DP,D
10:37:33,JSMR,RG,3860,3,D,PD,DP,D
10:37:33,JSMR,RG,3860,5,D,CC,DP,D
10:37:33,JSMR,RG,3860,1,D,YP,DP,D
10:37:33,JSMR,RG,3860,20,D,PD,DP,D
10:37:33,JSMR,RG,3860,2,D,HP,DP,D
10:37:33,JSMR,RG,3860,1,D,PD,DP,D
10:37:33,JSMR,RG,3860,1,D,XA,DP,D
10:37:33,JSMR,RG,3860,1,D,YB,DP,D
10:37:33,JSMR,RG,3860,4,D,EP,DP,D
10:37:28,JSMR,RG,3870,5,D,YP,AG,D
10:37:04,JSMR,RG,3870,10,D,PD,AG,D
10:35:40,JSMR,RG,3870,6,D,CC,AG,D
10:35:40,JSMR,RG,3870,5,D,YP,AG,D
10:35:40,JSMR,RG,3870,3,D,PD,AG,D
10:35:40,JSMR,RG,3870,1,D,YP,AG,D
10:35:40,JSMR,RG,3870,3,D,NI,AG,D
10:35:40,JSMR,RG,3870,3,F,AK,AG,D
10:35:40,JSMR,RG,3870,2,D,CC,AG,D
10:35:40,JSMR,RG,3870,1,D,YU,AG,D
10:35:40,JSMR,RG,3870,4,F,AK,AG,D
10:35:40,JSMR,RG,3870,1,D,CC,AG,D
10:35:40,JSMR,RG,3870,1,D,YP,AG,D
10:35:40,JSMR,RG,3870,1,D,YP,AG,D
10:35:40,JSMR,RG,3870,1,D,SQ,AG,D
10:35:40,JSMR,RG,3870,5,D,PD,AG,D
10:35:40,JSMR,RG,3870,1,D,YP,AG,D
10:35:40,JSMR,RG,3870,50,D,YP,AG,D
10:35:40,JSMR,RG,3870,2,D,OD,AG,D
10:35:40,JSMR,RG,3870,2,D,PD,AG,D
10:35:40,JSMR,RG,3870,1,D,PD,AG,D
10:35:40,JSMR,RG,3870,1,D,PD,AG,D
10:35:40,JSMR,RG,3870,1,D,DH,AG,D
10:35:03,JSMR,RG,3870,8,D,YP,DR,D
10:35:01,JSMR,RG,3870,2,D,YP,DR,D
10:35:01,JSMR,RG,3870,11,D,PD,DR,D
10:33:30,JSMR,RG,3870,9,D,PD,NI,D
10:33:30,JSMR,RG,3870,1,D,PD,NI,D
10:32:06,JSMR,RG,3870,1,D,AZ,YB,D
10:32:06,JSMR,RG,3870,2,D,CC,YB,D
10:32:05,JSMR,RG,3870,1,D,YB,AK,F
10:31:54,JSMR,RG,3880,5,D,PD,DX,D
10:31:54,JSMR,RG,3880,10,D,YP,DX,D
10:31:54,JSMR,RG,3880,3,D,PD,DX,D
10:31:54,JSMR,RG,3880,8,D,NI,DX,D
10:31:54,JSMR,RG,3880,1,D,YP,DX,D
10:31:54,JSMR,RG,3880,4,D,PD,DX,D
10:31:54,JSMR,RG,3880,1,D,CC,DX,D
10:31:54,JSMR,RG,3880,4,D,DR,DX,D
10:31:54,JSMR,RG,3880,1,D,DH,DX,D
10:31:54,JSMR,RG,3880,3,D,YP,DX,D
10:31:54,JSMR,RG,3880,1,D,YU,DX,D
10:31:54,JSMR,RG,3880,3,D,CC,DX,D
10:31:54,JSMR,RG,3880,1,D,NI,DX,D
10:31:54,JSMR,RG,3880,10,D,YP,DX,D
10:31:54,JSMR,RG,3880,10,D,CC,DX,D
10:31:54,JSMR,RG,3880,1,D,CC,DX,D
10:31:54,JSMR,RG,3880,2,D,AN,DX,D
10:31:54,JSMR,RG,3880,4,F,AK,DX,D
10:31:54,JSMR,RG,3880,5,D,XC,DX,D
10:31:54,JSMR,RG,3880,2,D,OD,DX,D
10:31:54,JSMR,RG,3880,1,D,YP,DX,D
10:31:54,JSMR,RG,3880,1,D,XC,DX,D
10:31:44,JSMR,RG,3880,1,D,XC,DX,D
10:31:44,JSMR,RG,3880,1,D,XC,DX,D
10:31:44,JSMR,RG,3880,10,D,IP,DX,D
10:31:44,JSMR,RG,3880,4,F,AK,DX,D
10:31:44,JSMR,RG,3880,1,D,YP,DX,D
10:31:44,JSMR,RG,3880,10,D,GR,DX,D
10:31:44,JSMR,RG,3880,5,F,AK,DX,D
10:31:44,JSMR,RG,3880,5,D,AZ,DX,D
10:31:44,JSMR,RG,3880,5,D,XC,DX,D
10:31:44,JSMR,RG,3880,1,D,PD,DX,D
10:31:44,JSMR,RG,3880,2,D,OD,DX,D
10:31:44,JSMR,RG,3880,1,D,XC,DX,D
10:31:44,JSMR,RG,3880,10,D,YP,DX,D
10:31:44,JSMR,RG,3880,5,D,AT,DX,D
10:31:44,JSMR,RG,3880,1,D,CC,DX,D
10:31:44,JSMR,RG,3880,1,D,OD,DX,D
10:31:44,JSMR,RG,3880,1,D,NI,DX,D
10:31:44,JSMR,RG,3880,10,D,YP,DX,D
10:31:44,JSMR,RG,3880,26,D,DR,DX,D
10:31:35,JSMR,RG,3890,1,D,PD,CS,D
10:31:19,JSMR,RG,3880,10,D,DR,YU,D
10:31:09,JSMR,RG,3880,4,D,DR,DP,D
10:31:09,JSMR,RG,3880,1,D,YP,DP,D
10:31:09,JSMR,RG,3880,1,D,NI,DP,D
10:31:09,JSMR,RG,3880,1,D,PD,DP,D
10:31:09,JSMR,RG,3880,3,D,PD,DP,D
10:31:08,JSMR,RG,3880,10,D,YP,DP,D
10:31:08,JSMR,RG,3880,1,D,CC,DP,D
10:31:08,JSMR,RG,3880,1,D,CC,DP,D
10:31:08,JSMR,RG,3880,5,D,PD,DP,D
10:31:08,JSMR,RG,3880,1,D,CC,DP,D
10:31:08,JSMR,RG,3880,1,D,YP,DP,D
10:31:08,JSMR,RG,3880,13,F,IF,DP,D
10:30:30,JSMR,RG,3890,4,F,AK,CS,D
10:28:01,JSMR,RG,3880,27,F,IF,DR,D
10:28:00,JSMR,RG,3890,4,F,AK,CS,D
10:27:33,JSMR,RG,3880,66,F,IF,DP,D
10:25:00,JSMR,RG,3890,5,F,AK,CS,D
10:24:52,JSMR,RG,3880,11,F,IF,YU,D
10:24:29,JSMR,RG,3880,50,F,IF,YP,D
10:23:12,JSMR,RG,3880,100,F,IF,DX,D
10:22:50,JSMR,RG,3880,1,F,IF,AK,F
10:22:30,JSMR,RG,3890,4,F,AK,CS,D
10:22:28,JSMR,RG,3880,7,F,IF,PD,D
10:22:25,JSMR,RG,3880,11,F,IF,XC,D
10:21:59,JSMR,RG,3880,27,F,IF,DP,D
10:20:42,JSMR,RG,3880,3,F,IF,DR,D
10:19:14,JSMR,RG,3880,11,F,IF,DP,D
10:19:12,JSMR,RG,3880,64,F,IF,DP,D
10:18:38,JSMR,RG,3880,10,F,IF,YU,D
10:18:04,JSMR,RG,3880,150,F,IF,DX,D
10:17:30,JSMR,RG,3890,10,F,AK,CS,D
10:17:12,JSMR,RG,3880,50,F,IF,DX,D
10:16:14,JSMR,RG,3880,7,F,IF,DR,D
10:16:12,JSMR,RG,3880,10,F,IF,DR,D
10:15:06,JSMR,RG,3880,12,F,IF,CC,D
10:13:35,JSMR,RG,3880,11,F,IF,PD,D
10:13:34,JSMR,RG,3880,14,F,IF,DX,D
10:12:50,JSMR,RG,3880,1,F,IF,AK,F
10:12:12,JSMR,RG,3880,11,F,IF,YU,D
10:11:32,JSMR,RG,3880,18,F,IF,DR,D
10:10:38,JSMR,RG,3890,1,D,CC,CS,D
10:09:51,JSMR,RG,3890,8,D,NI,CS,D
10:09:31,JSMR,RG,3880,9,F,IF,XC,D
10:08:08,JSMR,RG,3890,10,D,OD,CS,D
10:06:43,JSMR,RG,3880,22,F,IF,DP,D
10:06:05,JSMR,RG,3880,10,F,IF,YU,D
10:05:27,JSMR,RG,3880,42,F,IF,DP,D
10:05:20,JSMR,RG,3880,1,F,IF,AK,F
10:04:55,JSMR,RG,3880,1,F,IF,YP,D
10:02:56,JSMR,RG,3880,25,F,IF,XL,D
10:02:25,JSMR,RG,3880,6,F,IF,DX,D
10:01:53,JSMR,RG,3880,77,F,IF,OD,D
10:00:39,JSMR,RG,3880,1,F,IF,PD,D
10:00:34,JSMR,RG,3890,1,D,XC,CS,D
10:00:15,JSMR,RG,3890,15,F,AK,CS,D
9:59:32,JSMR,RG,3880,12,F,IF,YU,D
9:58:56,JSMR,RG,3880,39,F,IF,DX,D
9:58:36,JSMR,RG,3890,10,D,YP,CS,D
9:58:23,JSMR,RG,3890,2,D,CC,CS,D
9:58:20,JSMR,RG,3880,1,F,IF,AK,F
9:58:15,JSMR,RG,3880,10,F,IF,CC,D
9:56:30,JSMR,RG,3880,11,F,IF,NI,D
9:55:50,JSMR,RG,3890,3,D,XC,CS,D
9:55:45,JSMR,RG,3890,5,D,KK,YU,D
9:55:45,JSMR,RG,3890,5,D,KK,DR,D
9:53:48,JSMR,RG,3890,3,D,YP,DR,D
9:53:48,JSMR,RG,3880,20,F,IF,PD,D
9:53:47,JSMR,RG,3890,1,D,CC,PD,D
9:49:45,JSMR,RG,3880,26,F,IF,DH,D
9:49:45,JSMR,RG,3890,3,D,XL,DH,D
9:49:45,JSMR,RG,3890,3,D,KK,DH,D
9:45:53,JSMR,RG,3880,1,F,IF,DR,D
9:45:53,JSMR,RG,3890,3,D,CC,DR,D
9:44:11,JSMR,RG,3890,4,D,CC,YU,D
9:43:58,JSMR,RG,3890,1,D,OD,YU,D
9:43:13,JSMR,RG,3900,10,D,ZR,LG,D
9:41:54,JSMR,RG,3890,1,D,CC,AK,F
9:41:54,JSMR,RG,3890,44,D,CC,DR,D
9:41:48,JSMR,RG,3890,1,D,NI,DR,D
9:40:39,JSMR,RG,3880,1,F,IF,YU,D
9:40:39,JSMR,RG,3880,2,D,PD,YU,D
9:40:39,JSMR,RG,3880,1,D,PD,YU,D
9:40:39,JSMR,RG,3880,1,D,YP,YU,D
9:40:22,JSMR,RG,3880,2,D,YP,KK,D
9:40:22,JSMR,RG,3880,5,D,CC,KK,D
9:40:22,JSMR,RG,3880,1,D,GR,KK,D
9:40:22,JSMR,RG,3880,12,D,PD,KK,D
9:40:21,JSMR,RG,3880,8,D,PD,DR,D
9:40:21,JSMR,RG,3880,1,D,DH,DR,D
9:40:21,JSMR,RG,3880,1,D,KK,DR,D
9:40:21,JSMR,RG,3880,1,D,YB,DR,D
9:40:21,JSMR,RG,3880,4,D,EP,DR,D
9:40:04,JSMR,RG,3890,1,D,SQ,DR,D
9:40:04,JSMR,RG,3890,2,D,CC,DR,D
9:39:58,JSMR,RG,3890,1,D,CC,SQ,D
9:39:41,JSMR,RG,3890,10,D,XC,CC,D
9:39:41,JSMR,RG,3890,5,D,IP,CC,D
9:39:41,JSMR,RG,3890,1,D,YP,CC,D
9:39:41,JSMR,RG,3890,3,D,YP,CC,D
9:39:41,JSMR,RG,3890,2,D,CC,CC,D
9:39:41,JSMR,RG,3890,20,D,PD,CC,D
9:39:41,JSMR,RG,3890,1,D,XL,CC,D
9:39:41,JSMR,RG,3890,8,D,KK,CC,D
9:37:08,JSMR,RG,3900,2,D,PD,LG,D
9:36:54,JSMR,RG,3900,5,D,CC,LG,D
9:36:54,JSMR,RG,3900,1,D,DH,LG,D
9:36:54,JSMR,RG,3900,1,D,DH,LG,D
9:36:54,JSMR,RG,3900,1,D,YP,LG,D
9:36:54,JSMR,RG,3900,10,D,KK,LG,D
9:36:35,JSMR,RG,3900,25,D,KK,DR,D
9:35:23,JSMR,RG,3900,2,D,KK,SQ,D
9:33:03,JSMR,RG,3910,2,D,KK,YP,D
9:32:50,JSMR,RG,3900,18,D,KK,YP,D
9:32:50,JSMR,RG,3900,1,D,YP,YP,D
9:32:50,JSMR,RG,3900,1,D,DH,YP,D
9:32:50,JSMR,RG,3900,1,D,PD,YP,D
9:32:50,JSMR,RG,3900,1,D,DR,YP,D
9:32:50,JSMR,RG,3900,2,D,KK,YP,D
9:32:50,JSMR,RG,3900,1,D,CC,YP,D
9:31:51,JSMR,RG,3900,4,D,CC,PD,D
9:31:51,JSMR,RG,3900,3,D,PD,PD,D
9:31:51,JSMR,RG,3900,1,D,YP,PD,D
9:30:58,JSMR,RG,3900,2,D,YP,PD,D
9:30:58,JSMR,RG,3900,8,D,NI,PD,D
9:26:37,JSMR,RG,3910,4,D,XC,YP,D
9:26:05,JSMR,RG,3900,1,D,NI,AK,F
9:26:01,JSMR,RG,3900,10,D,NI,YP,D
9:21:04,JSMR,RG,3900,15,D,NI,GR,D
9:20:16,JSMR,RG,3910,1,D,CC,YP,D
9:19:36,JSMR,RG,3900,22,D,NI,CC,D
9:19:36,JSMR,RG,3900,25,D,YP,CC,D
9:19:36,JSMR,RG,3900,10,F,KK,CC,D
9:19:36,JSMR,RG,3900,1,F,KK,CC,D
9:19:36,JSMR,RG,3900,42,D,CC,CC,D
9:17:44,JSMR,RG,3910,2,D,KK,YP,D
9:17:06,JSMR,RG,3910,11,D,NI,YP,D
9:16:22,JSMR,RG,3900,2,D,CC,XC,D
9:16:16,JSMR,RG,3900,6,D,CC,RO,D
9:16:16,JSMR,RG,3900,2,D,IF,RO,D
9:16:16,JSMR,RG,3900,1,D,PD,RO,D
9:16:16,JSMR,RG,3900,3,D,PD,RO,D
9:13:28,JSMR,RG,3910,5,D,EP,YP,D
9:09:39,JSMR,RG,3910,1,D,XC,YP,D
9:09:39,JSMR,RG,3910,1,D,XC,YP,D
9:09:39,JSMR,RG,3910,1,D,XC,EP,D
9:08:35,JSMR,RG,3900,5,D,PD,CC,D
9:05:39,JSMR,RG,3910,1,D,DH,EP,D
9:03:35,JSMR,RG,3900,1,D,PD,GR,D
9:03:21,JSMR,RG,3910,1,D,XC,YP,D
9:00:44,JSMR,RG,3900,1,D,PD,XC,D
9:00:44,JSMR,RG,3900,1,D,PD,XC,D
8:59:00,JSMR,RG,3900,1,D,PD,YP,D
8:59:00,JSMR,RG,3900,1,D,PD,CC,D
8:59:00,JSMR,RG,3900,2,D,PD,AZ,D
8:59:00,JSMR,RG,3900,2,D,PD,CC,D
8:59:00,JSMR,RG,3900,1,D,CC,CC,D
8:59:00,JSMR,RG,3900,1,D,ZP,CC,D
8:59:00,JSMR,RG,3900,10,D,CC,CC,D
8:59:00,JSMR,RG,3900,2,D,OD,KK,D
8:59:00,JSMR,RG,3900,3,D,YB,KK,D
8:59:00,JSMR,RG,3900,2,D,YB,XC,D
8:59:00,JSMR,RG,3900,2,D,CC,XC,D