Time,Stock,Brd,Price,Qty,BT,BC,SC,ST
15:14:53,JSMR,RG,3420,40,D,YP,KK,D
15:14:42,JSMR,RG,3420,9,D,YP,KK,D
15:14:27,JSMR,RG,3420,1,D,YP,YP,D
15:14:27,JSMR,RG,3420,1,D,YP,DR,D
15:14:27,JSMR,RG,3420,1,D,YP,YP,D
15:12:39,JSMR,RG,3420,3,D,CC,CP,D
15:12:11,JSMR,RG,3420,22,D,LG,CP,D
15:12:08,JSMR,RG,3420,20,D,LG,YP,D
15:11:36,JSMR,RG,3420,110,D,HP,YP,D
15:11:36,JSMR,RG,3420,50,D,YP,YP,D
15:11:36,JSMR,RG,3420,70,D,LG,YP,D
15:10:54,JSMR,RG,3420,3,D,LG,XC,D
15:10:54,JSMR,RG,3420,13,D,LG,XC,D
15:10:54,JSMR,RG,3420,64,D,LG,SQ,D
15:10:26,JSMR,RG,3420,93,D,LG,SQ,D
15:10:22,JSMR,RG,3420,98,D,LG,XC,D
15:09:40,JSMR,RG,3420,1,D,LG,EP,D
15:09:40,JSMR,RG,3420,4,D,LG,CC,D
15:09:40,JSMR,RG,3420,20,D,LG,YP,D
15:09:40,JSMR,RG,3420,384,D,LG,YP,D
15:09:20,JSMR,RG,3420,1,D,YB,YP,D
15:08:57,JSMR,RG,3420,5,D,OD,YP,D
15:08:57,JSMR,RG,3420,400,D,LG,YP,D
15:08:57,JSMR,RG,3420,4,D,NI,YP,D
15:08:57,JSMR,RG,3420,206,D,LG,YP,D
15:07:08,JSMR,RG,3420,1,D,LG,CP,D
15:06:35,JSMR,RG,3420,1,D,LG,CC,D
15:06:33,JSMR,RG,3420,30,D,LG,PD,D
15:06:06,JSMR,RG,3420,9,D,LG,PD,D
15:06:02,JSMR,RG,3420,60,D,LG,SQ,D
15:05:35,JSMR,RG,3420,18,D,LG,YP,D
15:05:25,JSMR,RG,3420,24,D,LG,EP,D
15:04:57,JSMR,RG,3420,1,D,LG,PD,D
15:04:14,JSMR,RG,3420,90,D,LG,YP,D
15:04:14,JSMR,RG,3420,5,D,LG,CC,D
15:04:14,JSMR,RG,3420,10,D,LG,DR,D
15:04:14,JSMR,RG,3420,1,D,LG,YP,D
15:04:14,JSMR,RG,3420,4,D,LG,PD,D
15:04:14,JSMR,RG,3420,10,D,LG,DR,D
15:04:14,JSMR,RG,3420,10,D,LG,LG,D
15:04:14,JSMR,RG,3420,300,D,LG,PD,D
15:04:14,JSMR,RG,3420,60,D,LG,YP,D
15:04:14,JSMR,RG,3420,10,D,LG,YP,D
15:04:14,JSMR,RG,3420,100,D,LG,CC,D
15:04:14,JSMR,RG,3420,550,D,LG,IH,D
15:03:36,JSMR,RG,3420,5,D,GR,IH,D
15:02:44,JSMR,RG,3420,1,D,XC,IH,D
15:02:43,JSMR,RG,3420,5,D,EP,IH,D
15:01:41,JSMR,RG,3420,39,D,LG,IH,D
15:01:41,JSMR,RG,3420,10,D,LG,ZP,D
15:01:41,JSMR,RG,3420,20,D,LG,EP,D
15:01:41,JSMR,RG,3420,3,D,LG,YP,D
15:01:41,JSMR,RG,3420,2,D,LG,DH,D
15:01:41,JSMR,RG,3420,5,D,LG,DR,D
15:01:41,JSMR,RG,3420,200,D,LG,PD,D
15:01:41,JSMR,RG,3420,10,D,LG,YP,D
15:01:41,JSMR,RG,3420,8,D,LG,PD,D
15:00:00,JSMR,RG,3420,1,D,LG,PD,D
15:00:00,JSMR,RG,3420,1,D,LG,KK,D
15:00:00,JSMR,RG,3420,2,D,LG,YP,D
15:00:00,JSMR,RG,3420,17,D,LG,PD,D
15:00:00,JSMR,RG,3420,5,D,LG,YP,D
15:00:00,JSMR,RG,3420,50,D,LG,CC,D
15:00:00,JSMR,RG,3420,5,D,LG,SQ,D
15:00:00,JSMR,RG,3420,100,D,LG,YB,D
15:00:00,JSMR,RG,3420,2,D,LG,YB,D
15:00:00,JSMR,RG,3420,100,D,LG,YP,D
15:00:00,JSMR,RG,3420,500,D,LG,HD,D
15:00:00,JSMR,RG,3420,50,D,LG,XC,D
15:00:00,JSMR,RG,3420,80,D,LG,YP,D
15:00:00,JSMR,RG,3420,90,D,LG,YP,D
15:00:00,JSMR,RG,3420,300,D,LG,YP,D
15:00:00,JSMR,RG,3420,97,D,LG,YP,D
15:00:00,JSMR,RG,3420,5,D,DR,YP,D
15:00:00,JSMR,RG,3420,5,D,SQ,YP,D
15:00:00,JSMR,RG,3420,1,D,YP,YP,D
15:00:00,JSMR,RG,3420,50,D,PD,YP,D
15:00:00,JSMR,RG,3420,5,D,KK,YP,D
15:00:00,JSMR,RG,3420,2,D,YP,YP,D
15:00:00,JSMR,RG,3420,5,D,SQ,YP,D
15:00:00,JSMR,RG,3420,5,D,DR,YP,D
15:00:00,JSMR,RG,3420,1,D,YP,YP,D
15:00:00,JSMR,RG,3420,1,D,NI,YP,D
15:00:00,JSMR,RG,3420,46,F,BK,YP,D
15:00:00,JSMR,RG,3420,14,F,BK,YP,D
15:00:00,JSMR,RG,3420,763,D,BB,YP,D
15:00:00,JSMR,RG,3420,5,D,BB,YP,D
15:00:00,JSMR,RG,3420,30,D,BB,PD,D
15:00:00,JSMR,RG,3420,50,D,BB,IN,D
15:00:00,JSMR,RG,3420,200,D,BB,LS,D
15:00:00,JSMR,RG,3420,152,D,BB,DR,D
15:00:00,JSMR,RG,3420,48,D,BB,DR,D
15:00:00,JSMR,RG,3420,129,D,BB,YP,D
15:00:00,JSMR,RG,3420,5,D,BB,BK,F
15:00:00,JSMR,RG,3420,67,D,BB,EP,D
15:00:00,JSMR,RG,3420,1,F,AK,EP,D
15:00:00,JSMR,RG,3420,141,D,CC,EP,D
15:00:00,JSMR,RG,3420,291,D,DX,EP,D
15:00:00,JSMR,RG,3420,31,D,DX,ZP,D
15:00:00,JSMR,RG,3420,6,F,ZP,ZP,D
14:49:57,JSMR,RG,3430,15,D,NI,CC,D
14:49:57,JSMR,RG,3430,5,D,NI,YP,D
14:49:52,JSMR,RG,3420,10,D,LG,CC,D
14:49:44,JSMR,RG,3430,1,F,ZP,YP,D
14:49:41,JSMR,RG,3420,3,D,LG,PD,D
14:49:31,JSMR,RG,3420,1,D,LG,CC,D
14:49:27,JSMR,RG,3420,138,D,LG,YP,D
14:49:14,JSMR,RG,3430,1,F,ZP,YP,D
14:49:11,JSMR,RG,3430,1,D,YP,YP,D
14:49:08,JSMR,RG,3420,4,D,LG,LG,D
14:49:07,JSMR,RG,3420,224,D,LG,KK,D
14:49:07,JSMR,RG,3420,400,D,LG,KK,D
14:49:07,JSMR,RG,3420,376,D,DX,KK,D
14:49:00,JSMR,RG,3420,11,D,DX,AK,D
14:49:00,JSMR,RG,3420,8,D,DX,AK,D
14:49:00,JSMR,RG,3420,15,D,DX,AK,D
14:48:59,JSMR,RG,3420,1,D,DX,AK,F
14:48:46,JSMR,RG,3430,2,D,NI,YP,D
14:48:46,JSMR,RG,3430,1,D,NI,YP,D
14:48:42,JSMR,RG,3430,2,D,YB,LS,D
14:48:42,JSMR,RG,3430,3,D,PD,LS,D
14:48:42,JSMR,RG,3430,20,D,PD,PD,D
14:48:42,JSMR,RG,3430,1,D,PD,PD,D
14:48:42,JSMR,RG,3430,1,D,PD,PD,D
14:48:42,JSMR,RG,3430,4,D,PD,YP,D
14:48:42,JSMR,RG,3430,11,D,PD,YP,D
14:48:42,JSMR,RG,3430,3,D,PD,YP,D
14:48:42,JSMR,RG,3430,7,D,PD,XL,D
14:48:39,JSMR,RG,3420,15,D,DX,SQ,D
14:48:29,JSMR,RG,3420,1,D,DX,AK,F
14:48:29,JSMR,RG,3420,25,D,DX,AK,D
14:48:29,JSMR,RG,3420,145,D,DX,DH,D
14:48:29,JSMR,RG,3420,1,D,DX,PD,D
14:48:29,JSMR,RG,3420,1,D,DX,NI,D
14:48:29,JSMR,RG,3420,1,D,DX,PD,D
14:48:29,JSMR,RG,3420,6,D,DX,CC,D
14:48:29,JSMR,RG,3420,30,D,DX,YP,D
14:48:29,JSMR,RG,3420,32,D,DX,AK,D
14:48:29,JSMR,RG,3420,20,D,DX,MG,D
14:48:29,JSMR,RG,3420,10,D,DX,NI,D
14:48:29,JSMR,RG,3420,20,D,DX,SQ,D
14:48:29,JSMR,RG,3420,8,D,DX,YP,D
14:48:29,JSMR,RG,3420,5,D,DX,OD,D
14:48:29,JSMR,RG,3420,3,D,DX,XC,D
14:48:29,JSMR,RG,3420,15,D,DX,YU,D
14:48:29,JSMR,RG,3420,1,D,DX,YP,D
14:48:29,JSMR,RG,3420,1,D,DX,PD,D
14:48:29,JSMR,RG,3420,20,D,DX,KK,D
14:48:29,JSMR,RG,3420,5,D,DX,EP,D
14:48:29,JSMR,RG,3420,1,D,DX,HP,D
14:48:29,JSMR,RG,3420,6,D,DX,AK,F
14:48:29,JSMR,RG,3420,2,D,DX,PD,D
14:48:29,JSMR,RG,3420,100,D,DX,OD,D
14:48:29,JSMR,RG,3420,5,D,DX,YP,D
14:48:29,JSMR,RG,3420,10,D,DX,YP,D
14:48:29,JSMR,RG,3420,5,D,DX,YP,D
14:48:29,JSMR,RG,3420,10,D,DX,KK,D
14:48:29,JSMR,RG,3420,10,D,DX,KK,D
14:48:29,JSMR,RG,3420,8,D,DX,AK,F
14:48:29,JSMR,RG,3420,10,D,DX,KK,D
14:48:29,JSMR,RG,3420,13,D,DX,XC,D
14:48:29,JSMR,RG,3420,7,D,DX,PD,D
14:48:29,JSMR,RG,3420,1,D,DX,NI,D
14:48:29,JSMR,RG,3420,50,D,DX,CP,D
14:48:29,JSMR,RG,3420,10,D,DX,YP,D
14:48:29,JSMR,RG,3420,60,D,DX,SQ,D
14:48:29,JSMR,RG,3420,10,D,DX,YP,D
14:48:29,JSMR,RG,3420,10,D,DX,HP,D
14:48:29,JSMR,RG,3420,10,D,DX,KK,D
14:48:29,JSMR,RG,3420,25,D,DX,EP,D
14:48:29,JSMR,RG,3420,150,D,DX,PD,D
14:48:29,JSMR,RG,3420,5,D,DX,YP,D
14:48:29,JSMR,RG,3420,1,D,DX,DR,D
14:48:29,JSMR,RG,3420,20,D,DX,OD,D
14:48:29,JSMR,RG,3420,20,D,DX,YJ,D
14:48:29,JSMR,RG,3420,150,D,DX,CD,D
14:48:29,JSMR,RG,3420,20,D,DX,LG,D
14:48:29,JSMR,RG,3420,10,D,DX,SQ,D
14:48:29,JSMR,RG,3420,50,D,DX,EP,D
14:48:29,JSMR,RG,3420,6,D,DX,XL,D
14:48:29,JSMR,RG,3420,17,D,DX,YB,D
14:48:29,JSMR,RG,3420,1,D,DX,YB,D
14:48:29,JSMR,RG,3420,1,D,DX,YP,D
14:48:29,JSMR,RG,3420,34,D,DX,YP,D
14:48:29,JSMR,RG,3420,2,D,DX,CC,D
14:48:29,JSMR,RG,3420,1,D,DX,YB,D
14:48:29,JSMR,RG,3420,1,D,DX,PD,D
14:48:29,JSMR,RG,3420,30,D,DX,KK,D
14:48:29,JSMR,RG,3420,1,D,DX,PD,D
14:48:29,JSMR,RG,3420,15,D,DX,KK,D
14:48:29,JSMR,RG,3420,15,D,DX,GR,D
14:48:29,JSMR,RG,3420,2,D,DX,PD,D
14:48:29,JSMR,RG,3420,10,D,DX,OD,D
14:48:29,JSMR,RG,3420,1,D,DX,XC,D
14:48:29,JSMR,RG,3420,48,D,DX,YP,D
14:48:29,JSMR,RG,3420,10,D,DX,YP,D
14:48:29,JSMR,RG,3420,1,D,DX,GR,D
14:48:29,JSMR,RG,3420,5,D,DX,XL,D
14:48:29,JSMR,RG,3420,1,D,DX,XC,D
14:48:29,JSMR,RG,3420,1,D,DX,PD,D
14:48:29,JSMR,RG,3420,2,D,DX,YP,D
14:48:29,JSMR,RG,3420,10,D,DX,YP,D
14:48:29,JSMR,RG,3420,300,D,DX,YP,D
14:48:29,JSMR,RG,3420,9,D,DX,KK,D
14:48:29,JSMR,RG,3420,3,D,DX,DR,D
14:48:29,JSMR,RG,3420,11,D,DX,DH,D
14:48:29,JSMR,RG,3420,1,D,DX,YP,D
14:48:29,JSMR,RG,3420,20,D,DX,PD,D
14:48:29,JSMR,RG,3420,200,D,DX,YP,D
14:48:29,JSMR,RG,3420,10,D,DX,KK,D
14:48:29,JSMR,RG,3420,1,D,DX,PD,D
14:48:29,JSMR,RG,3420,30,D,DX,YP,D
14:48:29,JSMR,RG,3420,1,D,DX,YP,D
14:48:29,JSMR,RG,3420,5,D,DX,YP,D
14:48:29,JSMR,RG,3420,100,D,DX,YU,D
14:48:29,JSMR,RG,3420,2,D,DX,XC,D
14:48:29,JSMR,RG,3420,5,D,DX,XC,D
14:48:29,JSMR,RG,3420,10,D,DX,CD,D
14:48:29,JSMR,RG,3420,40,D,DX,AT,D
14:48:29,JSMR,RG,3420,5,D,DX,PD,D
14:48:29,JSMR,RG,3420,1,D,DX,DH,D
14:48:29,JSMR,RG,3420,10,D,DX,KK,D
14:48:29,JSMR,RG,3420,1,D,DX,YP,D
14:48:29,JSMR,RG,3420,1,D,DX,CC,D
14:48:29,JSMR,RG,3420,10,D,DX,YP,D
14:48:29,JSMR,RG,3420,110,D,DX,PD,D
14:48:29,JSMR,RG,3420,247,D,DX,PD,D
14:48:15,JSMR,RG,3410,3,D,LG,AK,F
14:48:15,JSMR,RG,3410,23,D,LG,AK,D
14:48:00,JSMR,RG,3410,2,D,LG,AK,F
14:48:00,JSMR,RG,3410,2,D,LG,AK,F
14:47:45,JSMR,RG,3410,1,D,LG,AK,F
14:47:43,JSMR,RG,3410,31,D,LG,AK,D
14:47:43,JSMR,RG,3410,2,F,ZP,AK,D
14:47:43,JSMR,RG,3410,1,D,SQ,AK,D
14:47:43,JSMR,RG,3410,31,D,GR,AK,D
14:47:42,JSMR,RG,3410,1,D,GR,ZP,D
14:47:42,JSMR,RG,3410,10,D,GR,YP,D
14:47:12,JSMR,RG,3410,187,D,GR,NI,D
14:47:12,JSMR,RG,3410,1,F,ZP,NI,D
14:46:37,JSMR,RG,3420,6,F,BK,PD,D
14:46:30,JSMR,RG,3420,47,D,YU,PD,D
14:46:30,JSMR,RG,3420,8,D,YU,KK,D
14:46:30,JSMR,RG,3420,8,D,YU,PD,D
14:45:52,JSMR,RG,3410,10,D,DX,YP,D
14:45:52,JSMR,RG,3410,1,D,DX,LS,D
14:45:50,JSMR,RG,3410,5,D,DX,PD,D
14:45:30,JSMR,RG,3410,230,D,DX,AK,D
14:45:15,JSMR,RG,3410,27,D,DX,AK,D
14:45:05,JSMR,RG,3420,12,D,ZP,PD,D
14:45:05,JSMR,RG,3420,1,D,ZP,PD,D
14:45:05,JSMR,RG,3420,1,D,ZP,PD,D
14:45:05,JSMR,RG,3420,5,D,ZP,YP,D
14:45:05,JSMR,RG,3420,1,D,ZP,XC,D
14:45:05,JSMR,RG,3420,50,D,ZP,ZP,D
14:45:05,JSMR,RG,3420,25,D,ZP,CP,D
14:45:05,JSMR,RG,3420,2,D,ZP,CP,D
14:45:05,JSMR,RG,3420,3,D,ZP,CC,D
14:45:00,JSMR,RG,3410,33,D,DX,AK,D
14:44:40,JSMR,RG,3410,11,D,DX,KK,D
14:44:36,JSMR,RG,3410,150,D,DX,CC,D
14:44:30,JSMR,RG,3410,26,D,DX,AK,D
14:44:30,JSMR,RG,3410,1,F,BK,AK,D
14:44:30,JSMR,RG,3410,7,D,PD,AK,D
14:44:30,JSMR,RG,3410,4,D,YU,AK,D
14:44:16,JSMR,RG,3410,20,D,YU,YB,D
14:44:06,JSMR,RG,3410,10,D,BB,YB,D
14:44:06,JSMR,RG,3410,38,D,BB,CC,D
14:43:58,JSMR,RG,3410,303,D,BB,KK,D
14:43:58,JSMR,RG,3410,697,D,LG,KK,D
14:43:52,JSMR,RG,3420,9,D,PD,CC,D
14:43:30,JSMR,RG,3410,102,D,LG,AK,D
14:43:14,JSMR,RG,3420,5,D,PD,CC,D
14:42:58,JSMR,RG,3410,1,D,LG,AK,D
14:42:58,JSMR,RG,3410,50,D,YP,AK,D
14:42:58,JSMR,RG,3410,1,F,BK,AK,D
14:42:58,JSMR,RG,3410,6,D,YU,AK,D
14:42:58,JSMR,RG,3420,83,D,YU,CC,D
14:42:58,JSMR,RG,3420,16,D,YU,AG,F
14:42:14,JSMR,RG,3420,4,D,PD,AG,F
14:42:14,JSMR,RG,3420,19,D,PD,SQ,D
14:41:55,JSMR,RG,3410,25,D,YU,XC,D
14:41:43,JSMR,RG,3410,16,D,YU,YP,D
14:41:43,JSMR,RG,3410,84,D,DX,YP,D
14:41:33,JSMR,RG,3410,100,D,DX,KK,D
14:41:29,JSMR,RG,3410,316,D,DX,CC,D
14:41:29,JSMR,RG,3410,10,D,YU,CC,D
14:41:26,JSMR,RG,3410,17,D,YU,YP,D
14:41:26,JSMR,RG,3410,31,D,YU,YP,D
14:41:26,JSMR,RG,3410,1,D,YP,YP,D
14:41:26,JSMR,RG,3410,76,D,KI,YP,D
14:41:08,JSMR,RG,3410,34,D,KI,AK,D
14:41:07,JSMR,RG,3410,40,D,KI,CC,D
14:41:07,JSMR,RG,3410,29,D,YU,CC,D
14:41:07,JSMR,RG,3410,30,D,ZP,CC,D
14:41:07,JSMR,RG,3410,1,D,YU,CC,D
14:41:01,JSMR,RG,3410,4,D,YU,PD,D
14:40:45,JSMR,RG,3410,24,D,YU,AK,D
14:40:45,JSMR,RG,3410,18,D,LG,AK,D
14:40:41,JSMR,RG,3410,20,D,LG,CC,D
14:40:15,JSMR,RG,3410,37,D,LG,AK,D
14:40:10,JSMR,RG,3410,500,D,LG,CC,D
14:39:54,JSMR,RG,3410,27,D,LG,KK,D
14:39:53,JSMR,RG,3410,10,D,LG,YP,D
14:39:50,JSMR,RG,3410,1,D,LG,LS,D
14:39:49,JSMR,RG,3410,200,D,LG,YP,D
14:39:45,JSMR,RG,3410,51,D,LG,AK,D
14:39:34,JSMR,RG,3410,2,D,LG,YP,D
14:39:21,JSMR,RG,3420,30,D,YP,SQ,D
14:39:10,JSMR,RG,3420,15,D,YB,SQ,D
14:39:09,JSMR,RG,3410,41,D,LG,AK,D
14:39:08,JSMR,RG,3420,23,D,PD,SQ,D
14:39:00,JSMR,RG,3420,52,D,YU,SQ,D
14:38:35,JSMR,RG,3410,10,D,LG,YP,D
14:38:33,JSMR,RG,3410,1,D,LG,DH,D
14:38:26,JSMR,RG,3410,2,D,LG,ZP,D
14:38:26,JSMR,RG,3410,59,D,LG,AK,D
14:38:25,JSMR,RG,3410,4,D,LG,PD,D
14:38:24,JSMR,RG,3410,1,D,LG,ZP,D
14:38:24,JSMR,RG,3410,216,D,LG,GR,D
14:38:24,JSMR,RG,3410,34,D,NI,GR,D
14:38:20,JSMR,RG,3410,10,D,NI,CP,D
14:38:12,JSMR,RG,3410,5,D,NI,YP,D
14:37:47,JSMR,RG,3410,1,D,NI,YP,D
14:37:47,JSMR,RG,3410,29,D,YU,YP,D
14:37:44,JSMR,RG,3420,54,D,YU,SQ,D
14:37:23,JSMR,RG,3410,1,D,YU,YP,D
14:37:15,JSMR,RG,3410,112,D,BB,AK,D
14:37:14,JSMR,RG,3410,3,D,BB,YP,D
14:37:02,JSMR,RG,3410,2,D,BB,PD,D
14:36:30,JSMR,RG,3410,61,D,BB,AK,D
14:36:14,JSMR,RG,3420,23,D,PD,SQ,D
14:36:14,JSMR,RG,3410,1,D,BB,YB,D
14:36:00,JSMR,RG,3410,2,D,BB,YB,D
14:36:00,JSMR,RG,3420,34,D,YU,SQ,D
14:36:00,JSMR,RG,3420,40,D,YU,CC,D
14:35:16,JSMR,RG,3410,1,D,BB,YP,D
14:35:15,JSMR,RG,3410,6,D,BB,PD,D
14:34:51,JSMR,RG,3410,207,D,BB,YP,D
14:34:49,JSMR,RG,3410,1,D,BB,XC,D
14:34:46,JSMR,RG,3410,1,D,BB,ZR,D
14:34:45,JSMR,RG,3410,5,D,BB,PD,D
14:34:44,JSMR,RG,3410,10,D,BB,PD,D
14:34:38,JSMR,RG,3410,50,D,BB,KK,D
14:34:24,JSMR,RG,3410,100,D,BB,CC,D
14:34:22,JSMR,RG,3410,38,D,BB,YP,D
14:34:22,JSMR,RG,3410,13,F,BK,YP,D
14:34:22,JSMR,RG,3410,9,F,ZP,YP,D
14:34:22,JSMR,RG,3410,32,D,YU,YP,D
14:34:22,JSMR,RG,3410,28,D,YU,YP,D
14:34:22,JSMR,RG,3410,80,D,DX,YP,D
14:34:21,JSMR,RG,3410,1,D,DX,YP,D
14:34:13,JSMR,RG,3410,1,D,DX,PD,D
14:34:04,JSMR,RG,3410,5,D,DX,SQ,D
14:33:29,JSMR,RG,3410,3,D,DX,PD,D
14:33:29,JSMR,RG,3410,5,D,DX,YP,D
14:33:29,JSMR,RG,3410,10,D,DX,DR,D
14:33:29,JSMR,RG,3410,6,D,DX,PD,D
14:33:29,JSMR,RG,3410,49,D,DX,AK,D
14:33:29,JSMR,RG,3410,4,D,DX,NI,D
14:33:29,JSMR,RG,3410,1,D,DX,SQ,D
14:33:29,JSMR,RG,3410,10,D,DX,BR,D
14:33:29,JSMR,RG,3410,1,D,DX,CC,D
14:33:29,JSMR,RG,3410,10,D,DX,YP,D
14:33:29,JSMR,RG,3410,12,D,DX,AK,F
14:33:29,JSMR,RG,3410,10,D,DX,NI,D
14:33:29,JSMR,RG,3410,77,D,DX,CC,D
14:33:29,JSMR,RG,3410,1,D,DX,NI,D
14:33:29,JSMR,RG,3410,73,D,DX,AK,D
14:33:29,JSMR,RG,3410,1,D,DX,BQ,D
14:33:29,JSMR,RG,3410,10,D,DX,YP,D
14:33:29,JSMR,RG,3410,10,D,DX,YP,D
14:33:29,JSMR,RG,3410,20,D,DX,KK,D
14:33:29,JSMR,RG,3410,30,D,DX,SQ,D
14:33:29,JSMR,RG,3410,10,D,DX,KK,D
14:33:29,JSMR,RG,3410,10,D,DX,YP,D
14:33:29,JSMR,RG,3410,100,D,DX,DH,D
14:33:29,JSMR,RG,3410,24,D,DX,PD,D
14:33:29,JSMR,RG,3410,5,D,DX,GR,D
14:33:29,JSMR,RG,3410,1,D,DX,IP,D
14:33:29,JSMR,RG,3410,10,D,DX,PD,D
14:33:29,JSMR,RG,3410,150,D,DX,AZ,D
14:33:29,JSMR,RG,3410,20,D,DX,KK,D
14:33:29,JSMR,RG,3410,5,D,DX,YP,D
14:33:29,JSMR,RG,3410,5,D,DX,XL,D
14:33:29,JSMR,RG,3410,20,D,DX,KK,D
14:33:29,JSMR,RG,3410,100,D,DX,GR,D
14:33:29,JSMR,RG,3410,100,D,DX,YP,D
14:33:29,JSMR,RG,3410,100,D,DX,XL,D
14:33:29,JSMR,RG,3410,5,D,DX,SQ,D
14:33:29,JSMR,RG,3410,20,D,DX,PD,D
14:33:29,JSMR,RG,3410,5,D,DX,PD,D
14:33:29,JSMR,RG,3410,5,D,DX,NI,D
14:33:29,JSMR,RG,3410,10,D,DX,XC,D
14:33:29,JSMR,RG,3410,9,D,DX,XL,D
14:33:29,JSMR,RG,3410,5,D,DX,SQ,D
14:33:29,JSMR,RG,3410,10,D,DX,KK,D
14:33:29,JSMR,RG,3410,30,D,DX,NI,D
14:33:29,JSMR,RG,3410,10,D,DX,DH,D
14:33:29,JSMR,RG,3410,10,D,DX,YP,D
14:33:29,JSMR,RG,3410,1,D,DX,AT,D
14:33:29,JSMR,RG,3410,30,D,DX,SQ,D
14:33:29,JSMR,RG,3410,1,D,DX,YP,D
14:33:29,JSMR,RG,3410,100,D,DX,YP,D
14:33:29,JSMR,RG,3410,6,D,DX,TF,D
14:33:29,JSMR,RG,3410,8,D,DX,YP,D
14:33:29,JSMR,RG,3410,4,D,DX,XC,D
14:33:29,JSMR,RG,3410,2,D,DX,PD,D
14:33:29,JSMR,RG,3410,1,D,DX,IF,D
14:33:29,JSMR,RG,3410,50,D,DX,YP,D
14:33:29,JSMR,RG,3410,88,D,DX,KK,D
14:33:05,JSMR,RG,3410,23,D,PD,KK,D
14:32:58,JSMR,RG,3400,58,D,LG,YB,D
14:32:51,JSMR,RG,3410,24,D,YP,KK,D
14:32:44,JSMR,RG,3400,10,D,LG,XL,D
14:32:41,JSMR,RG,3410,56,D,YU,KK,D
14:32:14,JSMR,RG,3410,1,D,AZ,KK,D
14:31:27,JSMR,RG,3400,5,D,LG,CC,D
14:31:07,JSMR,RG,3400,24,D,LG,HP,D
14:30:45,JSMR,RG,3400,136,D,LG,AK,D
14:30:45,JSMR,RG,3400,42,D,YU,AK,D
14:30:45,JSMR,RG,3400,36,D,YU,AK,D
14:30:45,JSMR,RG,3400,1,D,YP,AK,D
14:30:45,JSMR,RG,3400,57,D,BB,AK,D
14:30:11,JSMR,RG,3410,55,D,YU,KK,D
14:30:06,JSMR,RG,3410,23,D,PD,KK,D
14:30:00,JSMR,RG,3400,61,D,BB,AK,D
14:29:29,JSMR,RG,3400,10,D,BB,TP,D
14:28:00,JSMR,RG,3410,53,D,YU,KK,D
14:27:42,JSMR,RG,3410,62,D,YU,KK,D
14:27:05,JSMR,RG,3410,23,D,PD,KK,D
14:26:48,JSMR,RG,3400,15,D,BB,NI,D
14:26:04,JSMR,RG,3400,1,D,BB,YP,D
14:25:53,JSMR,RG,3400,8,D,BB,KK,D
14:25:47,JSMR,RG,3410,58,D,YP,KK,D
14:25:12,JSMR,RG,3410,55,D,YU,KK,D
14:25:09,JSMR,RG,3410,1,D,EP,KK,D
14:24:45,JSMR,RG,3400,16,D,BB,LG,D
14:24:33,JSMR,RG,3400,120,D,BB,AK,D
14:24:33,JSMR,RG,3400,212,D,BB,AK,D
14:24:11,JSMR,RG,3400,7,D,PD,AK,D
14:24:11,JSMR,RG,3400,16,D,PD,AK,D
14:23:35,JSMR,RG,3400,49,D,GR,AK,D
14:23:08,JSMR,RG,3400,4,D,PD,ZP,D
14:23:00,JSMR,RG,3410,72,D,YU,KK,D
14:22:38,JSMR,RG,3410,53,D,YU,KK,D
14:22:32,JSMR,RG,3400,3,D,YU,NI,D
14:22:32,JSMR,RG,3400,182,D,DX,NI,D
14:21:37,JSMR,RG,3400,1,D,DX,LG,D
14:21:16,JSMR,RG,3400,60,D,DX,SQ,D
14:21:16,JSMR,RG,3400,20,D,DX,YP,D
14:21:16,JSMR,RG,3400,38,D,DX,AK,F
14:21:16,JSMR,RG,3400,10,D,DX,YP,D
14:21:16,JSMR,RG,3400,5,D,DX,CC,D
14:21:16,JSMR,RG,3400,92,D,DX,CC,D
14:21:16,JSMR,RG,3400,63,D,DX,AK,D
14:21:16,JSMR,RG,3400,10,D,DX,AK,F
14:21:16,JSMR,RG,3400,19,D,DX,AK,D
14:21:06,JSMR,RG,3400,23,D,PD,AK,D
14:20:31,JSMR,RG,3400,8,D,PD,AK,D
14:20:09,JSMR,RG,3400,13,D,YU,AK,D
14:20:09,JSMR,RG,3400,43,D,YU,AI,D
14:20:02,JSMR,RG,3400,6,D,PD,AI,D
14:19:30,JSMR,RG,3400,20,D,CC,AI,D
14:18:47,JSMR,RG,3400,2,D,EP,AI,D
14:18:38,JSMR,RG,3400,6,D,KK,AI,D
14:18:09,JSMR,RG,3400,23,D,PD,AI,D
14:17:24,JSMR,RG,3390,45,D,DX,PD,D
14:16:55,JSMR,RG,3400,25,D,YU,PD,D
14:16:55,JSMR,RG,3400,437,D,LG,PD,D
14:16:44,JSMR,RG,3400,3,D,LG,DR,D
14:16:33,JSMR,RG,3400,73,D,LG,AK,D
14:16:33,JSMR,RG,3400,52,D,LG,AK,D
14:16:33,JSMR,RG,3400,15,D,LG,EP,D
14:16:33,JSMR,RG,3400,10,D,LG,YP,D
14:16:33,JSMR,RG,3400,2,D,LG,CC,F
14:16:33,JSMR,RG,3400,100,D,LG,YP,D
14:16:33,JSMR,RG,3400,1,D,LG,NI,D
14:16:33,JSMR,RG,3400,1,D,LG,PD,D
14:16:33,JSMR,RG,3400,25,D,LG,KK,D
14:16:33,JSMR,RG,3400,200,D,LG,YP,D
14:16:33,JSMR,RG,3400,10,D,LG,OD,D
14:16:33,JSMR,RG,3400,1,D,LG,CC,D
14:16:33,JSMR,RG,3400,11,D,LG,KK,D
14:16:33,JSMR,RG,3400,5,D,LG,BQ,D
14:16:33,JSMR,RG,3400,1,D,LG,AR,D
14:16:33,JSMR,RG,3400,9,D,LG,AK,F
14:16:33,JSMR,RG,3400,7,D,LG,AK,F
14:16:33,JSMR,RG,3400,10,D,LG,DH,D
14:16:33,JSMR,RG,3400,5,D,LG,YP,D
14:16:33,JSMR,RG,3400,3,D,LG,IF,D
14:16:33,JSMR,RG,3400,10,D,LG,YP,D
14:16:33,JSMR,RG,3400,3,D,LG,CC,D
14:16:33,JSMR,RG,3400,6,D,LG,IN,D
14:15:22,JSMR,RG,3390,20,D,DX,YP,D
14:15:19,JSMR,RG,3390,19,D,DX,AK,F
14:15:19,JSMR,RG,3390,1,D,DX,XC,D
14:15:19,JSMR,RG,3390,1,D,DX,DH,D
14:15:19,JSMR,RG,3390,61,D,DX,AK,D
14:15:19,JSMR,RG,3390,10,D,DX,AK,F
14:15:19,JSMR,RG,3390,216,D,DX,AK,D
14:15:12,JSMR,RG,3380,2,D,DX,LG,D
14:15:07,JSMR,RG,3390,58,D,HP,AK,D
14:15:06,JSMR,RG,3390,23,D,PD,AK,D
14:14:53,JSMR,RG,3390,20,D,HP,AK,D
14:14:31,JSMR,RG,3390,1,F,AK,AK,D
14:14:30,JSMR,RG,3390,2,F,AK,AK,D
14:14:30,JSMR,RG,3390,3,F,AK,AK,D
14:14:30,JSMR,RG,3390,7,F,AK,AK,D
14:14:01,JSMR,RG,3390,12,F,AK,PD,D
14:14:01,JSMR,RG,3390,26,F,AK,PD,D
14:14:00,JSMR,RG,3390,30,F,AK,AK,D
14:14:00,JSMR,RG,3390,28,D,YU,AK,D
14:14:00,JSMR,RG,3390,10,D,AG,AK,D
14:13:39,JSMR,RG,3390,3,F,AK,ZP,D
14:13:37,JSMR,RG,3390,1,D,YP,PD,D
14:13:37,JSMR,RG,3390,300,D,LG,PD,D
14:13:37,JSMR,RG,3390,500,D,DX,PD,D
14:13:37,JSMR,RG,3390,9,F,ZP,PD,D
14:13:37,JSMR,RG,3390,2,D,YP,PD,D
14:13:37,JSMR,RG,3390,14,F,BK,PD,D
14:13:37,JSMR,RG,3390,20,D,YP,PD,D
14:13:37,JSMR,RG,3390,500,D,LG,PD,D
14:13:37,JSMR,RG,3390,50,D,YB,PD,D
14:13:37,JSMR,RG,3390,7,D,XC,PD,D
14:13:37,JSMR,RG,3390,25,D,YU,PD,D
14:13:37,JSMR,RG,3390,31,D,YU,PD,D
14:13:37,JSMR,RG,3390,28,D,YU,PD,D
14:13:37,JSMR,RG,3390,1,D,AZ,PD,D
14:13:37,JSMR,RG,3390,21,D,YU,PD,D
14:13:36,JSMR,RG,3400,1,D,HP,IN,D
14:13:15,JSMR,RG,3390,9,D,YU,AK,D
14:13:15,JSMR,RG,3390,1,D,YP,AK,D
14:13:15,JSMR,RG,3390,5,D,OD,AK,D
14:13:15,JSMR,RG,3390,49,D,LG,AK,D
14:13:12,JSMR,RG,3400,1,D,DR,IN,D
14:13:07,JSMR,RG,3400,2,D,YB,IN,D
14:13:07,JSMR,RG,3400,12,D,YB,ZP,D
14:13:00,JSMR,RG,3400,57,D,YU,ZP,D
14:12:39,JSMR,RG,3400,31,D,YU,ZP,D
14:12:39,JSMR,RG,3400,29,D,YU,YP,D
14:12:30,JSMR,RG,3390,64,D,LG,AK,D
14:12:15,JSMR,RG,3400,1,D,SQ,YP,D
14:12:08,JSMR,RG,3400,23,D,PD,YP,D
14:12:01,JSMR,RG,3390,2,D,LG,NI,D
14:11:30,JSMR,RG,3390,62,D,LG,AK,D
14:10:30,JSMR,RG,3390,77,D,LG,AK,D
14:10:16,JSMR,RG,3400,1,D,HP,YP,D
14:10:09,JSMR,RG,3400,53,D,YU,YP,D
14:10:00,JSMR,RG,3390,60,D,LG,YP,D
14:09:33,JSMR,RG,3390,67,D,LG,AK,D
14:09:07,JSMR,RG,3400,23,D,PD,YP,D
14:08:30,JSMR,RG,3390,84,D,LG,AK,D
14:08:00,JSMR,RG,3400,53,D,YU,YP,D
14:07:40,JSMR,RG,3390,10,D,LG,YB,D
14:07:35,JSMR,RG,3400,58,D,YU,YP,D
14:07:10,JSMR,RG,3390,14,D,LG,YP,D
14:07:00,JSMR,RG,3390,65,D,LG,AK,D
14:06:15,JSMR,RG,3390,68,D,LG,AK,D
14:06:11,JSMR,RG,3400,23,D,PD,YP,D
14:05:43,JSMR,RG,3400,6,D,YP,YP,D
14:05:33,JSMR,RG,3400,1,F,AK,YP,D
14:05:15,JSMR,RG,3390,62,D,LG,AK,D
14:05:10,JSMR,RG,3400,10,D,PD,YP,D
14:05:09,JSMR,RG,3400,49,D,YU,YP,D
14:05:09,JSMR,RG,3400,6,D,YU,YP,D
14:04:30,JSMR,RG,3390,61,D,LG,AK,D
14:03:09,JSMR,RG,3400,2,D,PD,YP,D
14:03:09,JSMR,RG,3400,21,D,PD,AK,D
14:02:40,JSMR,RG,3400,38,D,AZ,AK,D
14:02:40,JSMR,RG,3400,30,D,AZ,LG,D
14:02:40,JSMR,RG,3400,8,D,AZ,AK,F
14:02:40,JSMR,RG,3400,4,D,AZ,ZP,D
14:02:40,JSMR,RG,3400,7,D,AZ,AK,F
14:02:40,JSMR,RG,3400,13,D,AZ,AK,F
14:02:36,JSMR,RG,3400,58,D,YU,AK,D
14:02:31,JSMR,RG,3390,1,D,LG,CC,D
14:02:09,JSMR,RG,3400,24,D,BB,AK,D
14:02:09,JSMR,RG,3400,2,D,BB,YU,D
14:02:09,JSMR,RG,3400,14,D,BB,CC,D
14:02:01,JSMR,RG,3390,1,D,LG,CC,D
14:02:00,JSMR,RG,3400,62,D,YU,CC,D
14:01:51,JSMR,RG,3390,1,D,LG,PD,D
14:01:03,JSMR,RG,3390,100,D,LG,CC,D
14:00:44,JSMR,RG,3390,10,D,LG,CC,D
14:00:28,JSMR,RG,3400,23,D,PD,CC,D
14:00:13,JSMR,RG,3390,5,D,LG,NI,D
14:00:07,JSMR,RG,3400,33,D,YU,CC,D
14:00:07,JSMR,RG,3400,24,D,YU,OD,D
13:58:58,JSMR,RG,3390,10,D,LG,DH,D
13:58:00,JSMR,RG,3390,127,D,LG,AK,D
13:58:00,JSMR,RG,3390,185,D,DX,AK,D
13:57:43,JSMR,RG,3400,1,D,CC,OD,D
13:57:43,JSMR,RG,3400,2,D,CC,OD,D
13:57:24,JSMR,RG,3390,2,D,DX,XC,D
13:57:15,JSMR,RG,3390,20,D,DX,XC,D
13:57:15,JSMR,RG,3390,1,D,DX,XC,D
13:57:06,JSMR,RG,3390,56,D,DX,AK,D
13:57:06,JSMR,RG,3390,1,D,DX,NI,D
13:56:15,JSMR,RG,3390,59,D,DX,AK,D
13:55:49,JSMR,RG,3400,4,D,YU,OD,D
13:55:45,JSMR,RG,3400,21,D,YU,OD,D
13:55:45,JSMR,RG,3400,25,D,YU,OD,D
13:55:45,JSMR,RG,3400,29,D,YU,OD,D
13:55:45,JSMR,RG,3400,8,F,ZP,OD,D
13:55:45,JSMR,RG,3400,31,D,YU,OD,D
13:55:45,JSMR,RG,3400,36,D,LG,OD,D
13:55:40,JSMR,RG,3400,100,D,LG,DR,D
13:55:37,JSMR,RG,3400,114,D,LG,YP,D
13:55:37,JSMR,RG,3400,20,D,CC,YP,D
13:55:37,JSMR,RG,3400,1,D,YP,YP,D
13:55:37,JSMR,RG,3400,15,F,BK,YP,D
13:55:37,JSMR,RG,3400,23,D,YU,YP,D
13:55:37,JSMR,RG,3400,27,D,LG,YP,D
13:55:24,JSMR,RG,3400,136,D,LG,NI,D
13:55:12,JSMR,RG,3400,1,D,LG,CD,D
13:55:01,JSMR,RG,3410,3,D,XL,KK,D
13:55:00,JSMR,RG,3400,10,D,LG,YP,D
13:53:57,JSMR,RG,3400,10,D,LG,XC,D
13:53:54,JSMR,RG,3400,10,D,LG,DR,D
13:53:38,JSMR,RG,3400,15,D,LG,NI,D
13:53:17,JSMR,RG,3400,10,D,LG,YP,D
13:52:56,JSMR,RG,3400,15,D,LG,CC,D
13:52:50,JSMR,RG,3400,10,D,LG,DR,D
13:52:20,JSMR,RG,3400,106,D,LG,GR,D
13:52:20,JSMR,RG,3400,4,D,DR,GR,D
13:52:20,JSMR,RG,3400,4,D,DR,GR,D
13:52:20,JSMR,RG,3400,2,D,NI,GR,D
13:52:20,JSMR,RG,3400,28,D,YU,GR,D
13:52:20,JSMR,RG,3400,20,D,PD,GR,D
13:52:20,JSMR,RG,3400,27,D,YU,GR,D
13:52:20,JSMR,RG,3400,5,D,OD,GR,D
13:52:20,JSMR,RG,3400,10,D,EP,GR,D
13:52:20,JSMR,RG,3400,28,D,YU,GR,D
13:52:20,JSMR,RG,3400,16,D,LG,GR,D
13:52:11,JSMR,RG,3400,1,D,LG,XL,D
13:52:06,JSMR,RG,3400,1,D,LG,XC,D
13:51:30,JSMR,RG,3400,353,D,LG,AK,D
13:51:21,JSMR,RG,3410,50,D,YU,KK,D
13:51:21,JSMR,RG,3410,8,D,YU,NI,D
13:50:15,JSMR,RG,3400,62,D,LG,AK,D
13:49:49,JSMR,RG,3410,1,D,LG,NI,D
13:49:10,JSMR,RG,3400,7,D,LG,KK,D
13:49:09,JSMR,RG,3400,6,D,LG,YB,D
13:48:49,JSMR,RG,3410,56,D,YU,NI,D
13:48:44,JSMR,RG,3400,1,D,LG,XC,D
13:48:33,JSMR,RG,3400,10,D,LG,YP,D
13:47:59,JSMR,RG,3400,40,D,LG,PD,D
13:47:46,JSMR,RG,3400,3,D,LG,YP,D
13:47:44,JSMR,RG,3400,1,D,KK,XC,D
13:47:44,JSMR,RG,3400,4,D,YU,XC,D
13:47:40,JSMR,RG,3400,1,D,YU,ZR,D
13:47:09,JSMR,RG,3400,29,D,YU,YP,D
13:47:09,JSMR,RG,3400,21,D,YU,YP,D
13:47:02,JSMR,RG,3400,15,D,YU,DH,D
13:47:02,JSMR,RG,3400,10,D,YU,DH,D
13:46:47,JSMR,RG,3400,10,D,YU,YP,D
13:46:10,JSMR,RG,3410,5,D,OD,NI,D
13:46:05,JSMR,RG,3400,1,D,YU,PD,D
13:46:04,JSMR,RG,3400,10,D,YU,KK,D
13:46:04,JSMR,RG,3400,10,D,YU,KK,D
13:45:57,JSMR,RG,3410,1,D,YB,NI,D
13:45:54,JSMR,RG,3410,1,D,KK,NI,D
13:45:43,JSMR,RG,3410,1,D,PD,NI,D
13:45:43,JSMR,RG,3400,16,D,YU,YP,D
13:44:22,JSMR,RG,3410,27,D,CC,NI,D
13:44:22,JSMR,RG,3410,2,D,CC,CC,D
13:44:22,JSMR,RG,3410,30,D,CC,AZ,D
13:43:55,JSMR,RG,3400,233,D,SQ,AK,D
13:43:55,JSMR,RG,3400,16,D,SQ,EP,D
13:43:55,JSMR,RG,3400,151,D,SQ,ZP,D
13:43:55,JSMR,RG,3400,1,D,SQ,YP,D
13:43:55,JSMR,RG,3400,144,D,SQ,CC,D
13:43:46,JSMR,RG,3400,11,D,YU,CC,D
13:43:46,JSMR,RG,3400,47,D,YU,YP,D
13:43:27,JSMR,RG,3390,4,D,DX,ZP,D
13:43:27,JSMR,RG,3390,50,D,DX,PD,D
13:43:27,JSMR,RG,3390,57,D,DX,AK,D
13:43:27,JSMR,RG,3390,350,D,DX,EL,D
13:43:27,JSMR,RG,3390,100,D,DX,ZP,D
13:43:27,JSMR,RG,3390,1,D,DX,CC,F
13:43:27,JSMR,RG,3390,100,D,DX,ZP,D
13:43:27,JSMR,RG,3390,14,D,DX,AK,D
13:43:14,JSMR,RG,3390,10,D,CC,AK,D
13:43:00,JSMR,RG,3390,36,D,YU,AK,D
13:43:00,JSMR,RG,3390,30,D,YU,DR,D
13:42:18,JSMR,RG,3390,10,D,PD,DR,D
13:41:42,JSMR,RG,3380,10,D,DX,CC,D
13:41:21,JSMR,RG,3380,5,D,DX,KK,D
13:41:21,JSMR,RG,3390,56,D,YU,DR,D
13:39:30,JSMR,RG,3380,20,D,DX,DR,D
13:39:27,JSMR,RG,3390,4,D,YP,DR,D
13:39:27,JSMR,RG,3390,60,D,YP,CD,D
13:39:15,JSMR,RG,3390,59,D,NI,CD,D
13:39:13,JSMR,RG,3390,2,D,PD,CD,D
13:38:58,JSMR,RG,3390,30,D,PD,CD,D
13:38:53,JSMR,RG,3390,474,D,LG,AK,F
13:38:52,JSMR,RG,3390,26,D,LG,AK,D
13:38:49,JSMR,RG,3390,39,D,CC,AK,D
13:38:49,JSMR,RG,3390,1,D,CC,YB,D
13:38:49,JSMR,RG,3390,101,D,CC,AK,D
13:38:49,JSMR,RG,3390,189,D,CC,AK,F
13:38:49,JSMR,RG,3390,170,D,CC,HD,D
13:37:57,JSMR,RG,3390,28,D,YU,HD,D
13:37:57,JSMR,RG,3390,52,D,DX,HD,D
13:37:43,JSMR,RG,3390,1,D,DX,YP,D
13:37:33,JSMR,RG,3390,62,D,DX,AK,D
13:37:33,JSMR,RG,3390,74,D,DX,AK,D
13:37:33,JSMR,RG,3390,311,D,DX,AK,F
13:37:16,JSMR,RG,3390,9,D,CC,AK,F
13:37:16,JSMR,RG,3390,1,D,CC,XL,D
13:36:32,JSMR,RG,3390,1,D,HD,XL,D
13:35:40,JSMR,RG,3360,132,F,AK,CC,D
13:35:40,JSMR,RG,3360,4,F,AK,XC,D
13:35:40,JSMR,RG,3360,324,F,AK,KK,D
13:35:35,JSMR,RG,3360,150,D,HD,KK,D
13:35:35,JSMR,RG,3360,1,D,EP,KK,D
13:35:35,JSMR,RG,3360,3,D,CC,KK,D
13:35:35,JSMR,RG,3360,10,D,PD,KK,D
13:35:35,JSMR,RG,3360,50,D,YP,KK,D
13:35:35,JSMR,RG,3360,1,D,CC,KK,D
13:35:35,JSMR,RG,3360,10,D,KI,KK,D
13:35:35,JSMR,RG,3360,1,D,YP,KK,D
13:35:35,JSMR,RG,3360,20,D,PD,KK,D
13:35:35,JSMR,RG,3360,100,D,CC,KK,D
13:35:35,JSMR,RG,3360,6,D,AT,KK,D
13:35:35,JSMR,RG,3360,1,D,YP,KK,D
13:35:35,JSMR,RG,3360,20,D,YP,KK,D
13:35:35,JSMR,RG,3360,16,D,LG,KK,D
13:35:35,JSMR,RG,3360,90,D,YB,KK,D
13:35:35,JSMR,RG,3360,151,D,LG,KK,D
13:35:35,JSMR,RG,3360,30,D,YP,KK,D
13:35:35,JSMR,RG,3360,10,D,YB,KK,D
13:35:35,JSMR,RG,3360,2,D,YB,KK,D
13:35:35,JSMR,RG,3360,5,D,YB,KK,D
13:35:35,JSMR,RG,3360,1,D,YB,KK,D
13:35:35,JSMR,RG,3360,200,D,YB,KK,D
13:35:35,JSMR,RG,3360,5,D,EP,KK,D
13:35:35,JSMR,RG,3360,3,D,DH,KK,D
13:35:35,JSMR,RG,3360,3,D,PD,KK,D
13:35:35,JSMR,RG,3360,20,D,YB,KK,D
13:35:35,JSMR,RG,3360,3,D,CC,KK,D
13:35:35,JSMR,RG,3360,100,D,AG,KK,D
13:35:35,JSMR,RG,3360,1,D,YP,KK,D
13:35:35,JSMR,RG,3360,10,D,YP,KK,D
13:35:35,JSMR,RG,3370,100,D,HD,KK,D
13:35:35,JSMR,RG,3370,2,D,XC,KK,D
13:35:35,JSMR,RG,3370,10,D,YP,KK,D
13:35:35,JSMR,RG,3370,2,D,EP,KK,D
13:35:35,JSMR,RG,3370,10,D,MG,KK,D
13:35:35,JSMR,RG,3370,1,D,SQ,KK,D
13:35:35,JSMR,RG,3370,5,D,EP,KK,D
13:35:35,JSMR,RG,3370,23,D,PD,KK,D
13:35:35,JSMR,RG,3370,128,D,PD,IF,D
13:35:35,JSMR,RG,3370,5,D,GR,IF,D
13:35:35,JSMR,RG,3370,1,D,NI,IF,D
13:35:35,JSMR,RG,3370,10,D,CC,IF,D
13:35:35,JSMR,RG,3370,1,D,YP,IF,D
13:35:35,JSMR,RG,3370,5,D,PD,IF,D
13:35:35,JSMR,RG,3370,5,D,PD,IF,D
13:35:35,JSMR,RG,3370,600,D,BB,IF,D
13:35:35,JSMR,RG,3370,10,D,KK,IF,D
13:35:35,JSMR,RG,3370,25,D,CC,IF,D
13:35:35,JSMR,RG,3370,1,D,YB,IF,D
13:35:35,JSMR,RG,3370,5,D,DH,IF,D
13:35:35,JSMR,RG,3370,10,D,YP,IF,D
13:35:35,JSMR,RG,3370,2,D,BQ,IF,D
13:35:35,JSMR,RG,3370,2,D,PD,IF,D
13:35:35,JSMR,RG,3370,1,D,YP,IF,D
13:35:35,JSMR,RG,3370,30,D,EP,IF,D
13:35:35,JSMR,RG,3370,10,D,LG,IF,D
13:35:35,JSMR,RG,3370,20,D,YB,IF,D
13:35:35,JSMR,RG,3370,15,D,PD,IF,D
13:35:35,JSMR,RG,3370,10,D,DR,IF,D
13:35:35,JSMR,RG,3380,1,D,DR,IF,D
13:35:35,JSMR,RG,3380,15,D,DR,IF,D
13:35:35,JSMR,RG,3380,3,D,CC,IF,D
13:35:35,JSMR,RG,3380,1,D,GR,IF,D
13:35:35,JSMR,RG,3380,1,D,DH,IF,D
13:35:35,JSMR,RG,3380,3,D,XA,IF,D
13:35:35,JSMR,RG,3380,10,D,YP,IF,D
13:35:35,JSMR,RG,3380,5,D,YP,IF,D
13:35:35,JSMR,RG,3380,1,D,XL,IF,D
13:35:35,JSMR,RG,3380,5,D,CC,IF,D
13:35:35,JSMR,RG,3380,5,D,PD,IF,D
13:35:35,JSMR,RG,3380,100,D,CC,IF,D
13:35:35,JSMR,RG,3380,10,D,MG,IF,D
13:35:35,JSMR,RG,3380,5,D,EP,IF,D
13:35:35,JSMR,RG,3380,10,D,XL,IF,D
13:35:35,JSMR,RG,3380,500,D,DX,IF,D
13:35:35,JSMR,RG,3380,10,D,PD,IF,D
13:35:35,JSMR,RG,3380,1,D,GR,IF,D
13:35:35,JSMR,RG,3380,1,D,XC,IF,D
13:35:35,JSMR,RG,3380,5,D,YB,IF,D
13:35:35,JSMR,RG,3380,1,D,YP,IF,D
13:35:35,JSMR,RG,3380,2,D,XC,IF,D
13:35:35,JSMR,RG,3380,600,D,BB,IF,D
13:35:35,JSMR,RG,3380,10,D,CC,IF,D
13:35:35,JSMR,RG,3380,10,D,YB,IF,D
13:35:35,JSMR,RG,3380,1100,D,CP,IF,D
13:35:35,JSMR,RG,3380,418,D,DX,IF,D
13:35:35,JSMR,RG,3390,2,D,YP,IF,D
13:35:35,JSMR,RG,3390,50,D,YU,IF,D
13:35:35,JSMR,RG,3390,28,D,YU,IF,D
13:35:35,JSMR,RG,3390,2,D,XL,IF,D
13:35:35,JSMR,RG,3390,10,D,PD,IF,D
13:35:35,JSMR,RG,3390,1,D,DH,IF,D
13:35:35,JSMR,RG,3390,7,D,YB,IF,D
13:35:35,JSMR,RG,3390,5,D,YP,IF,D
13:35:35,JSMR,RG,3390,500,D,DX,IF,D
13:35:35,JSMR,RG,3390,1,D,GR,IF,D
13:35:35,JSMR,RG,3390,10,D,YP,IF,D
13:35:35,JSMR,RG,3390,20,D,YP,IF,D
13:35:35,JSMR,RG,3390,10,D,XL,IF,D
13:35:35,JSMR,RG,3390,1,D,GR,IF,D
13:35:35,JSMR,RG,3390,9,D,KK,IF,D
13:35:35,JSMR,RG,3390,1,D,GR,IF,D
13:35:35,JSMR,RG,3390,1,D,XL,IF,D
13:35:35,JSMR,RG,3390,1,D,NI,IF,D
13:35:35,JSMR,RG,3390,200,D,DX,IF,D
13:35:35,JSMR,RG,3390,1,D,PD,IF,D
13:35:35,JSMR,RG,3390,6,D,DR,IF,D
13:35:35,JSMR,RG,3390,4,D,YP,IF,D
13:35:35,JSMR,RG,3390,1,D,YP,IF,D
13:35:35,JSMR,RG,3390,500,D,DX,IF,D
13:35:35,JSMR,RG,3390,1,D,YP,IF,D
13:35:35,JSMR,RG,3390,100,D,CC,IF,D
13:35:35,JSMR,RG,3390,250,D,DR,IF,D
13:35:35,JSMR,RG,3390,1,D,PD,IF,D
13:35:35,JSMR,RG,3390,10,D,MG,IF,D
13:35:35,JSMR,RG,3390,38,D,DR,IF,D
13:35:14,JSMR,RG,3400,236,D,DX,YP,D
13:35:14,JSMR,RG,3400,25,D,DX,CC,D
13:35:06,JSMR,RG,3400,13,D,DX,AK,F
13:35:06,JSMR,RG,3400,80,D,DX,AK,D
13:35:06,JSMR,RG,3400,63,D,DX,AK,D
13:35:06,JSMR,RG,3400,83,D,DX,YP,D
13:34:46,JSMR,RG,3400,2,D,XL,BK,F
13:34:46,JSMR,RG,3400,32,D,YU,BK,F
13:34:46,JSMR,RG,3400,24,D,YU,BK,F
13:34:46,JSMR,RG,3400,25,D,YU,BK,F
13:34:46,JSMR,RG,3400,63,D,YU,BK,F
13:34:46,JSMR,RG,3400,1,D,YP,BK,F
13:34:46,JSMR,RG,3400,1,D,XL,BK,F
13:34:46,JSMR,RG,3400,43,D,YB,BK,F
13:34:46,JSMR,RG,3400,7,D,YB,BK,F
13:34:46,JSMR,RG,3400,100,D,YB,BK,F
13:34:46,JSMR,RG,3400,20,D,BQ,BK,F
13:34:46,JSMR,RG,3400,1,D,PD,BK,F
13:34:46,JSMR,RG,3400,1,D,PD,BK,F
13:34:46,JSMR,RG,3400,25,D,KK,BK,F
13:34:46,JSMR,RG,3400,50,D,KK,BK,F
13:34:46,JSMR,RG,3400,50,D,GR,BK,F
13:34:46,JSMR,RG,3400,3,D,DH,BK,F
13:34:46,JSMR,RG,3400,50,D,KK,BK,F
13:34:46,JSMR,RG,3400,1,D,NI,BK,F
13:34:46,JSMR,RG,3400,1,D,YP,BK,F
13:34:46,JSMR,RG,3400,1,D,CC,BK,F
13:34:46,JSMR,RG,3400,70,D,NI,BK,F
13:34:46,JSMR,RG,3400,13,F,BK,BK,F
13:34:46,JSMR,RG,3400,189,D,DX,BK,F
13:34:41,JSMR,RG,3400,45,D,DX,CP,D
13:34:00,JSMR,RG,3410,82,D,YU,YP,D
13:32:32,JSMR,RG,3410,29,D,YU,YP,D
13:32:32,JSMR,RG,3410,3,D,PD,YP,D
13:32:32,JSMR,RG,3410,12,F,ZP,YP,D
13:32:32,JSMR,RG,3410,91,D,BB,YP,D
13:32:30,JSMR,RG,3410,74,D,BB,AK,D
13:32:30,JSMR,RG,3410,10,D,BB,KK,D
13:32:30,JSMR,RG,3410,67,D,BB,AK,D
13:32:30,JSMR,RG,3410,68,D,BB,AK,F
13:32:30,JSMR,RG,3410,8,D,BB,YP,D
13:32:30,JSMR,RG,3410,5,D,BB,YP,D
13:32:30,JSMR,RG,3410,24,D,BB,YP,D
13:32:30,JSMR,RG,3410,1,D,BB,XL,D
13:32:30,JSMR,RG,3410,12,D,BB,CC,D
13:32:09,JSMR,RG,3410,88,D,BB,CC,D
13:32:09,JSMR,RG,3410,1,D,BB,YP,D
13:32:09,JSMR,RG,3410,58,D,BB,AK,D
13:32:09,JSMR,RG,3410,30,D,BB,YP,D
13:32:09,JSMR,RG,3410,5,D,BB,XL,D
13:32:09,JSMR,RG,3410,1,D,BB,YP,D
13:32:09,JSMR,RG,3410,10,D,BB,XL,D
13:32:09,JSMR,RG,3410,10,D,BB,XL,D
13:32:09,JSMR,RG,3410,1,D,BB,YP,D
13:32:09,JSMR,RG,3410,20,D,BB,YP,D
13:32:09,JSMR,RG,3410,1,D,BB,YP,D
13:32:09,JSMR,RG,3410,25,D,BB,CC,D
13:32:09,JSMR,RG,3410,6,D,BB,XC,D
13:32:09,JSMR,RG,3410,4,D,BB,XC,D
13:32:09,JSMR,RG,3410,1,D,BB,YB,D
13:32:09,JSMR,RG,3410,4,D,BB,ZP,D
13:32:09,JSMR,RG,3410,50,D,BB,PD,D
13:32:09,JSMR,RG,3410,1,D,BB,PD,D
13:32:09,JSMR,RG,3410,50,D,BB,PD,D
13:32:09,JSMR,RG,3410,75,D,BB,KK,D
13:32:09,JSMR,RG,3410,2,D,BB,KK,D
13:32:09,JSMR,RG,3410,6,D,BB,SQ,D
13:32:09,JSMR,RG,3410,15,D,BB,KK,D
13:32:09,JSMR,RG,3410,5,D,BB,KK,D
13:32:09,JSMR,RG,3410,7,D,BB,GR,D
13:32:09,JSMR,RG,3410,7,D,BB,AT,D
13:32:09,JSMR,RG,3410,4,D,BB,DH,D
13:32:09,JSMR,RG,3410,1,D,BB,AZ,D
13:32:09,JSMR,RG,3410,12,D,BB,RB,D
13:30:53,JSMR,RG,3410,2,D,PD,RB,D
13:30:03,JSMR,RG,3410,29,D,YU,RB,D
13:30:03,JSMR,RG,3410,1,D,CC,RB,D
13:30:03,JSMR,RG,3410,29,D,YP,RB,D
13:30:03,JSMR,RG,3400,141,D,DX,AK,D
13:30:02,JSMR,RG,3410,3,D,OD,RB,D
13:30:01,JSMR,RG,3410,24,D,YU,RB,D
13:30:01,JSMR,RG,3410,3,D,YU,SQ,D
13:30:01,JSMR,RG,3410,5,D,YU,LS,D
13:30:01,JSMR,RG,3410,1,D,YU,GR,D
13:30:01,JSMR,RG,3410,4,D,YU,PD,D
13:30:01,JSMR,RG,3410,19,D,YU,PD,D
13:30:01,JSMR,RG,3410,100,D,PD,PD,D
13:30:01,JSMR,RG,3410,2,D,XC,PD,D
13:30:01,JSMR,RG,3410,1,D,PD,PD,D
13:30:01,JSMR,RG,3410,1,D,PD,PD,D
13:30:01,JSMR,RG,3410,92,D,SQ,PD,D
13:30:01,JSMR,RG,3410,1,D,SQ,PD,D
13:30:01,JSMR,RG,3410,5,D,DH,PD,D
13:30:01,JSMR,RG,3410,1,D,SQ,PD,D
13:30:01,JSMR,RG,3410,10,D,EP,PD,D
13:30:01,JSMR,RG,3410,10,D,EP,PD,D
13:30:01,JSMR,RG,3400,5,D,DX,YU,D
13:30:01,JSMR,RG,3410,4,D,YB,PD,D
13:30:00,JSMR,RG,3410,45,D,YB,PD,D
11:29:59,JSMR,RG,3410,100,D,CC,PD,D
11:29:58,JSMR,RG,3400,1,D,DX,AK,D
11:29:57,JSMR,RG,3400,1,D,DX,AK,D
11:29:56,JSMR,RG,3400,11,D,DX,AK,D
11:29:41,JSMR,RG,3400,16,D,DX,AK,D
11:29:41,JSMR,RG,3400,7,D,DX,AK,D
11:29:33,JSMR,RG,3400,30,D,DX,YU,D
11:29:31,JSMR,RG,3400,14,D,DX,AK,D
11:29:31,JSMR,RG,3400,4,D,DX,AK,D
11:29:31,JSMR,RG,3410,30,D,CC,PD,D
11:29:26,JSMR,RG,3400,4,D,DX,AK,D
11:29:20,JSMR,RG,3400,18,D,DX,AK,D
11:29:19,JSMR,RG,3410,1,D,NI,PD,D
11:29:03,JSMR,RG,3400,3,D,DX,PD,D
11:28:46,JSMR,RG,3410,5,D,YP,PD,D
11:28:40,JSMR,RG,3410,31,D,YU,PD,D
11:28:40,JSMR,RG,3410,36,D,YU,PD,D
11:28:40,JSMR,RG,3410,6,F,ZP,PD,D
11:28:37,JSMR,RG,3420,10,D,CC,CC,D
11:28:37,JSMR,RG,3420,50,D,CC,KI,D
11:28:37,JSMR,RG,3420,1,D,CC,MU,D
11:28:37,JSMR,RG,3410,10,D,CC,LS,D
11:28:37,JSMR,RG,3410,25,D,CC,PD,D
11:28:37,JSMR,RG,3410,50,D,CC,TF,D
11:28:37,JSMR,RG,3410,13,D,CC,AK,D
11:28:37,JSMR,RG,3410,1,D,CC,XC,D
11:28:37,JSMR,RG,3410,40,D,CC,NI,D
11:28:15,JSMR,RG,3410,60,D,NI,NI,D
11:28:15,JSMR,RG,3410,25,D,NI,AK,D
11:28:15,JSMR,RG,3410,50,D,NI,TF,D
11:28:15,JSMR,RG,3410,10,D,NI,YP,D
11:28:15,JSMR,RG,3410,8,D,NI,AK,D
11:28:08,JSMR,RG,3410,5,D,YP,AK,D
11:27:58,JSMR,RG,3410,10,F,CC,AK,D
11:27:58,JSMR,RG,3410,53,F,CC,AK,D
11:27:49,JSMR,RG,3410,1,D,CC,AK,D
11:27:31,JSMR,RG,3410,46,D,YU,AK,D
11:27:31,JSMR,RG,3410,29,D,YU,YU,D
11:27:26,JSMR,RG,3400,34,D,DX,AK,D
11:27:26,JSMR,RG,3410,45,D,BB,YU,D
11:27:26,JSMR,RG,3410,59,D,BB,XC,D
11:27:26,JSMR,RG,3410,1,D,BB,PD,D
11:27:26,JSMR,RG,3410,2,D,BB,XC,D
11:27:26,JSMR,RG,3410,3,D,BB,XL,D
11:27:26,JSMR,RG,3410,2,D,BB,ZP,D
11:27:26,JSMR,RG,3410,100,D,BB,ZP,D
11:27:26,JSMR,RG,3410,1,D,BB,PD,D
11:27:26,JSMR,RG,3410,10,D,BB,CC,D
11:27:26,JSMR,RG,3410,1,D,BB,XC,D
11:27:26,JSMR,RG,3410,1,D,BB,NI,D
11:27:26,JSMR,RG,3410,1,D,BB,XC,D
11:27:26,JSMR,RG,3410,20,D,BB,NI,D
11:27:26,JSMR,RG,3410,2,D,BB,YP,D
11:27:26,JSMR,RG,3410,10,D,BB,GR,D
11:27:26,JSMR,RG,3410,10,D,BB,YP,D
11:27:26,JSMR,RG,3410,122,D,BB,AK,F
11:27:26,JSMR,RG,3410,60,D,BB,CC,D
11:27:26,JSMR,RG,3410,30,D,BB,SQ,D
11:27:26,JSMR,RG,3410,2,D,BB,YP,D
11:27:26,JSMR,RG,3410,30,D,BB,TP,D
11:27:26,JSMR,RG,3410,5,D,BB,LS,D
11:27:26,JSMR,RG,3410,15,D,BB,YP,D
11:27:26,JSMR,RG,3410,2,D,BB,PD,D
11:27:26,JSMR,RG,3410,10,D,BB,KK,D
11:27:26,JSMR,RG,3410,40,D,BB,CC,D
11:27:26,JSMR,RG,3410,10,D,BB,YP,D
11:27:26,JSMR,RG,3410,1,D,BB,PD,D
11:27:26,JSMR,RG,3410,1,D,BB,XC,D
11:27:26,JSMR,RG,3410,10,D,BB,KK,D
11:27:26,JSMR,RG,3410,10,D,BB,OD,D
11:27:26,JSMR,RG,3410,20,D,BB,YP,D
11:27:26,JSMR,RG,3410,25,D,BB,PD,D
11:27:26,JSMR,RG,3410,1,D,BB,YP,D
11:27:26,JSMR,RG,3410,40,D,BB,YP,D
11:27:26,JSMR,RG,3410,5,D,BB,XC,D
11:27:26,JSMR,RG,3410,33,D,BB,SQ,D
11:27:26,JSMR,RG,3410,5,D,BB,PD,D
11:27:26,JSMR,RG,3410,2,D,BB,PD,D
11:27:26,JSMR,RG,3410,15,D,BB,SQ,D
11:27:26,JSMR,RG,3410,1,D,BB,YP,D
11:27:26,JSMR,RG,3410,20,D,BB,CC,D
11:27:26,JSMR,RG,3410,1,D,BB,LG,D
11:27:26,JSMR,RG,3410,1,D,BB,CC,D
11:27:26,JSMR,RG,3410,10,D,BB,YP,D
11:27:26,JSMR,RG,3410,2,D,BB,PD,D
11:27:26,JSMR,RG,3410,1,D,BB,PD,D
11:27:26,JSMR,RG,3410,34,D,BB,EP,D
11:27:26,JSMR,RG,3410,1,D,BB,OD,D
11:27:26,JSMR,RG,3410,5,D,BB,YP,D
11:27:26,JSMR,RG,3410,46,D,BB,EP,D
11:27:26,JSMR,RG,3410,20,D,BB,AG,F
11:27:26,JSMR,RG,3410,1,D,BB,MK,D
11:27:26,JSMR,RG,3410,95,D,BB,SQ,D
11:27:12,JSMR,RG,3410,13,F,BK,SQ,D
11:27:00,JSMR,RG,3410,75,D,YU,SQ,D
11:27:00,JSMR,RG,3410,44,D,YU,SQ,D
11:26:09,JSMR,RG,3400,100,D,DX,YJ,D
11:26:09,JSMR,RG,3400,50,D,DX,CD,D
11:26:09,JSMR,RG,3400,73,D,DX,CC,D
11:26:09,JSMR,RG,3400,45,D,DX,AK,D
11:26:09,JSMR,RG,3400,1,D,DX,BQ,D
11:26:09,JSMR,RG,3400,30,D,DX,LG,D
11:26:09,JSMR,RG,3400,1,D,DX,YP,D
11:26:09,JSMR,RG,3400,1,D,DX,SQ,D
11:26:09,JSMR,RG,3400,1,D,DX,YP,D
11:26:09,JSMR,RG,3400,15,D,DX,NI,D
11:26:09,JSMR,RG,3400,7,D,DX,EP,D
11:26:09,JSMR,RG,3400,50,D,DX,GR,D
11:26:09,JSMR,RG,3400,1,D,DX,ZP,D
11:26:09,JSMR,RG,3400,13,D,DX,XC,D
11:26:09,JSMR,RG,3400,3,D,DX,EP,D
11:26:09,JSMR,RG,3400,1,D,DX,YP,D
11:26:09,JSMR,RG,3400,1,D,DX,AK,F
11:26:09,JSMR,RG,3400,2,D,DX,DR,D
11:26:09,JSMR,RG,3400,45,D,DX,OD,D
11:26:09,JSMR,RG,3400,1,D,DX,AK,F
11:26:09,JSMR,RG,3400,760,D,DX,DR,D
11:26:09,JSMR,RG,3400,3,D,DX,YP,D
11:26:09,JSMR,RG,3400,4,D,DX,XL,D
11:26:09,JSMR,RG,3400,1,D,DX,NI,D
11:26:09,JSMR,RG,3400,30,D,DX,SQ,D
11:26:09,JSMR,RG,3400,1,D,DX,OD,D
11:26:09,JSMR,RG,3400,1,D,DX,AK,F
11:26:09,JSMR,RG,3400,69,D,DX,AK,D
11:26:09,JSMR,RG,3400,167,D,DX,YB,D
11:26:05,JSMR,RG,3390,300,D,DR,NI,D
11:25:58,JSMR,RG,3390,43,D,DR,PD,D
11:24:51,JSMR,RG,3390,1,D,DR,ZP,D
11:24:40,JSMR,RG,3400,1,F,ZP,YB,D
11:24:35,JSMR,RG,3390,3,D,DR,XL,D
11:23:41,JSMR,RG,3390,272,D,DR,AK,D
11:23:30,JSMR,RG,3390,7,D,DR,YP,D
11:22:56,JSMR,RG,3390,79,D,DR,AK,D
11:22:46,JSMR,RG,3400,15,D,EP,YB,D
11:21:26,JSMR,RG,3390,134,D,DR,AK,D
11:20:41,JSMR,RG,3390,50,D,DR,CC,D
11:20:20,JSMR,RG,3390,25,D,DR,YP,D
11:19:26,JSMR,RG,3390,48,D,DR,AK,D
11:19:26,JSMR,RG,3390,2,D,EP,AK,D
11:19:26,JSMR,RG,3390,1,D,YP,AK,D
11:19:26,JSMR,RG,3390,10,D,YP,AK,D
11:19:26,JSMR,RG,3390,6,D,AT,AK,D
11:19:26,JSMR,RG,3390,40,D,YU,AK,D
11:19:26,JSMR,RG,3390,44,D,DX,AK,D
11:18:18,JSMR,RG,3400,61,D,YU,YB,D
11:18:10,JSMR,RG,3400,5,F,ZP,YB,D
11:17:11,JSMR,RG,3390,156,D,DX,AK,D
11:17:11,JSMR,RG,3390,8,D,GR,AK,D
11:17:00,JSMR,RG,3400,53,D,YU,YB,D
11:16:54,JSMR,RG,3390,1,D,GR,IP,D
11:16:20,JSMR,RG,3390,10,D,GR,GR,D
11:15:37,JSMR,RG,3390,7,D,GR,NI,D
11:14:58,JSMR,RG,3400,198,D,YP,YB,D
11:14:58,JSMR,RG,3400,1,D,YP,AK,F
11:14:58,JSMR,RG,3400,66,D,YP,AK,D
11:14:58,JSMR,RG,3400,735,D,YP,DR,D
11:14:43,JSMR,RG,3390,1,D,GR,PD,D
11:13:31,JSMR,RG,3390,3,D,GR,YP,D
11:13:08,JSMR,RG,3390,117,D,GR,CC,D
11:13:08,JSMR,RG,3390,2,D,YB,CC,D
11:13:08,JSMR,RG,3390,18,D,YU,CC,D
11:12:47,JSMR,RG,3390,1,D,YU,NI,D
11:11:36,JSMR,RG,3400,7,D,YP,DR,D
11:11:27,JSMR,RG,3400,3,D,PD,DR,D
11:10:34,JSMR,RG,3400,5,D,KI,DR,D
11:10:25,JSMR,RG,3390,3,D,YU,GR,D
11:10:25,JSMR,RG,3390,97,D,DX,GR,D
11:10:18,JSMR,RG,3400,5,D,EP,DR,D
11:10:18,JSMR,RG,3400,30,D,YU,DR,D
11:10:18,JSMR,RG,3400,1,D,YP,DR,D
11:10:18,JSMR,RG,3400,214,D,DX,DR,D
11:10:15,JSMR,RG,3400,1,D,DX,LS,D
11:10:08,JSMR,RG,3400,1,D,DX,SQ,D
11:09:59,JSMR,RG,3400,50,D,DX,SQ,D
11:09:55,JSMR,RG,3400,1,D,DX,XC,D
11:08:58,JSMR,RG,3400,67,D,DX,AK,D
11:08:58,JSMR,RG,3400,1,D,DX,AK,F
11:08:58,JSMR,RG,3400,10,D,DX,YP,D
11:08:58,JSMR,RG,3400,1,D,DX,YU,D
11:08:58,JSMR,RG,3400,6,D,DX,AK,F
11:08:58,JSMR,RG,3400,1,D,DX,YP,D
11:08:58,JSMR,RG,3400,100,D,DX,ZP,D
11:08:58,JSMR,RG,3400,47,D,DX,AK,D
11:08:49,JSMR,RG,3400,152,D,LG,AK,D
11:08:49,JSMR,RG,3400,66,D,LG,AK,D
11:08:49,JSMR,RG,3400,76,D,LG,EP,D
11:08:12,JSMR,RG,3390,10,D,DX,KK,D
11:08:09,JSMR,RG,3390,1,D,DX,PD,D
11:08:09,JSMR,RG,3390,1,D,DX,PD,D
11:08:09,JSMR,RG,3390,1,D,DX,PD,D
11:07:56,JSMR,RG,3390,90,D,DX,AK,D
11:07:56,JSMR,RG,3390,100,D,PD,AK,D
11:07:56,JSMR,RG,3390,1,D,YP,AK,D
11:07:56,JSMR,RG,3390,31,D,YU,AK,D
11:07:56,JSMR,RG,3390,16,D,DX,AK,D
11:07:21,JSMR,RG,3400,3,D,YB,EP,D
11:07:20,JSMR,RG,3400,20,D,DX,EP,D
11:07:19,JSMR,RG,3400,180,D,DX,YB,D
11:07:19,JSMR,RG,3400,35,D,YU,YB,D
11:07:19,JSMR,RG,3400,3,D,YB,YB,D
11:07:19,JSMR,RG,3400,182,F,BK,YB,D
11:06:30,JSMR,RG,3400,10,F,BK,YP,D
11:06:17,JSMR,RG,3400,15,F,BK,YP,D
11:06:12,JSMR,RG,3400,29,F,BK,SQ,D
11:06:11,JSMR,RG,3400,1,D,PD,SQ,D
11:06:10,JSMR,RG,3400,99,D,PD,YB,D
11:06:10,JSMR,RG,3400,41,F,BK,YB,D
11:06:10,JSMR,RG,3400,10,D,YP,YB,D
11:06:10,JSMR,RG,3400,200,D,DX,YB,D
11:06:10,JSMR,RG,3400,10,D,MG,YB,D
11:06:10,JSMR,RG,3400,240,D,YP,YB,D
11:05:28,JSMR,RG,3410,2,D,XC,SQ,D
11:05:24,JSMR,RG,3400,10,D,YP,GR,D
11:05:13,JSMR,RG,3410,7,D,YP,SQ,D
11:04:37,JSMR,RG,3410,1,D,CC,SQ,D
11:03:39,JSMR,RG,3400,8,F,AK,AK,F
11:03:39,JSMR,RG,3400,4,F,AK,ZP,D
11:03:39,JSMR,RG,3400,5,F,AK,CC,D
11:03:39,JSMR,RG,3400,5,F,AK,AK,F
11:03:39,JSMR,RG,3400,191,F,AK,YB,D
11:03:38,JSMR,RG,3400,309,D,BB,YB,D
11:03:38,JSMR,RG,3400,15,D,BB,NI,D
11:03:38,JSMR,RG,3400,10,D,BB,CC,D
11:03:38,JSMR,RG,3400,5,D,BB,AK,F
11:03:38,JSMR,RG,3400,304,D,BB,YB,D
11:03:38,JSMR,RG,3400,15,D,BB,GR,D
11:03:38,JSMR,RG,3400,2,D,BB,AR,D
11:03:38,JSMR,RG,3400,15,D,BB,YP,D
11:03:38,JSMR,RG,3400,73,D,BB,AK,D
11:03:38,JSMR,RG,3400,10,D,BB,YP,D
11:03:38,JSMR,RG,3400,10,D,BB,ZP,D
11:03:38,JSMR,RG,3400,62,D,BB,AK,D
11:03:38,JSMR,RG,3400,50,D,BB,XC,D
11:03:38,JSMR,RG,3400,200,D,BB,PD,D
11:03:38,JSMR,RG,3400,50,D,BB,YP,D
11:03:38,JSMR,RG,3400,34,D,BB,EP,D
11:03:38,JSMR,RG,3400,10,D,BB,LS,D
11:03:38,JSMR,RG,3400,3,D,BB,XC,D
11:03:38,JSMR,RG,3400,5,D,BB,YP,D
11:03:38,JSMR,RG,3400,18,D,BB,PD,D
11:03:19,JSMR,RG,3400,5,D,EP,PD,D
11:02:31,JSMR,RG,3390,5,D,DX,CC,D
11:02:30,JSMR,RG,3390,1,D,DX,PD,D
11:02:10,JSMR,RG,3390,35,D,DX,CC,D
11:02:07,JSMR,RG,3390,88,D,DX,YP,D
11:02:05,JSMR,RG,3390,1,D,DX,XC,D
11:01:59,JSMR,RG,3390,20,D,DX,PD,D
11:01:43,JSMR,RG,3390,34,D,DX,CC,D
11:01:43,JSMR,RG,3390,1,D,GR,CC,D
11:01:43,JSMR,RG,3390,29,D,ZP,CC,D
11:01:12,JSMR,RG,3390,11,D,ZP,CC,D
11:01:12,JSMR,RG,3390,14,D,YU,CC,D
11:00:41,JSMR,RG,3390,24,D,YU,AK,D
11:00:41,JSMR,RG,3390,40,D,NI,AK,D
11:00:41,JSMR,RG,3390,21,F,BK,AK,D
11:00:41,JSMR,RG,3390,15,D,YB,AK,D
11:00:41,JSMR,RG,3390,22,D,YU,AK,D
11:00:41,JSMR,RG,3390,1,D,YP,AK,D
11:00:41,JSMR,RG,3390,36,D,YU,AK,D
11:00:41,JSMR,RG,3390,20,D,DR,AK,D
11:00:41,JSMR,RG,3390,190,D,DX,AK,D
11:00:20,JSMR,RG,3390,2,D,DX,YP,D
11:00:00,JSMR,RG,3390,300,D,DX,DX,D
10:59:02,JSMR,RG,3390,1,D,DX,GR,D
10:59:01,JSMR,RG,3400,5,D,YP,PD,D
10:59:01,JSMR,RG,3400,5,D,YP,CC,D
10:59:01,JSMR,RG,3400,9,D,YP,CC,D
10:59:01,JSMR,RG,3400,1,D,YP,YP,D
10:59:01,JSMR,RG,3400,25,D,YP,YP,D
10:59:01,JSMR,RG,3400,250,D,YP,SQ,D
10:59:01,JSMR,RG,3400,5,D,YP,OD,D
10:59:01,JSMR,RG,3400,700,D,YP,DR,D
10:58:23,JSMR,RG,3390,3,D,DX,CC,D
10:57:24,JSMR,RG,3390,4,D,DX,EP,D
10:57:24,JSMR,RG,3390,9,F,ZP,EP,D
10:57:24,JSMR,RG,3390,5,D,OD,EP,D
10:57:24,JSMR,RG,3390,36,D,YU,EP,D
10:57:24,JSMR,RG,3390,28,D,YU,EP,D
10:57:24,JSMR,RG,3390,72,D,BB,EP,D
10:56:48,JSMR,RG,3390,200,D,BB,CD,D
10:56:01,JSMR,RG,3390,50,D,BB,AZ,D
10:55:48,JSMR,RG,3390,1,D,BB,KK,D
10:55:47,JSMR,RG,3390,10,D,BB,YP,D
10:54:20,JSMR,RG,3400,1,D,PD,DR,D
10:53:59,JSMR,RG,3390,10,D,BB,YP,D
10:53:50,JSMR,RG,3390,67,D,BB,AK,D
10:53:50,JSMR,RG,3390,5,D,BB,AK,F
10:53:50,JSMR,RG,3390,67,D,BB,AK,D
10:53:50,JSMR,RG,3390,2,D,BB,AR,D
10:53:50,JSMR,RG,3390,3,D,BB,YB,D
10:53:50,JSMR,RG,3390,10,D,BB,KK,D
10:53:50,JSMR,RG,3390,1,D,BB,BQ,D
10:53:50,JSMR,RG,3390,100,D,BB,YP,D
10:53:50,JSMR,RG,3390,1,D,BB,EP,D
10:53:50,JSMR,RG,3390,1,D,BB,LG,D
10:53:34,JSMR,RG,3390,3,D,XL,PD,D
10:52:39,JSMR,RG,3380,4,D,DX,XC,D
10:52:04,JSMR,RG,3380,68,D,DX,AK,D
10:52:04,JSMR,RG,3380,4,D,DX,AK,F
10:52:04,JSMR,RG,3380,64,D,DX,AK,D
10:52:04,JSMR,RG,3380,12,D,DX,CC,D
10:52:04,JSMR,RG,3380,430,D,DX,CC,D
10:51:52,JSMR,RG,3380,1,D,NI,CC,D
10:51:51,JSMR,RG,3380,20,F,BK,CC,D
10:51:40,JSMR,RG,3380,49,F,BK,CC,D
10:51:40,JSMR,RG,3380,2,F,BK,ZP,D
10:51:40,JSMR,RG,3380,3,F,BK,AK,F
10:51:32,JSMR,RG,3380,1,D,YP,AK,F
10:51:12,JSMR,RG,3380,68,D,YP,AK,D
10:50:18,JSMR,RG,3380,2,F,AK,ZP,D
10:50:18,JSMR,RG,3380,12,F,AK,AK,D
10:50:18,JSMR,RG,3380,6,F,AK,AK,F
10:50:18,JSMR,RG,3380,46,F,AK,AK,D
10:50:18,JSMR,RG,3380,2,D,PD,AK,D
10:50:10,JSMR,RG,3380,40,F,BK,AK,D
10:50:04,JSMR,RG,3380,14,F,BK,AK,D
10:50:02,JSMR,RG,3380,10,D,YB,AK,D
10:49:41,JSMR,RG,3380,39,D,YU,AK,D
10:49:41,JSMR,RG,3380,1,D,GR,AK,D
10:49:41,JSMR,RG,3380,20,D,AZ,AK,D
10:49:41,JSMR,RG,3380,1,D,YB,AK,D
10:49:41,JSMR,RG,3380,20,D,YB,AK,D
10:49:41,JSMR,RG,3380,2,D,DR,AK,D
10:49:41,JSMR,RG,3380,5,D,PD,AK,D
10:49:41,JSMR,RG,3380,3,D,DR,AK,D
10:49:41,JSMR,RG,3380,34,D,YU,AK,D
10:49:41,JSMR,RG,3380,2,D,EP,AK,D
10:49:41,JSMR,RG,3380,15,F,CC,AK,D
10:49:41,JSMR,RG,3380,32,D,YU,AK,D
10:49:41,JSMR,RG,3380,14,D,YB,AK,D
10:49:41,JSMR,RG,3380,1,D,YP,AK,D
10:49:41,JSMR,RG,3380,1,D,YP,AK,D
10:49:41,JSMR,RG,3380,10,D,KK,AK,D
10:49:41,JSMR,RG,3380,50,D,YB,AK,D
10:49:41,JSMR,RG,3380,29,D,YB,AK,D
10:49:41,JSMR,RG,3380,2,D,YB,AK,D
10:48:13,JSMR,RG,3390,5,D,CC,PD,D
10:46:37,JSMR,RG,3390,1,D,DR,PD,D
10:46:21,JSMR,RG,3380,8,D,YB,YB,D
10:45:21,JSMR,RG,3390,6,D,PD,PD,D
10:45:21,JSMR,RG,3390,2,D,PD,AK,D
10:45:04,JSMR,RG,3390,30,D,PD,AK,D
10:45:03,JSMR,RG,3390,38,D,DR,AK,D
10:45:03,JSMR,RG,3390,1,D,DR,YP,D
10:45:03,JSMR,RG,3390,1,D,DR,CC,D
10:45:03,JSMR,RG,3390,8,D,DR,DR,D
10:44:50,JSMR,RG,3390,138,D,DR,DR,D
10:44:40,JSMR,RG,3390,5,D,YB,DR,D
10:43:46,JSMR,RG,3390,15,D,YB,DR,D
10:43:14,JSMR,RG,3390,5,D,KK,DR,D
10:42:53,JSMR,RG,3390,24,D,YU,DR,D
10:42:53,JSMR,RG,3390,5,D,KK,DR,D
10:42:53,JSMR,RG,3390,42,D,DR,DR,D
10:42:53,JSMR,RG,3390,158,D,KK,DR,D
10:42:48,JSMR,RG,3390,29,D,KK,CC,D
10:42:23,JSMR,RG,3400,4,D,KK,DR,D
10:42:23,JSMR,RG,3400,83,D,YP,DR,D
10:42:23,JSMR,RG,3400,8,D,YB,DR,D
10:42:23,JSMR,RG,3400,40,D,YU,DR,D
10:42:23,JSMR,RG,3400,164,D,BB,DR,D
10:42:19,JSMR,RG,3410,3,D,YB,SQ,D
10:42:19,JSMR,RG,3410,10,D,CC,SQ,D
10:42:06,JSMR,RG,3400,10,D,BB,TP,D
10:42:03,JSMR,RG,3400,64,D,BB,AK,D
10:42:03,JSMR,RG,3400,10,D,BB,CC,D
10:42:03,JSMR,RG,3400,1,D,BB,YP,D
10:42:03,JSMR,RG,3400,26,D,BB,XC,D
10:42:03,JSMR,RG,3400,10,D,BB,YP,D
10:42:03,JSMR,RG,3400,1,D,BB,YP,D
10:42:03,JSMR,RG,3400,100,D,BB,YU,D
10:42:03,JSMR,RG,3400,3,D,BB,YP,D
10:42:03,JSMR,RG,3400,10,D,BB,YP,D
10:42:03,JSMR,RG,3400,13,D,BB,XC,D
10:42:03,JSMR,RG,3400,1,D,BB,PD,D
10:42:03,JSMR,RG,3400,21,D,BB,CC,D
10:42:03,JSMR,RG,3400,71,D,BB,YP,D
10:42:03,JSMR,RG,3400,1,D,BB,MU,D
10:42:03,JSMR,RG,3400,1,D,BB,XC,D
10:42:03,JSMR,RG,3400,10,D,BB,NI,D
10:42:03,JSMR,RG,3400,10,D,BB,YP,D
10:42:03,JSMR,RG,3400,20,D,BB,KK,D
10:42:03,JSMR,RG,3400,20,D,BB,CC,D
10:42:03,JSMR,RG,3400,10,D,BB,YP,D
10:42:03,JSMR,RG,3400,1,D,BB,XC,D
10:42:03,JSMR,RG,3400,22,D,BB,CC,D
10:41:59,JSMR,RG,3400,25,D,CC,CC,D
10:41:57,JSMR,RG,3400,17,D,YB,CC,D
10:41:39,JSMR,RG,3400,14,F,XA,CC,D
10:41:38,JSMR,RG,3390,15,D,KK,NI,D
10:41:13,JSMR,RG,3390,1,D,KK,XC,D
10:41:13,JSMR,RG,3390,64,D,KK,AK,D
10:41:13,JSMR,RG,3390,20,D,KK,NI,D
10:41:13,JSMR,RG,3390,3,D,KK,ZP,D
10:41:13,JSMR,RG,3390,210,D,KK,KK,D
10:40:41,JSMR,RG,3380,49,F,BK,AK,D
10:40:41,JSMR,RG,3380,30,D,YB,AK,D
10:40:41,JSMR,RG,3380,25,D,CC,AK,D
10:40:41,JSMR,RG,3380,10,D,YB,AK,D
10:40:41,JSMR,RG,3380,1,D,YP,AK,D
10:40:41,JSMR,RG,3380,5,D,PD,AK,D
10:40:41,JSMR,RG,3380,10,D,AT,AK,D
10:40:41,JSMR,RG,3380,13,F,BK,AK,D
10:40:41,JSMR,RG,3380,9,F,ZP,AK,D
10:40:30,JSMR,RG,3390,1,D,YB,KK,D
10:40:26,JSMR,RG,3390,2,D,DR,KK,D
10:40:10,JSMR,RG,3390,25,D,DR,KK,D
10:39:55,JSMR,RG,3390,12,D,YP,KK,D
10:39:39,JSMR,RG,3390,88,D,DR,KK,D
10:39:36,JSMR,RG,3390,1,D,IF,KK,D
10:39:26,JSMR,RG,3390,30,D,YB,KK,D
10:39:18,JSMR,RG,3390,14,D,YB,KK,D
10:39:17,JSMR,RG,3390,2,D,PD,KK,D
10:38:57,JSMR,RG,3390,1,D,YP,KK,D
10:38:40,JSMR,RG,3390,1,D,YB,KK,D
10:38:39,JSMR,RG,3390,1,D,YB,KK,D
10:38:38,JSMR,RG,3390,25,D,CC,KK,D
10:38:38,JSMR,RG,3390,5,D,DH,KK,D
10:38:37,JSMR,RG,3390,10,D,YP,KK,D
10:38:36,JSMR,RG,3390,2,D,YB,KK,D
10:38:36,JSMR,RG,3390,33,D,YU,KK,D
10:38:36,JSMR,RG,3390,1,D,YB,KK,D
10:38:36,JSMR,RG,3390,25,D,YB,KK,D
10:38:36,JSMR,RG,3390,15,D,YB,KK,D
10:38:36,JSMR,RG,3390,13,F,BK,KK,D
10:38:36,JSMR,RG,3390,10,D,YB,KK,D
10:38:36,JSMR,RG,3390,1,D,YP,KK,D
10:38:36,JSMR,RG,3390,37,F,BK,KK,D
10:38:36,JSMR,RG,3390,194,D,DR,KK,D
10:38:36,JSMR,RG,3390,3,D,YB,KK,D
10:38:36,JSMR,RG,3390,25,D,EP,KK,D
10:38:36,JSMR,RG,3390,5,D,AZ,KK,D
10:38:36,JSMR,RG,3390,50,D,CC,KK,D
10:38:36,JSMR,RG,3390,9,D,YB,KK,D
10:38:36,JSMR,RG,3390,10,D,YB,KK,D
10:38:36,JSMR,RG,3390,1,F,CC,KK,D
10:38:36,JSMR,RG,3390,5,F,ZP,KK,D
10:38:36,JSMR,RG,3390,31,D,YU,KK,D
10:38:36,JSMR,RG,3390,36,D,YU,KK,D
10:38:36,JSMR,RG,3390,11,D,YU,KK,D
10:38:36,JSMR,RG,3390,25,D,YU,KK,D
10:38:36,JSMR,RG,3390,30,D,BB,KK,D
10:38:36,JSMR,RG,3400,5,D,YP,CC,D
10:38:36,JSMR,RG,3400,2,D,YP,CC,D
10:38:34,JSMR,RG,3400,115,D,KK,CC,D
10:38:34,JSMR,RG,3400,1,D,KK,YP,D
10:38:34,JSMR,RG,3400,5,D,KK,XL,D
10:38:34,JSMR,RG,3400,5,D,KK,PD,D
10:38:34,JSMR,RG,3400,30,D,KK,NI,D
10:38:34,JSMR,RG,3400,5,D,KK,YP,D
10:38:34,JSMR,RG,3400,5,D,KK,MG,D
10:38:34,JSMR,RG,3400,1,D,KK,SQ,D
10:38:34,JSMR,RG,3400,25,D,KK,KK,D
10:38:34,JSMR,RG,3400,2,D,KK,SQ,D
10:38:34,JSMR,RG,3400,105,D,KK,CC,D
10:38:34,JSMR,RG,3400,11,D,KK,XC,D
10:38:34,JSMR,RG,3400,5,D,KK,CC,D
10:38:34,JSMR,RG,3400,25,D,KK,EP,D
10:38:34,JSMR,RG,3400,5,D,KK,YB,D
10:38:34,JSMR,RG,3400,1,D,KK,PD,D
10:38:34,JSMR,RG,3400,50,D,KK,YP,D
10:38:34,JSMR,RG,3400,4,D,KK,XC,D
10:38:34,JSMR,RG,3400,1,D,KK,XC,D
10:38:34,JSMR,RG,3400,4,D,KK,NI,D
10:38:34,JSMR,RG,3400,5,D,KK,DH,D
10:38:34,JSMR,RG,3400,1,D,KK,HP,D
10:38:34,JSMR,RG,3400,10,D,KK,KK,D
10:38:34,JSMR,RG,3400,20,D,KK,YP,D
10:38:34,JSMR,RG,3400,5,D,KK,PD,D
10:38:34,JSMR,RG,3400,10,D,KK,AZ,D
10:38:34,JSMR,RG,3400,5,D,KK,YP,D
10:38:34,JSMR,RG,3400,15,D,KK,PD,D
10:38:34,JSMR,RG,3400,1,D,KK,PD,D
10:38:34,JSMR,RG,3400,23,D,KK,LG,D
10:38:26,JSMR,RG,3400,2,D,CC,LG,D
10:38:26,JSMR,RG,3400,1,D,CC,YP,D
10:38:26,JSMR,RG,3400,16,D,CC,CC,D
10:38:26,JSMR,RG,3400,20,D,CC,LS,D
10:38:26,JSMR,RG,3400,1,D,CC,PD,D
10:38:26,JSMR,RG,3400,16,D,CC,XL,D
10:38:26,JSMR,RG,3400,5,D,CC,CC,D
10:38:26,JSMR,RG,3400,1,D,CC,XL,D
10:38:26,JSMR,RG,3400,5,D,CC,YP,D
10:38:26,JSMR,RG,3400,3,D,CC,EP,D
10:38:26,JSMR,RG,3400,10,D,CC,YP,D
10:38:26,JSMR,RG,3400,1,D,CC,CC,D
10:38:26,JSMR,RG,3400,10,D,CC,YP,D
10:38:26,JSMR,RG,3400,5,D,CC,PD,D
10:38:26,JSMR,RG,3400,1,D,CC,PD,D
10:38:26,JSMR,RG,3400,3,D,CC,OD,D
10:38:22,JSMR,RG,3400,7,D,YB,OD,D
10:38:20,JSMR,RG,3400,10,D,YB,YP,D
10:38:20,JSMR,RG,3400,2,D,YB,KK,D
10:38:20,JSMR,RG,3400,1,D,YB,PD,D
10:38:20,JSMR,RG,3400,1,D,YB,DH,D
10:38:20,JSMR,RG,3400,86,D,YB,KK,D
10:38:16,JSMR,RG,3400,5,D,YP,KK,D
10:38:12,JSMR,RG,3400,9,D,CC,KK,D
10:38:12,JSMR,RG,3400,5,D,CC,YP,D
10:38:12,JSMR,RG,3400,10,D,CC,GR,D
10:38:12,JSMR,RG,3400,6,D,CC,EP,D
10:37:58,JSMR,RG,3400,10,D,CC,EP,D
10:37:54,JSMR,RG,3400,29,F,XA,EP,D
10:37:48,JSMR,RG,3400,3,D,YB,NI,D
10:37:46,JSMR,RG,3400,146,D,NI,NI,D
10:37:46,JSMR,RG,3400,100,D,NI,TF,D
10:37:46,JSMR,RG,3400,100,D,NI,TF,D
10:37:46,JSMR,RG,3400,154,D,NI,TF,D
10:37:44,JSMR,RG,3400,20,D,CC,TF,D
10:37:39,JSMR,RG,3400,2,D,XC,TF,D
10:37:36,JSMR,RG,3400,2,D,YB,TF,D
10:37:30,JSMR,RG,3400,1,F,AK,TF,D
10:37:15,JSMR,RG,3400,21,D,FZ,TF,D
10:37:15,JSMR,RG,3400,15,D,FZ,YB,D
10:37:15,JSMR,RG,3400,8,D,FZ,EP,D
10:37:15,JSMR,RG,3400,30,D,FZ,PD,D
10:37:15,JSMR,RG,3400,1,D,FZ,PD,D
10:37:15,JSMR,RG,3400,20,D,FZ,AG,F
10:37:15,JSMR,RG,3400,50,D,FZ,KI,D
10:37:15,JSMR,RG,3400,145,D,FZ,KI,D
10:36:58,JSMR,RG,3400,1,D,YB,KI,D
10:36:31,JSMR,RG,3400,2,D,YB,KI,D
10:36:19,JSMR,RG,3400,2,D,XL,KI,D
10:36:15,JSMR,RG,3390,20,D,BB,CC,D
10:36:00,JSMR,RG,3390,10,D,BB,YP,D
10:36:00,JSMR,RG,3400,49,D,YU,KI,D
10:35:48,JSMR,RG,3390,6,D,BB,NI,D
10:35:47,JSMR,RG,3390,100,D,BB,CC,D
10:35:46,JSMR,RG,3400,1,D,YP,KI,D
10:35:36,JSMR,RG,3390,25,D,BB,CC,D
10:35:34,JSMR,RG,3390,5,D,BB,NI,D
10:35:25,JSMR,RG,3390,14,D,BB,KK,D
10:35:21,JSMR,RG,3390,1,D,BB,XC,D
10:35:12,JSMR,RG,3390,28,D,BB,XC,D
10:35:12,JSMR,RG,3390,21,D,BB,OD,D
10:35:12,JSMR,RG,3390,1,D,BB,XC,D
10:35:12,JSMR,RG,3390,5,D,BB,PD,D
10:35:12,JSMR,RG,3390,1,D,BB,YP,D
10:35:12,JSMR,RG,3390,1,D,BB,XC,D
10:35:12,JSMR,RG,3390,5,D,BB,KK,D
10:35:12,JSMR,RG,3390,10,D,BB,YP,D
10:35:12,JSMR,RG,3390,100,D,BB,YP,D
10:35:12,JSMR,RG,3390,1,D,BB,YP,D
10:35:12,JSMR,RG,3390,1,D,BB,PD,D
10:35:12,JSMR,RG,3390,5,D,BB,MG,D
10:35:12,JSMR,RG,3390,2,D,BB,KK,D
10:35:12,JSMR,RG,3390,25,D,BB,GR,D
10:35:12,JSMR,RG,3390,1,D,BB,SQ,D
10:35:12,JSMR,RG,3390,20,D,BB,YP,D
10:35:12,JSMR,RG,3390,10,D,BB,GR,D
10:35:12,JSMR,RG,3390,1,D,BB,XC,D
10:35:12,JSMR,RG,3390,16,D,BB,CC,D
10:35:12,JSMR,RG,3390,13,D,BB,PD,D
10:35:12,JSMR,RG,3390,50,D,BB,AG,F
10:35:12,JSMR,RG,3390,20,D,BB,YP,D
10:35:12,JSMR,RG,3390,200,D,BB,LS,D
10:35:12,JSMR,RG,3390,4,D,BB,CC,D
10:35:12,JSMR,RG,3390,5,D,BB,YP,D
10:35:12,JSMR,RG,3390,5,D,BB,CC,D
10:35:12,JSMR,RG,3390,10,D,BB,CC,D
10:35:12,JSMR,RG,3390,57,D,BB,XC,D
10:35:12,JSMR,RG,3390,30,D,BB,KK,D
10:35:12,JSMR,RG,3390,50,D,BB,SQ,D
10:35:12,JSMR,RG,3390,1,D,BB,YP,D
10:35:12,JSMR,RG,3390,5,D,BB,PD,D
10:35:12,JSMR,RG,3390,30,D,BB,KK,D
10:35:12,JSMR,RG,3390,20,D,BB,YB,D
10:35:12,JSMR,RG,3390,30,D,BB,ZP,D
10:35:12,JSMR,RG,3390,5,D,BB,NI,D
10:35:06,JSMR,RG,3390,5,F,BK,NI,D
10:35:06,JSMR,RG,3390,9,F,BK,CC,D
10:34:45,JSMR,RG,3390,2,D,PD,CC,D
10:34:40,JSMR,RG,3390,5,D,DH,CC,D
10:34:13,JSMR,RG,3390,14,D,YJ,CC,D
10:34:13,JSMR,RG,3390,1,D,YJ,YP,D
10:34:13,JSMR,RG,3390,2,D,YJ,XC,D
10:34:13,JSMR,RG,3390,9,D,YJ,NI,D
10:34:13,JSMR,RG,3390,20,D,YJ,CC,D
10:34:13,JSMR,RG,3390,1,D,YJ,YP,D
10:34:13,JSMR,RG,3390,10,D,YJ,YP,D
10:34:13,JSMR,RG,3390,8,D,YJ,XL,D
10:34:13,JSMR,RG,3390,1,D,YJ,CC,D
10:34:13,JSMR,RG,3390,8,D,YJ,YP,D
10:34:13,JSMR,RG,3390,10,D,YJ,YP,D
10:34:13,JSMR,RG,3390,1,D,YJ,XL,D
10:34:13,JSMR,RG,3390,5,D,YJ,PD,D
10:34:13,JSMR,RG,3390,10,D,YJ,KK,D
10:34:11,JSMR,RG,3390,10,D,YU,KK,D
10:34:11,JSMR,RG,3390,3,D,YU,YP,D
10:34:11,JSMR,RG,3390,12,D,YU,YP,D
10:34:11,JSMR,RG,3390,6,D,YU,CC,D
10:34:11,JSMR,RG,3390,1,D,YU,GR,D
10:34:11,JSMR,RG,3390,20,D,YU,AG,F
10:34:11,JSMR,RG,3390,13,D,YU,CP,D
10:33:52,JSMR,RG,3380,100,D,CC,CC,D
10:33:52,JSMR,RG,3380,1,D,CC,XC,D
10:33:52,JSMR,RG,3380,8,D,CC,AK,F
10:33:52,JSMR,RG,3380,10,D,CC,DR,D
10:33:52,JSMR,RG,3380,1,D,CC,YP,D
10:33:52,JSMR,RG,3380,1,D,CC,PD,D
10:33:52,JSMR,RG,3380,25,D,CC,XC,D
10:33:52,JSMR,RG,3380,25,D,CC,KK,D
10:33:52,JSMR,RG,3380,10,D,CC,YP,D
10:33:52,JSMR,RG,3380,10,D,CC,CC,D
10:33:52,JSMR,RG,3380,5,D,CC,CC,D
10:33:52,JSMR,RG,3380,1,D,CC,SQ,D
10:33:52,JSMR,RG,3380,4,D,CC,DR,D
10:33:52,JSMR,RG,3380,1,D,CC,XC,D
10:33:52,JSMR,RG,3380,10,D,CC,YP,D
10:33:52,JSMR,RG,3380,1,D,CC,YP,D
10:33:52,JSMR,RG,3380,13,D,CC,XL,D
10:33:52,JSMR,RG,3380,1,D,CC,SQ,D
10:33:52,JSMR,RG,3380,3,D,CC,NI,D
10:33:52,JSMR,RG,3380,10,D,CC,KK,D
10:33:52,JSMR,RG,3380,20,D,CC,OD,D
10:33:52,JSMR,RG,3380,20,D,CC,AZ,D
10:33:52,JSMR,RG,3380,20,D,CC,LG,D
10:33:52,JSMR,RG,3380,86,D,CC,NI,D
10:33:52,JSMR,RG,3380,5,D,CC,YP,D
10:33:52,JSMR,RG,3380,28,D,CC,YP,D
10:33:37,JSMR,RG,3380,21,D,DR,YP,D
10:32:59,JSMR,RG,3380,1,F,BK,YP,D
10:32:59,JSMR,RG,3380,9,F,BK,DH,D
10:32:59,JSMR,RG,3380,9,D,DR,DH,D
10:32:48,JSMR,RG,3380,82,D,DR,DH,D
10:32:48,JSMR,RG,3380,50,D,DR,LS,D
10:32:48,JSMR,RG,3380,50,D,DR,LS,D
10:32:48,JSMR,RG,3380,50,D,DR,LS,D
10:32:48,JSMR,RG,3380,60,D,DR,CC,D
10:32:48,JSMR,RG,3380,25,D,DR,IF,D
10:32:48,JSMR,RG,3380,5,D,DR,PD,D
10:32:48,JSMR,RG,3380,4,D,DR,CC,D
10:32:48,JSMR,RG,3380,3,D,DR,YP,D
10:32:48,JSMR,RG,3380,35,D,DR,SQ,D
10:32:48,JSMR,RG,3380,225,D,DR,KK,D
10:32:48,JSMR,RG,3380,1,D,DR,YP,D
10:32:48,JSMR,RG,3380,10,D,DR,YP,D
10:32:48,JSMR,RG,3380,1,D,DR,CC,D
10:32:48,JSMR,RG,3380,5,D,DR,PD,D
10:32:48,JSMR,RG,3380,1,D,DR,PD,D
10:32:48,JSMR,RG,3380,2,D,DR,KK,D
10:32:48,JSMR,RG,3380,7,D,DR,DR,D
10:32:48,JSMR,RG,3380,1,D,DR,PD,D
10:32:48,JSMR,RG,3380,2,D,DR,PD,D
10:32:48,JSMR,RG,3380,3,D,DR,OD,D
10:32:48,JSMR,RG,3380,3,D,DR,YP,D
10:32:48,JSMR,RG,3380,1,D,DR,GR,D
10:32:48,JSMR,RG,3380,8,D,DR,EP,D
10:32:48,JSMR,RG,3380,14,D,DR,AO,D
10:32:38,JSMR,RG,3370,1,D,YU,XC,D
10:31:19,JSMR,RG,3370,10,D,YU,DH,D
10:31:19,JSMR,RG,3370,4,D,YU,DH,D
10:31:07,JSMR,RG,3370,1,D,YU,PD,D
10:30:06,JSMR,RG,3380,5,D,LG,AO,D
10:30:01,JSMR,RG,3370,3,D,YU,GR,D
10:29:48,JSMR,RG,3380,5,D,LG,AO,D
10:29:46,JSMR,RG,3370,1,D,YU,GR,D
10:29:38,JSMR,RG,3380,30,D,YB,AO,D
10:29:10,JSMR,RG,3380,15,D,LG,AO,D
10:28:58,JSMR,RG,3380,50,D,YP,AO,D
10:28:57,JSMR,RG,3380,20,D,YB,AO,D
10:28:37,JSMR,RG,3380,3,F,ZP,AO,D
10:28:20,JSMR,RG,3380,1,D,YB,AO,D
10:28:20,JSMR,RG,3380,3,D,YB,AO,D
10:28:20,JSMR,RG,3380,54,D,YU,AO,D
10:28:20,JSMR,RG,3380,20,D,YU,AG,F
10:26:47,JSMR,RG,3370,7,D,YU,AK,F
10:26:47,JSMR,RG,3370,6,D,YU,AK,F
10:26:47,JSMR,RG,3370,2,D,BB,AK,F
10:26:47,JSMR,RG,3370,2,D,BB,XC,D
10:26:47,JSMR,RG,3370,1,D,BB,YB,D
10:26:47,JSMR,RG,3370,125,D,BB,GR,D
10:26:47,JSMR,RG,3370,3,D,BB,XC,D
10:26:47,JSMR,RG,3370,2,D,BB,XL,D
10:26:47,JSMR,RG,3370,101,D,BB,CC,D
10:26:47,JSMR,RG,3370,5,D,BB,CC,D
10:26:47,JSMR,RG,3370,100,D,BB,XL,D
10:26:47,JSMR,RG,3370,4,D,BB,PD,D
10:26:47,JSMR,RG,3370,7,D,BB,AK,F
10:26:47,JSMR,RG,3370,1,D,BB,XA,D
10:26:47,JSMR,RG,3370,1,D,BB,XC,D
10:26:47,JSMR,RG,3370,6,D,BB,XC,D
10:26:47,JSMR,RG,3370,7,D,BB,AK,F
10:26:47,JSMR,RG,3370,5,D,BB,YP,D
10:26:47,JSMR,RG,3370,1,D,BB,IP,D
10:26:47,JSMR,RG,3370,7,D,BB,AK,F
10:26:47,JSMR,RG,3370,121,D,BB,AG,D
10:26:47,JSMR,RG,3370,1,D,BB,YP,D
10:26:47,JSMR,RG,3370,11,D,BB,KK,D
10:26:47,JSMR,RG,3370,5,D,BB,AZ,D
10:26:47,JSMR,RG,3370,1,D,BB,CC,D
10:26:47,JSMR,RG,3370,3,D,BB,PD,D
10:26:47,JSMR,RG,3370,20,D,BB,LG,D
10:26:47,JSMR,RG,3370,5,D,BB,KK,D
10:26:47,JSMR,RG,3370,15,D,BB,PD,D
10:26:47,JSMR,RG,3370,14,D,BB,YP,D
10:26:47,JSMR,RG,3370,1,D,BB,SQ,D
10:26:47,JSMR,RG,3370,10,D,BB,SQ,D
10:26:47,JSMR,RG,3370,5,D,BB,XC,D
10:26:47,JSMR,RG,3370,2,D,BB,XC,D
10:26:47,JSMR,RG,3370,6,D,BB,PD,D
10:26:41,JSMR,RG,3370,1,D,PD,PD,D
10:26:04,JSMR,RG,3360,15,D,CC,YP,D
10:25:54,JSMR,RG,3370,3,F,ZP,PD,D
10:25:00,JSMR,RG,3370,40,D,YU,PD,D
10:25:00,JSMR,RG,3370,1,D,YU,NI,D
10:25:00,JSMR,RG,3370,12,D,YU,PD,D
10:24:17,JSMR,RG,3370,2,D,PD,PD,D
10:22:36,JSMR,RG,3370,1,D,YU,PD,D
10:22:36,JSMR,RG,3370,1,D,YU,GR,D
10:22:36,JSMR,RG,3370,1,D,YU,KK,D
10:22:36,JSMR,RG,3370,63,D,YU,SQ,D
10:21:41,JSMR,RG,3370,5,F,KK,SQ,D
10:19:49,JSMR,RG,3370,100,F,AK,SQ,D
10:19:00,JSMR,RG,3370,1,D,NI,SQ,D
10:17:52,JSMR,RG,3370,8,D,CC,SQ,D
10:17:00,JSMR,RG,3370,53,D,YU,SQ,D
10:16:47,JSMR,RG,3370,20,D,YU,SQ,D
10:16:47,JSMR,RG,3370,5,D,YU,NI,D
10:16:47,JSMR,RG,3370,46,D,YU,YP,D
10:16:11,JSMR,RG,3360,2,D,CC,RO,D
10:16:10,JSMR,RG,3360,3,D,CC,NI,D
10:16:02,JSMR,RG,3360,1,D,CC,CC,D
10:15:51,JSMR,RG,3360,11,D,CC,YP,D
10:13:37,JSMR,RG,3360,3,D,CC,YP,D
10:13:15,JSMR,RG,3360,25,D,CC,DR,D
10:13:15,JSMR,RG,3360,2,F,CC,DR,D
10:13:15,JSMR,RG,3360,1,D,YP,DR,D
10:13:15,JSMR,RG,3360,6,F,BK,DR,D
10:13:15,JSMR,RG,3360,24,D,YU,DR,D
10:13:15,JSMR,RG,3360,2,F,ZP,DR,D
10:13:15,JSMR,RG,3360,40,D,BB,DR,D
10:11:41,JSMR,RG,3370,40,D,NI,YP,D
10:10:43,JSMR,RG,3370,14,D,YU,YP,D
10:10:43,JSMR,RG,3370,35,D,YU,SQ,D
10:10:43,JSMR,RG,3370,11,D,YU,KK,D
10:10:43,JSMR,RG,3370,10,D,YU,PD,D
10:10:43,JSMR,RG,3370,1,D,YU,AT,D
10:10:43,JSMR,RG,3370,2,D,YU,XC,D
10:10:43,JSMR,RG,3370,4,D,YU,LG,D
10:10:40,JSMR,RG,3360,1,D,BB,SQ,D
10:10:40,JSMR,RG,3370,1,F,ZP,LG,D
10:09:30,JSMR,RG,3360,9,D,BB,AK,F
10:09:30,JSMR,RG,3360,7,D,BB,AK,F
10:09:30,JSMR,RG,3360,18,D,BB,AZ,D
10:09:30,JSMR,RG,3360,3,D,BB,NI,D
10:09:30,JSMR,RG,3360,50,D,BB,EP,D
10:09:30,JSMR,RG,3360,1,D,BB,NI,D
10:09:30,JSMR,RG,3360,6,D,BB,AK,F
10:09:30,JSMR,RG,3360,144,D,BB,CC,D
10:09:30,JSMR,RG,3360,2,D,BB,PD,D
10:09:30,JSMR,RG,3360,25,D,BB,YP,D
10:09:30,JSMR,RG,3360,6,D,BB,AK,F
10:09:30,JSMR,RG,3360,7,D,BB,AK,F
10:09:30,JSMR,RG,3360,81,D,BB,YP,D
10:09:14,JSMR,RG,3350,1,D,YP,NI,D
10:09:05,JSMR,RG,3360,30,D,XC,YP,D
10:08:50,JSMR,RG,3360,1,D,DH,YP,D
10:06:50,JSMR,RG,3360,180,D,CP,YP,D
10:06:50,JSMR,RG,3360,70,D,CP,YP,D
10:06:03,JSMR,RG,3350,2,D,YP,YP,D
10:06:03,JSMR,RG,3350,1,D,PD,YP,D
10:06:03,JSMR,RG,3350,10,D,YU,YP,D
10:06:03,JSMR,RG,3350,1,D,MG,YP,D
10:06:03,JSMR,RG,3350,1,D,KK,YP,D
10:06:03,JSMR,RG,3350,1,D,XC,YP,D
10:06:03,JSMR,RG,3350,10,D,YU,YP,D
10:05:01,JSMR,RG,3350,24,D,YU,GR,D
10:05:01,JSMR,RG,3350,1,D,YP,GR,D
10:03:20,JSMR,RG,3350,1,D,XC,PD,D
10:02:55,JSMR,RG,3360,13,F,BK,YP,D
10:02:55,JSMR,RG,3360,3,F,ZP,YP,D
10:02:55,JSMR,RG,3360,28,D,YU,YP,D
10:02:55,JSMR,RG,3360,34,D,YU,YP,D
10:02:55,JSMR,RG,3360,1,D,YP,YP,D
10:02:55,JSMR,RG,3360,101,D,BB,YP,D
10:02:44,JSMR,RG,3360,10,D,BB,CC,D
10:01:47,JSMR,RG,3360,73,D,BB,NI,D
10:01:35,JSMR,RG,3360,1,D,BB,XL,D
10:01:05,JSMR,RG,3360,15,D,BB,DR,D
10:00:52,JSMR,RG,3360,11,D,PD,DR,D
10:00:52,JSMR,RG,3360,4,D,PD,DR,D
10:00:52,JSMR,RG,3360,20,D,BB,DR,D
10:00:50,JSMR,RG,3360,30,D,BB,XL,D
09:59:18,JSMR,RG,3360,3,D,BB,AR,D
09:59:12,JSMR,RG,3360,147,D,BB,PD,D
09:59:02,JSMR,RG,3360,28,D,YU,PD,D
09:59:02,JSMR,RG,3360,10,D,YU,EP,D
09:59:02,JSMR,RG,3360,2,F,ZP,EP,D
09:59:02,JSMR,RG,3360,20,D,YU,EP,D
09:58:38,JSMR,RG,3360,5,D,YU,XC,D
09:58:38,JSMR,RG,3360,20,D,YU,XC,D
09:58:38,JSMR,RG,3360,31,D,YU,XC,D
09:58:38,JSMR,RG,3360,6,D,YP,XC,D
09:58:31,JSMR,RG,3360,14,D,YP,PD,D
09:58:31,JSMR,RG,3360,1,D,YP,XC,D
09:58:31,JSMR,RG,3360,13,D,YP,CC,D
09:58:31,JSMR,RG,3360,30,D,YP,LG,D
09:58:31,JSMR,RG,3360,4,D,YP,CC,D
09:57:38,JSMR,RG,3360,1,D,YB,CC,D
09:57:38,JSMR,RG,3360,4,D,YB,CC,D
09:57:32,JSMR,RG,3360,2,F,BK,CC,D
09:57:32,JSMR,RG,3360,10,F,BK,YP,D
09:57:32,JSMR,RG,3360,2,F,BK,AK,F
09:57:00,JSMR,RG,3360,8,D,YU,AK,F
09:57:00,JSMR,RG,3360,1,D,YU,YP,D
09:57:00,JSMR,RG,3360,10,D,YU,AK,F
09:57:00,JSMR,RG,3360,28,D,YU,YP,D
09:53:17,JSMR,RG,3360,53,D,YU,CC,D
09:53:17,JSMR,RG,3360,13,D,YU,EP,D
09:51:12,JSMR,RG,3350,9,D,YU,CC,D
09:51:12,JSMR,RG,3350,8,F,ZP,CC,D
09:50:00,JSMR,RG,3360,8,D,YU,EP,D
09:50:00,JSMR,RG,3360,1,D,YU,PD,D
09:50:00,JSMR,RG,3360,5,D,YU,AZ,D
09:50:00,JSMR,RG,3360,1,D,YU,LG,D
09:50:00,JSMR,RG,3360,10,D,YU,XC,D
09:50:00,JSMR,RG,3360,53,D,YU,CC,D
09:49:49,JSMR,RG,3350,78,D,BB,SQ,D
09:49:41,JSMR,RG,3350,2,D,BB,AR,D
09:48:38,JSMR,RG,3350,10,D,BB,CC,D
09:47:49,JSMR,RG,3350,10,D,BB,PD,D
09:47:45,JSMR,RG,3350,3,D,BB,GR,D
09:47:25,JSMR,RG,3360,7,D,YU,CC,D
09:47:25,JSMR,RG,3360,1,D,YU,YP,D
09:47:25,JSMR,RG,3360,3,D,YU,YP,D
09:47:25,JSMR,RG,3360,8,D,YU,AK,F
09:47:25,JSMR,RG,3360,10,D,YU,YP,D
09:47:25,JSMR,RG,3360,1,D,YU,OD,D
09:47:25,JSMR,RG,3360,10,D,YU,DH,D
09:47:25,JSMR,RG,3360,5,D,YU,PD,D
09:47:25,JSMR,RG,3360,1,D,YU,SQ,D
09:47:25,JSMR,RG,3360,1,D,YU,YP,D
09:47:25,JSMR,RG,3360,1,D,YU,XC,D
09:47:25,JSMR,RG,3360,20,D,YU,YP,D
09:45:06,JSMR,RG,3360,4,F,ZP,YP,D
09:45:00,JSMR,RG,3360,49,D,YU,YP,D
09:44:51,JSMR,RG,3350,1,D,BB,PD,D
09:42:27,JSMR,RG,3360,1,D,DH,YP,D
09:41:32,JSMR,RG,3360,26,D,YU,YP,D
09:41:32,JSMR,RG,3360,1,D,YU,YP,D
09:41:32,JSMR,RG,3360,52,D,YU,CC,D
09:41:01,JSMR,RG,3350,15,D,BB,OD,D
09:40:15,JSMR,RG,3350,50,D,BB,OD,D
09:39:59,JSMR,RG,3360,1,D,ZR,CC,D
09:39:00,JSMR,RG,3360,27,D,YU,CC,D
09:39:00,JSMR,RG,3360,5,D,YU,CC,D
09:39:00,JSMR,RG,3360,3,D,YU,GR,D
09:39:00,JSMR,RG,3360,20,D,YU,NI,D
09:38:50,JSMR,RG,3350,4,D,BB,YP,D
09:38:27,JSMR,RG,3350,5,D,BB,YP,D
09:38:06,JSMR,RG,3360,4,F,ZP,NI,D
09:37:59,JSMR,RG,3350,1,D,BB,XL,D
09:37:20,JSMR,RG,3360,1,D,MG,NI,D
09:35:05,JSMR,RG,3350,5,D,BB,DR,D
09:34:29,JSMR,RG,3350,1,D,BB,XC,D
09:34:29,JSMR,RG,3350,2,D,BB,OD,D
09:34:29,JSMR,RG,3350,13,D,BB,PD,D
09:34:20,JSMR,RG,3350,44,D,BB,PD,D
09:34:20,JSMR,RG,3350,2,D,BB,XC,D
09:34:20,JSMR,RG,3350,8,D,BB,AK,F
09:34:20,JSMR,RG,3350,3,D,BB,CC,D
09:34:20,JSMR,RG,3350,8,D,BB,AK,F
09:34:20,JSMR,RG,3350,2,D,BB,XC,D
09:34:20,JSMR,RG,3350,13,D,BB,XA,D
09:34:20,JSMR,RG,3350,2,D,BB,EP,D
09:34:20,JSMR,RG,3350,3,D,BB,PD,D
09:34:20,JSMR,RG,3350,181,D,BB,CC,D
09:34:20,JSMR,RG,3350,15,D,BB,SQ,D
09:34:20,JSMR,RG,3350,8,D,BB,AK,F
09:34:20,JSMR,RG,3350,711,D,BB,YP,D
09:33:05,JSMR,RG,3340,9,D,DH,KK,D
09:33:05,JSMR,RG,3340,2,D,CC,KK,D
09:32:57,JSMR,RG,3340,3,D,CC,AK,F
09:32:57,JSMR,RG,3340,9,D,CC,NI,D
09:32:36,JSMR,RG,3350,23,D,PD,YP,D
09:32:04,JSMR,RG,3340,1,D,CC,NI,D
09:31:37,JSMR,RG,3350,1,D,NI,YP,D
09:30:57,JSMR,RG,3350,59,D,CC,YP,D
09:30:51,JSMR,RG,3350,5,D,CC,YP,D
09:30:43,JSMR,RG,3340,44,D,CC,YB,D
09:30:43,JSMR,RG,3340,13,F,BK,YB,D
09:30:43,JSMR,RG,3340,36,D,YU,YB,D
09:30:43,JSMR,RG,3340,79,D,OD,YB,D
09:30:38,JSMR,RG,3350,15,D,CC,YP,D
09:30:28,JSMR,RG,3340,5,D,OD,AK,F
09:30:23,JSMR,RG,3350,19,D,CC,YP,D
09:29:37,JSMR,RG,3340,4,D,OD,PD,D
09:29:08,JSMR,RG,3340,62,D,OD,BK,F
09:29:08,JSMR,RG,3340,2,F,CC,BK,F
09:29:08,JSMR,RG,3340,1,D,XL,BK,F
09:29:08,JSMR,RG,3340,22,D,YU,BK,F
09:29:08,JSMR,RG,3340,2,D,YU,BK,F
09:29:08,JSMR,RG,3340,1,D,NI,BK,F
09:29:08,JSMR,RG,3340,1,D,YP,BK,F
09:29:08,JSMR,RG,3340,31,D,YU,BK,F
09:29:07,JSMR,RG,3340,1,D,YU,BK,F
09:29:07,JSMR,RG,3340,1,D,DR,BK,F
09:29:07,JSMR,RG,3340,1,D,DR,BK,F
09:29:07,JSMR,RG,3340,4,D,XL,BK,F
09:29:07,JSMR,RG,3340,30,D,GR,BK,F
09:29:07,JSMR,RG,3340,3,D,YB,BK,F
09:29:07,JSMR,RG,3340,17,D,YB,XL,D
09:29:07,JSMR,RG,3340,1,D,YP,XL,D
09:29:07,JSMR,RG,3340,30,D,CC,XL,D
09:29:07,JSMR,RG,3340,10,D,XC,XL,D
09:29:07,JSMR,RG,3340,5,D,DH,XL,D
09:29:07,JSMR,RG,3340,29,D,YU,XL,D
09:29:07,JSMR,RG,3340,1,D,OD,XL,D
09:29:07,JSMR,RG,3340,2,D,PD,XL,D
09:29:07,JSMR,RG,3340,200,D,YP,XL,D
09:29:07,JSMR,RG,3340,2,D,XC,XL,D
09:29:07,JSMR,RG,3340,4,D,AZ,XL,D
09:28:57,JSMR,RG,3340,10,D,AZ,AK,F
09:28:56,JSMR,RG,3340,122,D,AZ,BK,F
09:28:55,JSMR,RG,3340,122,D,AZ,BK,F
09:28:55,JSMR,RG,3340,8,D,AZ,AK,F
09:28:55,JSMR,RG,3340,13,D,AZ,AK,F
09:28:55,JSMR,RG,3340,641,D,AZ,BK,F
09:28:54,JSMR,RG,3340,16,D,AZ,XL,D
09:28:50,JSMR,RG,3340,50,D,AZ,CC,D
09:28:17,JSMR,RG,3340,14,D,AZ,XL,D
09:28:17,JSMR,RG,3340,1,D,LG,XL,D
09:28:17,JSMR,RG,3340,5,D,YP,XL,D
09:28:17,JSMR,RG,3340,1,D,IF,XL,D
09:28:17,JSMR,RG,3340,2,D,YU,XL,D
09:28:17,JSMR,RG,3340,15,D,YU,YP,D
09:27:47,JSMR,RG,3340,1,D,YU,SQ,D
09:27:18,JSMR,RG,3340,6,D,YU,EP,D
09:27:18,JSMR,RG,3340,31,D,YU,EP,D
09:27:18,JSMR,RG,3340,10,D,KK,EP,D
09:27:18,JSMR,RG,3340,7,D,YU,EP,D
09:26:47,JSMR,RG,3340,3,D,YU,IF,D
09:25:37,JSMR,RG,3350,1,D,CD,YP,D
09:25:33,JSMR,RG,3340,7,D,YU,SQ,D
09:24:58,JSMR,RG,3350,2,D,PD,YP,D
09:24:53,JSMR,RG,3350,50,D,YP,YP,D
09:24:01,JSMR,RG,3350,76,D,YU,YP,D
09:23:41,JSMR,RG,3350,38,D,YU,YP,D
09:23:11,JSMR,RG,3350,1,D,YU,AK,F
09:23:11,JSMR,RG,3350,1,D,YU,AK,F
09:23:10,JSMR,RG,3350,2,D,YU,AK,F
09:23:10,JSMR,RG,3350,1,D,YU,AK,F
09:23:10,JSMR,RG,3350,5,D,YU,AK,F
09:23:10,JSMR,RG,3350,4,D,YU,AK,F
09:23:05,JSMR,RG,3350,1,D,YU,CC,D
09:23:00,JSMR,RG,3350,1,D,YU,YP,D
09:22:33,JSMR,RG,3350,1,F,CC,AK,F
09:21:45,JSMR,RG,3350,2,F,ZP,AK,F
09:21:45,JSMR,RG,3350,16,D,NI,AK,F
09:21:45,JSMR,RG,3350,9,D,NI,AK,F
09:21:45,JSMR,RG,3350,25,D,NI,XC,D
09:21:45,JSMR,RG,3350,3,D,NI,PD,D
09:21:45,JSMR,RG,3350,76,D,NI,CC,D
09:21:29,JSMR,RG,3350,99,D,YP,CC,D
09:20:53,JSMR,RG,3350,25,D,PD,CC,D
09:20:53,JSMR,RG,3350,2,D,PD,PD,D
09:20:53,JSMR,RG,3350,3,D,PD,NI,D
09:20:53,JSMR,RG,3350,13,D,PD,AK,F
09:20:53,JSMR,RG,3350,9,D,PD,AK,F
09:20:53,JSMR,RG,3350,7,D,PD,CC,D
09:20:39,JSMR,RG,3340,3,D,YU,EP,D
09:20:35,JSMR,RG,3340,8,D,YU,DR,D
09:20:05,JSMR,RG,3340,10,D,YU,AZ,D
09:19:20,JSMR,RG,3340,1,D,YU,YP,D
09:18:28,JSMR,RG,3340,1,D,YU,PD,D
09:18:28,JSMR,RG,3340,10,D,XC,PD,D
09:18:28,JSMR,RG,3340,6,D,XL,PD,D
09:18:28,JSMR,RG,3340,1,D,EP,PD,D
09:18:28,JSMR,RG,3340,2,D,CC,PD,D
09:18:05,JSMR,RG,3350,67,D,YU,CC,D
09:17:09,JSMR,RG,3350,28,D,XC,CC,D
09:16:45,JSMR,RG,3350,348,D,KK,CC,D
09:16:45,JSMR,RG,3350,150,D,KK,GR,D
09:16:45,JSMR,RG,3350,2,D,KK,XL,D
09:16:11,JSMR,RG,3350,1,F,AK,XL,D
09:16:11,JSMR,RG,3350,2,D,YU,XL,D
09:16:07,JSMR,RG,3350,5,D,YU,DH,D
09:16:03,JSMR,RG,3350,10,D,YU,NI,D
09:16:00,JSMR,RG,3350,9,D,YP,AK,F
09:16:00,JSMR,RG,3350,1,D,YP,NI,D
09:16:00,JSMR,RG,3350,3,D,YP,XL,D
09:16:00,JSMR,RG,3350,14,D,YP,OD,D
09:16:00,JSMR,RG,3350,55,D,YP,XL,D
09:16:00,JSMR,RG,3350,26,D,YP,XC,D
09:16:00,JSMR,RG,3350,50,D,YU,XC,D
09:16:00,JSMR,RG,3350,14,D,YU,AK,F
09:16:00,JSMR,RG,3350,9,D,YU,AK,F
09:15:05,JSMR,RG,3350,27,D,NI,CC,D
09:15:05,JSMR,RG,3350,1,D,NI,SQ,D
09:15:05,JSMR,RG,3350,13,D,NI,YP,D
09:15:00,JSMR,RG,3340,98,D,CC,CC,D
09:15:00,JSMR,RG,3340,87,D,YB,CC,D
09:12:28,JSMR,RG,3340,38,D,YB,PD,D
09:12:28,JSMR,RG,3340,50,D,YP,PD,D
09:12:28,JSMR,RG,3340,10,D,YP,PD,D
09:12:28,JSMR,RG,3340,8,D,YP,PD,D
09:12:28,JSMR,RG,3340,40,D,CC,PD,D
09:12:28,JSMR,RG,3340,5,D,YP,PD,D
09:12:28,JSMR,RG,3340,1,D,YP,PD,D
09:12:28,JSMR,RG,3340,10,D,YP,PD,D
09:12:28,JSMR,RG,3340,1,D,YP,PD,D
09:12:28,JSMR,RG,3340,9,D,PD,PD,D
09:11:25,JSMR,RG,3350,5,D,CC,YP,D
09:11:17,JSMR,RG,3340,3,D,PD,XC,D
09:11:17,JSMR,RG,3340,1,D,PD,XC,D
09:11:17,JSMR,RG,3340,1,D,OD,XC,D
09:11:17,JSMR,RG,3340,20,D,OD,XC,D
09:10:58,JSMR,RG,3350,6,D,KK,YP,D
09:10:58,JSMR,RG,3350,4,D,KK,NI,D
09:10:52,JSMR,RG,3350,1,D,PD,NI,D
09:09:47,JSMR,RG,3350,4,F,ZP,NI,D
09:09:41,JSMR,RG,3350,1,D,YP,NI,D
09:09:41,JSMR,RG,3350,10,D,YP,DR,D
09:09:41,JSMR,RG,3350,1,D,YP,XC,D
09:09:41,JSMR,RG,3350,4,D,YP,XC,D
09:09:41,JSMR,RG,3350,1,D,YP,SQ,D
09:09:41,JSMR,RG,3350,25,D,YP,YB,D
09:09:31,JSMR,RG,3340,1,D,OD,PD,D
09:09:27,JSMR,RG,3340,1,D,OD,XC,D
09:09:14,JSMR,RG,3340,3,D,OD,GR,D
09:09:14,JSMR,RG,3340,2,D,YB,GR,D
09:09:14,JSMR,RG,3340,15,D,SQ,GR,D
09:08:47,JSMR,RG,3340,1,D,SQ,AI,D
09:08:22,JSMR,RG,3340,1,D,SQ,SQ,D
09:08:11,JSMR,RG,3340,4,D,SQ,CC,D
09:08:11,JSMR,RG,3340,8,D,EP,CC,D
09:08:11,JSMR,RG,3340,18,D,YB,CC,D
09:07:58,JSMR,RG,3340,5,D,YB,XC,D
09:07:24,JSMR,RG,3350,16,D,YU,YB,D
09:07:24,JSMR,RG,3350,38,D,YU,YB,D
09:07:24,JSMR,RG,3350,71,D,AI,YB,D
09:07:13,JSMR,RG,3350,5,D,AI,YP,D
09:07:13,JSMR,RG,3350,4,D,AI,AK,F
09:07:13,JSMR,RG,3350,8,D,AI,AK,F
09:07:13,JSMR,RG,3350,4,D,AI,AK,F
09:07:13,JSMR,RG,3350,8,D,AI,YP,D
09:07:13,JSMR,RG,3350,1,D,PD,YP,D
09:07:13,JSMR,RG,3350,10,D,HP,YP,D
09:07:13,JSMR,RG,3350,5,D,XL,YP,D
09:07:13,JSMR,RG,3350,10,D,YP,YP,D
09:07:13,JSMR,RG,3350,3,D,XC,YP,D
09:07:13,JSMR,RG,3350,50,D,XC,YP,D
09:07:13,JSMR,RG,3350,1,D,YP,YP,D
09:07:13,JSMR,RG,3350,5,D,YP,YP,D
09:07:13,JSMR,RG,3350,7,D,PD,YP,D
09:06:54,JSMR,RG,3350,6,D,PD,YP,D
09:05:09,JSMR,RG,3360,15,D,PD,PD,D
09:04:40,JSMR,RG,3360,16,D,YP,PD,D
09:04:37,JSMR,RG,3350,12,D,PD,AZ,D
09:04:37,JSMR,RG,3350,1,D,EP,AZ,D
09:04:37,JSMR,RG,3350,10,D,CC,AZ,D
09:04:37,JSMR,RG,3350,8,D,EP,AZ,D
09:04:16,JSMR,RG,3360,16,D,EP,PD,D
09:04:07,JSMR,RG,3360,1,D,IF,PD,D
09:04:00,JSMR,RG,3360,300,D,PD,PD,D
09:04:00,JSMR,RG,3360,26,D,YP,PD,D
09:04:00,JSMR,RG,3360,50,D,AZ,PD,D
09:04:00,JSMR,RG,3360,45,D,NI,PD,D
09:04:00,JSMR,RG,3360,50,D,YP,PD,D
09:04:00,JSMR,RG,3360,9,D,NI,PD,D
09:04:00,JSMR,RG,3370,100,D,CC,YB,D
09:03:29,JSMR,RG,3370,31,D,YU,YB,D
09:03:22,JSMR,RG,3370,50,D,YP,YB,D
09:03:19,JSMR,RG,3370,24,D,HP,YB,D
09:03:11,JSMR,RG,3370,3,D,PD,YB,D
09:03:11,JSMR,RG,3370,100,D,DR,YB,D
09:03:11,JSMR,RG,3370,20,D,ZP,YB,D
09:02:54,JSMR,RG,3370,10,D,ZP,NI,D
09:02:54,JSMR,RG,3370,8,D,ZP,PD,D
09:02:54,JSMR,RG,3370,2,D,ZP,DR,D
09:02:54,JSMR,RG,3370,30,D,ZP,CC,D
09:02:54,JSMR,RG,3370,11,D,ZP,AK,F
09:02:54,JSMR,RG,3370,7,D,ZP,HP,D
09:02:54,JSMR,RG,3370,1,D,ZP,TP,D
09:02:54,JSMR,RG,3370,11,D,ZP,OD,D
09:02:48,JSMR,RG,3370,1,D,YP,OD,D
09:02:34,JSMR,RG,3370,13,D,YP,OD,D
09:02:34,JSMR,RG,3370,2,D,YP,XL,D
09:02:34,JSMR,RG,3370,30,D,YP,YP,D
09:02:34,JSMR,RG,3370,100,D,YP,CC,D
09:02:34,JSMR,RG,3370,4,D,YP,AK,F
09:02:34,JSMR,RG,3370,1,D,YP,AK,F
09:02:21,JSMR,RG,3360,1,D,NI,KK,D
09:02:21,JSMR,RG,3360,3,D,XL,KK,D
09:02:21,JSMR,RG,3360,15,D,XA,KK,D
09:02:21,JSMR,RG,3360,3,D,YP,KK,D
09:02:15,JSMR,RG,3360,7,D,YP,YP,D
09:02:15,JSMR,RG,3360,13,D,XL,YP,D
09:01:53,JSMR,RG,3360,5,D,XL,PD,D
09:01:32,JSMR,RG,3360,10,D,YP,NI,D
09:01:32,JSMR,RG,3360,6,D,XC,NI,D
09:01:32,JSMR,RG,3360,1,D,XC,NI,D
09:00:39,JSMR,RG,3360,1,D,XC,AK,F
09:00:39,JSMR,RG,3360,1,D,XC,AK,F
09:00:39,JSMR,RG,3360,1,F,CC,AK,F
09:00:39,JSMR,RG,3360,1,D,YP,AK,F
09:00:39,JSMR,RG,3360,3,D,YP,AK,F
09:00:39,JSMR,RG,3360,5,D,PD,AK,F
09:00:39,JSMR,RG,3360,8,D,PD,XC,D
09:00:39,JSMR,RG,3360,10,F,ZP,XC,D
09:00:39,JSMR,RG,3360,13,D,KK,XC,D
09:00:38,JSMR,RG,3360,1,D,KK,XL,D
09:00:28,JSMR,RG,3370,3,D,YP,PD,D
09:00:28,JSMR,RG,3370,1,D,YP,AK,F
09:00:18,JSMR,RG,3360,1,D,DH,XL,D
09:00:17,JSMR,RG,3360,1,D,OD,XL,D
09:00:17,JSMR,RG,3370,10,D,XL,AK,F
09:00:10,JSMR,RG,3370,3,D,XC,AK,F
09:00:09,JSMR,RG,3360,1,D,OD,XC,D
09:00:09,JSMR,RG,3360,9,D,CC,XC,D
09:00:09,JSMR,RG,3370,236,D,YP,BK,F
09:00:09,JSMR,RG,3370,10,D,YP,AK,F
09:00:09,JSMR,RG,3370,120,D,YP,YP,D
09:00:08,JSMR,RG,3370,1,D,YP,YP,D
09:00:07,JSMR,RG,3360,4,D,CC,AK,F
09:00:05,JSMR,RG,3370,2,D,PD,YP,D
09:00:05,JSMR,RG,3370,1,D,PD,GR,D
09:00:05,JSMR,RG,3360,2,D,CC,KK,D
09:00:04,JSMR,RG,3360,1,D,XC,XC,D
09:00:04,JSMR,RG,3360,1,D,XC,XC,D
09:00:04,JSMR,RG,3360,1,D,XC,YB,D
09:00:04,JSMR,RG,3360,1,D,DR,YB,D
09:00:04,JSMR,RG,3360,10,D,XC,YB,D
09:00:04,JSMR,RG,3360,1,D,XC,YB,D
09:00:04,JSMR,RG,3360,1,D,DH,YB,D
09:00:04,JSMR,RG,3360,8,D,KK,YB,D
09:00:03,JSMR,RG,3360,1,D,DH,YB,D
09:00:03,JSMR,RG,3360,5,D,SQ,YB,D
09:00:02,JSMR,RG,3360,22,D,CD,YB,D
09:00:02,JSMR,RG,3360,28,D,CD,CC,D
09:00:01,JSMR,RG,3360,1,D,ZP,CC,D
09:00:00,JSMR,RG,3360,3,D,IF,CC,D
