Time,Stock,Brd,Price,Qty,BT,BC,SC,ST
15:11:20,JSMR,RG,3850,10,F,CC,DH,D
15:10:26,JSMR,RG,3850,5,F,CC,PD,D
15:08:54,JSMR,RG,3850,1,F,CC,DH,D
15:08:16,JSMR,RG,3850,1,F,CC,KK,D
15:06:21,JSMR,RG,3850,5,F,CC,NI,D
15:05:53,JSMR,RG,3850,250,F,CC,AZ,D
15:05:47,JSMR,RG,3850,5,F,CC,NI,D
15:05:05,JSMR,RG,3850,5,F,CC,OD,D
15:04:51,JSMR,RG,3850,14,F,CC,YP,D
15:04:50,JSMR,RG,3850,1,F,CC,XC,D
15:04:15,JSMR,RG,3850,100,F,CC,CC,D
15:02:57,JSMR,RG,3850,26,F,CC,XC,D
15:02:21,JSMR,RG,3850,50,F,CC,CC,D
15:01:17,JSMR,RG,3850,380,F,CC,LG,D
15:01:17,JSMR,RG,3850,10,D,CC,LG,D
15:01:17,JSMR,RG,3850,48,F,CC,LG,D
15:01:17,JSMR,RG,3850,2,D,PD,LG,D
15:01:17,JSMR,RG,3850,20,D,PD,LG,D
15:01:17,JSMR,RG,3850,15,D,YB,LG,D
15:01:17,JSMR,RG,3850,5,D,PD,LG,D
15:01:17,JSMR,RG,3850,1,D,GR,LG,D
15:01:17,JSMR,RG,3850,10,D,KK,LG,D
15:01:17,JSMR,RG,3850,15,D,KK,LG,D
15:01:17,JSMR,RG,3850,3,D,PD,LG,D
15:01:17,JSMR,RG,3850,2,D,AZ,LG,D
15:01:17,JSMR,RG,3850,5,D,PD,LG,D
15:01:17,JSMR,RG,3850,29,D,OD,LG,D
15:01:17,JSMR,RG,3850,2,D,CC,LG,D
15:01:17,JSMR,RG,3850,5,D,KK,LG,D
15:01:17,JSMR,RG,3850,1,D,YP,LG,D
15:01:17,JSMR,RG,3850,100,D,PD,LG,D
15:01:17,JSMR,RG,3850,50,D,CP,LG,D
15:01:17,JSMR,RG,3850,17,D,XC,LG,D
15:01:17,JSMR,RG,3850,3,D,XC,LG,D
15:01:17,JSMR,RG,3850,25,D,MG,LG,D
15:01:17,JSMR,RG,3850,10,D,DH,LG,D
15:01:17,JSMR,RG,3850,5,D,PD,LG,D
15:01:17,JSMR,RG,3850,1,D,XC,LG,D
15:01:17,JSMR,RG,3850,55,F,SQ,LG,D
15:01:07,JSMR,RG,3850,250,F,SQ,EP,D
15:00:00,JSMR,RG,3850,1330,F,SQ,AG,D
15:00:00,JSMR,RG,3850,20,D,YB,AG,D
15:00:00,JSMR,RG,3850,3,D,YB,AG,D
15:00:00,JSMR,RG,3850,247,F,CC,AG,D
15:00:00,JSMR,RG,3850,231,F,CC,BK,F
15:00:00,JSMR,RG,3850,522,F,CC,CS,F
15:00:00,JSMR,RG,3850,3,D,XC,CS,F
15:00:00,JSMR,RG,3850,100,D,RO,CS,F
15:00:00,JSMR,RG,3850,5,D,YP,CS,F
15:00:00,JSMR,RG,3850,3,D,PD,CS,F
15:00:00,JSMR,RG,3850,26,D,XL,CS,F
15:00:00,JSMR,RG,3850,10,D,PG,CS,F
15:00:00,JSMR,RG,3850,1,D,EP,CS,F
15:00:00,JSMR,RG,3850,1,D,XC,CS,F
15:00:00,JSMR,RG,3850,3,D,PD,CS,F
15:00:00,JSMR,RG,3850,50,D,KK,CS,F
15:00:00,JSMR,RG,3850,150,D,RO,CS,F
15:00:00,JSMR,RG,3850,1,D,YP,CS,F
15:00:00,JSMR,RG,3850,9,D,DH,CS,F
15:00:00,JSMR,RG,3850,2,D,AZ,CS,F
15:00:00,JSMR,RG,3850,10,D,PD,CS,F
15:00:00,JSMR,RG,3850,10,D,DR,CS,F
15:00:00,JSMR,RG,3850,1,D,PD,CS,F
15:00:00,JSMR,RG,3850,1,D,YP,CS,F
15:00:00,JSMR,RG,3850,3,D,YB,CS,F
15:00:00,JSMR,RG,3850,3,D,HP,CS,F
15:00:00,JSMR,RG,3850,2,D,CC,CS,F
15:00:00,JSMR,RG,3850,13,D,XL,CS,F
15:00:00,JSMR,RG,3850,10,D,NI,CS,F
15:00:00,JSMR,RG,3850,2,D,PD,CS,F
15:00:00,JSMR,RG,3850,1,D,XC,CS,F
15:00:00,JSMR,RG,3850,1,D,EP,CS,F
15:00:00,JSMR,RG,3850,5,D,YP,CS,F
15:00:00,JSMR,RG,3850,1,D,YP,CS,F
15:00:00,JSMR,RG,3850,1,D,EP,CS,F
15:00:00,JSMR,RG,3850,50,D,AI,CS,F
15:00:00,JSMR,RG,3850,10,D,KK,CS,F
15:00:00,JSMR,RG,3850,5,D,PD,CS,F
15:00:00,JSMR,RG,3850,2,D,YP,CS,F
15:00:00,JSMR,RG,3850,13,D,NI,CS,F
15:00:00,JSMR,RG,3850,1,D,PD,CS,F
15:00:00,JSMR,RG,3850,1,D,PD,CS,F
15:00:00,JSMR,RG,3850,5,D,PD,CS,F
15:00:00,JSMR,RG,3850,5,D,KK,CS,F
15:00:00,JSMR,RG,3850,300,D,NI,CS,F
15:00:00,JSMR,RG,3850,3,D,YB,CS,F
15:00:00,JSMR,RG,3850,26,D,XC,CS,F
15:00:00,JSMR,RG,3850,40,D,CC,CS,F
15:00:00,JSMR,RG,3850,1000,D,OD,CS,F
15:00:00,JSMR,RG,3850,1,D,AZ,CS,F
15:00:00,JSMR,RG,3850,5,D,HP,CS,F
15:00:00,JSMR,RG,3850,10,D,KK,CS,F
15:00:00,JSMR,RG,3850,20,D,CP,CS,F
15:00:00,JSMR,RG,3850,1,D,NI,CS,F
15:00:00,JSMR,RG,3850,3,D,XC,CS,F
15:00:00,JSMR,RG,3850,1,D,PD,CS,F
15:00:00,JSMR,RG,3850,10,D,PD,CS,F
15:00:00,JSMR,RG,3850,190,D,YP,CS,F
15:00:00,JSMR,RG,3850,5,D,LG,CS,F
15:00:00,JSMR,RG,3850,1,D,PD,CS,F
15:00:00,JSMR,RG,3850,3,D,YP,CS,F
15:00:00,JSMR,RG,3850,13,D,EP,CS,F
15:00:00,JSMR,RG,3850,1,D,NI,CS,F
15:00:00,JSMR,RG,3850,5,D,EP,CS,F
15:00:00,JSMR,RG,3850,5,D,HP,CS,F
15:00:00,JSMR,RG,3850,20,D,CC,CS,F
15:00:00,JSMR,RG,3850,10,D,AI,CS,F
15:00:00,JSMR,RG,3850,5,D,YU,CS,F
15:00:00,JSMR,RG,3850,13,D,XC,CS,F
15:00:00,JSMR,RG,3850,100,D,RO,CS,F
15:00:00,JSMR,RG,3850,6,D,NI,CS,F
15:00:00,JSMR,RG,3850,37,D,MG,CS,F
15:00:00,JSMR,RG,3850,33,D,MG,CC,D
15:00:00,JSMR,RG,3850,50,D,MG,CC,D
15:00:00,JSMR,RG,3850,150,D,DR,CC,D
15:00:00,JSMR,RG,3850,25,D,DR,CC,D
15:00:00,JSMR,RG,3850,190,D,DR,PD,D
15:00:00,JSMR,RG,3850,135,D,DR,PD,D
15:00:00,JSMR,RG,3850,30,D,CC,PD,D
15:00:00,JSMR,RG,3850,5,D,YP,PD,D
15:00:00,JSMR,RG,3850,412,F,ZP,PD,D
15:00:00,JSMR,RG,3850,24,F,AK,PD,D
15:00:00,JSMR,RG,3850,94,F,BK,PD,D
14:49:59,JSMR,RG,3890,10,D,CC,YP,D
14:49:38,JSMR,RG,3890,30,D,BB,YP,D
14:49:38,JSMR,RG,3890,250,D,BB,KK,D
14:49:38,JSMR,RG,3890,2,D,BB,YP,D
14:49:38,JSMR,RG,3890,36,D,BB,IT,D
14:49:36,JSMR,RG,3890,29,D,BB,IT,D
14:49:29,JSMR,RG,3890,24,D,BB,IT,D
14:49:21,JSMR,RG,3890,11,D,BB,IT,D
14:49:21,JSMR,RG,3890,1,D,BB,SQ,D
14:49:21,JSMR,RG,3890,47,D,BB,PD,D
14:49:12,JSMR,RG,3890,103,F,CC,PD,D
14:49:12,JSMR,RG,3890,50,F,CC,EP,D
14:49:12,JSMR,RG,3890,10,F,CC,YP,D
14:49:12,JSMR,RG,3890,3,F,CC,SQ,D
14:49:12,JSMR,RG,3890,10,F,CC,DR,D
14:49:12,JSMR,RG,3890,3,F,CC,PD,D
14:49:12,JSMR,RG,3890,5,F,CC,KK,D
14:49:12,JSMR,RG,3890,2,F,CC,PD,D
14:49:12,JSMR,RG,3890,2,F,CC,PD,D
14:49:12,JSMR,RG,3890,2,F,CC,PD,D
14:49:12,JSMR,RG,3890,100,F,CC,LG,D
14:49:12,JSMR,RG,3890,1,F,CC,XC,D
14:49:12,JSMR,RG,3890,1,F,CC,XC,D
14:49:12,JSMR,RG,3890,5,F,CC,HP,D
14:49:12,JSMR,RG,3890,10,F,CC,NI,D
14:49:12,JSMR,RG,3890,10,F,CC,CC,D
14:49:12,JSMR,RG,3890,10,F,CC,CC,D
14:49:12,JSMR,RG,3890,1,F,CC,PD,D
14:49:12,JSMR,RG,3890,8,F,CC,YP,D
14:49:12,JSMR,RG,3890,25,F,CC,YP,D
14:49:12,JSMR,RG,3890,15,F,CC,YP,D
14:49:12,JSMR,RG,3890,3,F,CC,XC,D
14:49:12,JSMR,RG,3890,1,F,CC,YP,D
14:49:12,JSMR,RG,3890,20,F,CC,PD,D
14:49:12,JSMR,RG,3890,2,F,CC,YP,D
14:49:12,JSMR,RG,3890,224,F,CC,CC,D
14:49:06,JSMR,RG,3880,2,D,BB,NI,D
14:49:03,JSMR,RG,3890,53,D,BB,CC,D
14:49:00,JSMR,RG,3880,1,D,DR,AK,D
14:49:00,JSMR,RG,3880,1,D,DR,AK,D
14:49:00,JSMR,RG,3880,1,D,DR,AK,D
14:49:00,JSMR,RG,3880,1,D,DR,AK,D
14:49:00,JSMR,RG,3880,1,D,DR,AK,D
14:49:00,JSMR,RG,3880,1,D,DR,AK,D
14:49:00,JSMR,RG,3880,2,D,DR,AK,D
14:49:00,JSMR,RG,3880,6,D,DR,AK,D
14:49:00,JSMR,RG,3880,3,D,DR,AK,D
14:48:55,JSMR,RG,3890,23,D,BB,CC,D
14:48:55,JSMR,RG,3890,1000,F,CC,CC,D
14:48:49,JSMR,RG,3880,1,D,DR,KK,D
14:48:47,JSMR,RG,3890,35,D,BB,CC,D
14:48:42,JSMR,RG,3890,46,D,BB,CC,D
14:48:41,JSMR,RG,3890,969,F,CC,CC,D
14:48:41,JSMR,RG,3890,6,F,CC,KK,D
14:48:41,JSMR,RG,3890,25,F,CC,AT,D
14:48:29,JSMR,RG,3890,33,D,BB,AT,D
14:48:28,JSMR,RG,3880,2,D,DR,PD,D
14:48:20,JSMR,RG,3890,2,D,BB,AT,D
14:48:20,JSMR,RG,3890,3,D,BB,XC,D
14:48:20,JSMR,RG,3890,14,D,BB,PD,D
14:48:20,JSMR,RG,3890,14,D,BB,PD,D
14:48:11,JSMR,RG,3890,11,D,BB,PD,D
14:48:11,JSMR,RG,3890,3,D,BB,LG,D
14:48:11,JSMR,RG,3890,65,D,BB,CC,D
14:47:55,JSMR,RG,3890,35,D,BB,CC,D
14:47:55,JSMR,RG,3890,1,D,BB,YP,D
14:47:55,JSMR,RG,3890,4,D,BB,XC,D
14:47:55,JSMR,RG,3890,106,D,BB,YP,D
14:47:55,JSMR,RG,3880,2,D,BB,DR,D
14:47:54,JSMR,RG,3890,26,D,BB,YP,D
14:47:53,JSMR,RG,3880,1,D,BB,AK,D
14:47:52,JSMR,RG,3880,1,D,BB,AK,D
14:47:52,JSMR,RG,3880,1,D,BB,AK,D
14:47:52,JSMR,RG,3880,24,D,BB,PD,D
14:47:50,JSMR,RG,3880,96,D,CC,PD,D
14:47:50,JSMR,RG,3880,2,D,CC,OD,D
14:47:50,JSMR,RG,3880,1,D,CC,AK,D
14:47:50,JSMR,RG,3880,1,D,CC,AK,D
14:47:41,JSMR,RG,3870,1,F,CC,DR,D
14:47:35,JSMR,RG,3880,1,F,AK,AK,D
14:47:35,JSMR,RG,3880,1,F,AK,AK,D
14:47:35,JSMR,RG,3880,2,F,AK,AK,D
14:47:35,JSMR,RG,3880,2,F,AK,AK,D
14:47:32,JSMR,RG,3880,1,D,CD,AK,D
14:47:30,JSMR,RG,3870,1,F,CC,DR,D
14:47:05,JSMR,RG,3890,33,D,BB,YP,D
14:47:05,JSMR,RG,3880,5,D,BB,AK,D
14:47:05,JSMR,RG,3880,1,D,BB,AK,D
14:47:05,JSMR,RG,3880,150,D,BB,CC,D
14:47:05,JSMR,RG,3880,4,D,BB,DR,D
14:47:05,JSMR,RG,3880,1,D,BB,YU,D
14:47:05,JSMR,RG,3880,1,D,BB,AK,D
14:47:05,JSMR,RG,3880,10,D,BB,YP,D
14:47:05,JSMR,RG,3880,1,D,BB,DH,D
14:47:05,JSMR,RG,3880,2,D,BB,AK,D
14:47:05,JSMR,RG,3880,3,D,BB,AK,D
14:47:05,JSMR,RG,3880,2,D,BB,AK,D
14:47:05,JSMR,RG,3880,2,D,BB,YP,D
14:47:05,JSMR,RG,3880,3,D,BB,AK,D
14:47:05,JSMR,RG,3880,1,D,BB,AK,D
14:46:17,JSMR,RG,3880,1,F,CC,AK,D
14:46:17,JSMR,RG,3880,26,F,CC,KZ,D
14:46:17,JSMR,RG,3880,1,F,CC,KZ,D
14:46:17,JSMR,RG,3880,25,F,CC,KZ,D
14:46:17,JSMR,RG,3880,215,F,CC,KZ,D
14:46:17,JSMR,RG,3880,25,F,CC,KZ,D
14:46:17,JSMR,RG,3880,1,F,CC,KZ,D
14:46:17,JSMR,RG,3880,24,F,CC,KZ,D
14:46:17,JSMR,RG,3880,203,F,CC,KZ,D
14:46:17,JSMR,RG,3880,1,F,CC,AK,D
14:46:17,JSMR,RG,3880,16,F,CC,KZ,D
14:46:17,JSMR,RG,3880,17,F,CC,KZ,D
14:46:17,JSMR,RG,3880,196,F,CC,KZ,D
14:46:17,JSMR,RG,3880,205,F,CC,KZ,D
14:46:17,JSMR,RG,3880,7,F,CC,AK,D
14:46:17,JSMR,RG,3880,14,F,CC,AK,D
14:46:17,JSMR,RG,3880,7,F,CC,AK,D
14:46:17,JSMR,RG,3880,16,F,CC,ZP,D
14:46:13,JSMR,RG,3880,234,D,BB,ZP,D
14:45:40,JSMR,RG,3870,9,F,CC,BQ,D
14:45:26,JSMR,RG,3870,1,F,CC,DR,D
14:45:19,JSMR,RG,3890,35,D,BB,YP,D
14:45:19,JSMR,RG,3890,2,D,BB,KZ,D
14:45:19,JSMR,RG,3890,3,D,BB,KZ,D
14:45:19,JSMR,RG,3890,89,D,BB,YP,D
14:45:18,JSMR,RG,3880,1,D,BB,OD,F
14:45:18,JSMR,RG,3880,3,D,BB,YP,D
14:45:18,JSMR,RG,3880,5,D,BB,CP,D
14:45:18,JSMR,RG,3880,11,D,BB,PD,D
14:45:18,JSMR,RG,3880,1,D,BB,YP,D
14:45:18,JSMR,RG,3880,3,D,BB,YP,D
14:45:18,JSMR,RG,3880,10,D,BB,PD,D
14:45:18,JSMR,RG,3880,15,D,BB,GR,D
14:45:18,JSMR,RG,3880,3,D,BB,AK,D
14:45:18,JSMR,RG,3880,3,D,BB,AK,D
14:45:18,JSMR,RG,3880,8,D,BB,AK,D
14:45:18,JSMR,RG,3880,7,D,BB,AK,D
14:45:18,JSMR,RG,3880,5,D,BB,AK,D
14:45:18,JSMR,RG,3880,4,D,BB,AK,D
14:45:18,JSMR,RG,3880,212,D,BB,KZ,D
14:45:18,JSMR,RG,3880,172,D,BB,KZ,D
14:45:07,JSMR,RG,3880,20,D,KK,KZ,D
14:44:51,JSMR,RG,3870,1,F,CC,PD,D
14:44:28,JSMR,RG,3880,33,D,BB,KZ,D
14:44:28,JSMR,RG,3880,13,D,BB,CC,D
14:44:28,JSMR,RG,3880,3,D,BB,KZ,D
14:44:23,JSMR,RG,3880,1,D,XL,KZ,D
14:44:22,JSMR,RG,3880,15,D,NI,KZ,D
14:44:10,JSMR,RG,3870,57,F,CC,YU,D
14:44:09,JSMR,RG,3880,1,F,CS,KZ,D
14:44:09,JSMR,RG,3880,1,F,CS,KZ,D
14:44:09,JSMR,RG,3880,156,D,BB,KZ,D
14:44:09,JSMR,RG,3880,4,F,CS,KZ,D
14:44:09,JSMR,RG,3880,8,F,CS,KZ,D
14:44:09,JSMR,RG,3880,4,F,CS,KZ,D
14:44:09,JSMR,RG,3880,12,D,CC,KZ,D
14:44:09,JSMR,RG,3880,3,D,CC,KZ,D
14:44:09,JSMR,RG,3880,201,D,BB,KZ,D
14:44:09,JSMR,RG,3880,3,D,PD,KZ,D
14:44:04,JSMR,RG,3880,29,D,PD,KZ,D
14:44:04,JSMR,RG,3880,64,D,YP,KZ,D
14:44:04,JSMR,RG,3880,6,D,YP,KZ,D
14:44:04,JSMR,RG,3880,50,D,KI,KZ,D
14:44:04,JSMR,RG,3880,35,D,PD,KZ,D
14:44:04,JSMR,RG,3880,14,D,CD,KZ,D
14:44:04,JSMR,RG,3880,26,D,CD,KZ,D
14:44:04,JSMR,RG,3880,1,D,PD,KZ,D
14:44:04,JSMR,RG,3880,10,D,YP,KZ,D
14:44:04,JSMR,RG,3880,100,D,KK,KZ,D
14:44:04,JSMR,RG,3880,15,D,PD,KZ,D
14:44:04,JSMR,RG,3880,1,F,CS,KZ,D
14:44:04,JSMR,RG,3880,4,F,CS,KZ,D
14:44:04,JSMR,RG,3880,5,F,CS,KZ,D
14:44:04,JSMR,RG,3880,1,F,CS,KZ,D
14:44:04,JSMR,RG,3880,1,F,CS,KZ,D
14:44:04,JSMR,RG,3880,37,D,BB,KZ,D
14:44:02,JSMR,RG,3880,5,D,BB,XC,D
14:43:57,JSMR,RG,3880,148,D,BB,HD,D
14:43:57,JSMR,RG,3880,5,D,KK,HD,D
14:43:57,JSMR,RG,3880,47,D,NI,HD,D
14:43:52,JSMR,RG,3880,5,D,NI,KK,D
14:43:48,JSMR,RG,3880,10,D,NI,GR,D
14:43:42,JSMR,RG,3880,20,D,NI,CC,D
14:43:41,JSMR,RG,3880,1,D,NI,YP,D
14:43:38,JSMR,RG,3880,1,D,NI,DR,D
14:43:19,JSMR,RG,3880,11,D,NI,DR,D
14:43:02,JSMR,RG,3880,7,D,NI,YP,D
14:43:02,JSMR,RG,3880,100,D,NI,GR,D
14:42:59,JSMR,RG,3880,5,D,NI,BQ,D
14:42:43,JSMR,RG,3880,5,D,NI,LS,D
14:42:42,JSMR,RG,3890,3,D,CC,YP,D
14:42:24,JSMR,RG,3890,108,D,YP,YP,D
14:42:24,JSMR,RG,3890,3,D,YP,YP,D
14:42:24,JSMR,RG,3890,1,D,YP,KK,D
14:42:24,JSMR,RG,3890,30,D,YP,NI,D
14:42:24,JSMR,RG,3890,5,D,YP,PD,D
14:42:24,JSMR,RG,3890,1,D,YP,YP,D
14:42:24,JSMR,RG,3890,1,D,YP,YP,D
14:42:24,JSMR,RG,3890,2,D,YP,NI,D
14:42:24,JSMR,RG,3890,20,D,YP,YP,D
14:42:24,JSMR,RG,3890,29,D,YP,PD,D
14:42:08,JSMR,RG,3890,10,D,BB,PD,D
14:42:08,JSMR,RG,3890,200,D,BB,YP,D
14:42:08,JSMR,RG,3890,3,D,BB,YP,D
14:42:08,JSMR,RG,3890,5,D,BB,YP,D
14:42:08,JSMR,RG,3890,10,D,BB,SQ,D
14:42:08,JSMR,RG,3890,50,D,BB,DR,D
14:42:08,JSMR,RG,3890,5,D,BB,PD,D
14:42:08,JSMR,RG,3890,25,D,BB,YP,D
14:42:08,JSMR,RG,3890,10,D,BB,PD,D
14:42:08,JSMR,RG,3890,50,D,BB,PD,D
14:42:08,JSMR,RG,3890,6,D,BB,YP,D
14:42:08,JSMR,RG,3890,3,D,BB,CC,D
14:42:08,JSMR,RG,3890,11,D,BB,XC,D
14:42:08,JSMR,RG,3890,1,D,BB,YP,D
14:42:08,JSMR,RG,3890,1,D,BB,YP,D
14:42:08,JSMR,RG,3890,10,D,BB,CC,D
14:42:08,JSMR,RG,3890,3,D,BB,CC,D
14:42:08,JSMR,RG,3890,2,D,BB,YP,D
14:42:08,JSMR,RG,3890,5,D,BB,PD,D
14:42:08,JSMR,RG,3890,5,D,BB,PD,D
14:42:08,JSMR,RG,3890,1,D,BB,GR,D
14:42:08,JSMR,RG,3890,1,D,BB,YP,D
14:42:08,JSMR,RG,3890,5,D,BB,KZ,D
14:42:08,JSMR,RG,3890,6,D,BB,KZ,D
14:42:08,JSMR,RG,3890,50,D,BB,KK,D
14:42:08,JSMR,RG,3890,21,D,BB,CC,D
14:42:08,JSMR,RG,3890,1,D,BB,PD,D
14:42:08,JSMR,RG,3890,30,D,BB,PD,D
14:42:08,JSMR,RG,3890,94,D,BB,XA,D
14:42:03,JSMR,RG,3890,174,D,YP,XA,D
14:42:03,JSMR,RG,3890,26,D,YP,AZ,D
14:42:03,JSMR,RG,3880,1,D,NI,DR,D
14:41:57,JSMR,RG,3890,1,D,YP,AZ,D
14:41:38,JSMR,RG,3890,2,D,AZ,AZ,D
14:41:36,JSMR,RG,3880,13,D,NI,YP,D
14:41:32,JSMR,RG,3880,2,D,NI,NI,D
14:41:30,JSMR,RG,3890,1,D,YP,AZ,D
14:41:30,JSMR,RG,3890,12,D,NI,AZ,D
14:41:30,JSMR,RG,3890,5,D,PD,AZ,D
14:41:29,JSMR,RG,3890,3,D,EP,AZ,D
14:41:27,JSMR,RG,3880,20,D,NI,PD,D
14:41:24,JSMR,RG,3880,5,D,NI,YP,D
14:41:24,JSMR,RG,3880,20,D,NI,CC,D
14:41:07,JSMR,RG,3880,12,D,NI,CC,D
14:40:51,JSMR,RG,3880,5,D,NI,YP,D
14:40:51,JSMR,RG,3880,6,D,NI,AK,D
14:40:51,JSMR,RG,3880,1,D,NI,SQ,D
14:40:51,JSMR,RG,3880,3,D,NI,PD,D
14:40:50,JSMR,RG,3880,13,D,NI,PD,D
14:40:46,JSMR,RG,3880,34,D,PD,PD,D
14:40:46,JSMR,RG,3880,10,D,PD,AK,D
14:40:46,JSMR,RG,3880,6,D,PD,NI,D
14:40:32,JSMR,RG,3880,1,D,YP,NI,D
14:40:31,JSMR,RG,3870,250,F,CC,DX,D
14:40:30,JSMR,RG,3880,2,F,CS,NI,D
14:40:30,JSMR,RG,3880,2,F,CS,NI,D
14:40:29,JSMR,RG,3880,14,D,CC,NI,D
14:40:29,JSMR,RG,3880,4,D,CC,AK,D
14:40:29,JSMR,RG,3880,29,D,CC,DR,D
14:40:29,JSMR,RG,3880,20,D,CC,CC,D
14:40:29,JSMR,RG,3880,239,D,CC,KZ,D
14:40:29,JSMR,RG,3880,215,D,CC,KZ,D
14:40:29,JSMR,RG,3880,2,D,CC,DH,D
14:40:29,JSMR,RG,3880,7,D,CC,AK,D
14:40:29,JSMR,RG,3880,13,D,CC,AK,D
14:40:29,JSMR,RG,3880,10,D,CC,LG,D
14:40:29,JSMR,RG,3880,10,D,CC,YP,D
14:40:29,JSMR,RG,3880,40,D,CC,YU,D
14:40:29,JSMR,RG,3880,5,D,CC,AK,D
14:40:29,JSMR,RG,3880,6,D,CC,XL,D
14:40:29,JSMR,RG,3880,138,D,CC,KZ,D
14:40:29,JSMR,RG,3880,1,D,CC,DH,D
14:40:29,JSMR,RG,3880,134,D,CC,KZ,D
14:40:29,JSMR,RG,3880,2,D,CC,YP,D
14:40:29,JSMR,RG,3880,20,D,CC,AT,D
14:40:29,JSMR,RG,3880,2,D,CC,CC,D
14:40:29,JSMR,RG,3880,1,D,CC,NI,D
14:40:29,JSMR,RG,3880,25,D,CC,OD,D
14:40:29,JSMR,RG,3880,25,D,CC,DR,D
14:40:29,JSMR,RG,3880,38,D,CC,KZ,D
14:40:29,JSMR,RG,3880,103,D,CC,KZ,D
14:40:29,JSMR,RG,3880,21,D,CC,KZ,D
14:40:29,JSMR,RG,3880,132,D,CC,KZ,D
14:40:29,JSMR,RG,3880,50,D,CC,IT,D
14:40:29,JSMR,RG,3880,8,D,CC,AK,D
14:40:29,JSMR,RG,3880,10,D,CC,YP,D
14:40:18,JSMR,RG,3870,110,F,CC,PD,D
14:40:09,JSMR,RG,3880,23,D,OD,YP,D
14:40:09,JSMR,RG,3880,60,D,OD,HP,D
14:40:09,JSMR,RG,3880,3,D,OD,PD,D
14:40:09,JSMR,RG,3880,14,D,OD,AK,D
14:40:09,JSMR,RG,3880,30,D,OD,SQ,D
14:40:09,JSMR,RG,3880,6,D,OD,AK,D
14:40:09,JSMR,RG,3880,5,D,OD,EP,D
14:40:09,JSMR,RG,3880,150,D,OD,YP,D
14:40:09,JSMR,RG,3880,5,D,OD,KK,D
14:40:09,JSMR,RG,3880,15,D,OD,CC,D
14:40:09,JSMR,RG,3880,20,D,OD,SQ,D
14:40:09,JSMR,RG,3880,2,D,OD,PD,D
14:40:09,JSMR,RG,3880,10,D,OD,YP,D
14:40:09,JSMR,RG,3880,30,D,OD,KK,D
14:40:09,JSMR,RG,3880,2,D,OD,PD,D
14:40:09,JSMR,RG,3880,5,D,OD,XC,D
14:40:09,JSMR,RG,3880,2,D,OD,PD,D
14:40:09,JSMR,RG,3880,3,D,OD,PD,D
14:40:09,JSMR,RG,3880,1,D,OD,DX,D
14:40:09,JSMR,RG,3880,2,D,OD,YP,D
14:40:09,JSMR,RG,3880,20,D,OD,PD,D
14:40:09,JSMR,RG,3880,1,D,OD,PD,D
14:40:09,JSMR,RG,3880,15,D,OD,EP,D
14:40:09,JSMR,RG,3880,10,D,OD,AZ,D
14:40:09,JSMR,RG,3880,50,D,OD,DR,D
14:40:09,JSMR,RG,3880,2,D,OD,PD,D
14:40:09,JSMR,RG,3880,100,D,OD,SQ,D
14:40:09,JSMR,RG,3880,1,D,OD,PD,D
14:40:09,JSMR,RG,3880,1,D,OD,SQ,D
14:40:09,JSMR,RG,3880,5,D,OD,LG,D
14:40:09,JSMR,RG,3880,40,D,OD,CC,D
14:40:09,JSMR,RG,3880,100,D,OD,FZ,D
14:40:09,JSMR,RG,3880,15,D,OD,YP,D
14:40:09,JSMR,RG,3880,300,D,OD,YP,D
14:40:09,JSMR,RG,3880,7,D,OD,YP,D
14:40:09,JSMR,RG,3880,5,D,OD,CC,D
14:40:09,JSMR,RG,3880,1,D,OD,KK,D
14:40:09,JSMR,RG,3880,90,D,OD,YU,D
14:40:09,JSMR,RG,3880,4,D,OD,PD,D
14:40:09,JSMR,RG,3880,1,D,OD,PD,D
14:40:09,JSMR,RG,3880,1,D,OD,YP,D
14:40:09,JSMR,RG,3880,1,D,OD,YP,D
14:40:09,JSMR,RG,3880,2,D,OD,XL,D
14:40:09,JSMR,RG,3880,2,D,OD,XC,D
14:40:09,JSMR,RG,3880,2,D,OD,YP,D
14:40:09,JSMR,RG,3880,15,D,OD,YP,D
14:40:09,JSMR,RG,3880,133,D,OD,DD,D
14:40:04,JSMR,RG,3880,3,D,NI,DD,D
14:39:41,JSMR,RG,3880,210,D,BB,DD,D
14:39:15,JSMR,RG,3870,2,F,CC,YP,D
14:38:39,JSMR,RG,3880,2,D,AZ,DD,D
14:37:59,JSMR,RG,3880,25,D,MG,DD,D
14:37:48,JSMR,RG,3880,100,D,RO,DD,D
14:37:41,JSMR,RG,3870,19,F,CC,DR,D
14:37:39,JSMR,RG,3880,5,D,NI,DD,D
14:37:36,JSMR,RG,3880,22,D,YP,DD,D
14:37:36,JSMR,RG,3880,8,D,YP,YP,D
14:37:28,JSMR,RG,3880,50,D,YB,YP,D
14:37:23,JSMR,RG,3880,142,D,YP,YP,D
14:37:23,JSMR,RG,3880,1,D,YP,YP,D
14:37:23,JSMR,RG,3880,2,D,YP,PD,D
14:37:23,JSMR,RG,3880,241,D,YP,YP,D
14:37:23,JSMR,RG,3880,25,D,YP,CC,D
14:37:23,JSMR,RG,3880,1,D,YP,YP,D
14:37:23,JSMR,RG,3880,10,D,YP,SQ,D
14:37:23,JSMR,RG,3880,100,D,YP,LG,D
14:37:23,JSMR,RG,3880,1,D,YP,YP,D
14:37:23,JSMR,RG,3880,12,D,YP,LG,D
14:37:23,JSMR,RG,3880,10,D,YP,XC,D
14:37:23,JSMR,RG,3880,27,D,YP,XC,D
14:37:23,JSMR,RG,3880,27,D,YP,KZ,D
14:37:23,JSMR,RG,3880,25,D,YP,KZ,D
14:37:23,JSMR,RG,3880,25,D,YP,NI,D
14:37:23,JSMR,RG,3880,24,D,YP,KZ,D
14:37:23,JSMR,RG,3880,26,D,YP,KZ,D
14:37:23,JSMR,RG,3880,33,D,YP,KZ,D
14:37:23,JSMR,RG,3880,18,D,YP,KZ,D
14:37:13,JSMR,RG,3880,15,F,CC,KZ,D
14:37:13,JSMR,RG,3880,30,F,CC,KZ,D
14:37:13,JSMR,RG,3880,33,F,CC,KZ,D
14:37:13,JSMR,RG,3880,35,F,CC,KZ,D
14:37:13,JSMR,RG,3880,37,F,CC,KZ,D
14:37:13,JSMR,RG,3880,250,F,CC,ZP,D
14:37:13,JSMR,RG,3880,20,F,CC,CC,D
14:37:13,JSMR,RG,3880,10,F,CC,PD,D
14:37:13,JSMR,RG,3880,5,F,CC,PD,D
14:37:13,JSMR,RG,3880,45,F,CC,KZ,D
14:37:13,JSMR,RG,3880,20,F,CC,KZ,D
14:37:10,JSMR,RG,3880,1,D,YP,KZ,D
14:37:09,JSMR,RG,3880,25,F,CC,KZ,D
14:37:09,JSMR,RG,3880,20,F,CC,YP,D
14:37:09,JSMR,RG,3880,1,F,CC,KK,D
14:37:09,JSMR,RG,3880,2,F,CC,YP,D
14:37:09,JSMR,RG,3880,2,F,CC,YP,D
14:37:09,JSMR,RG,3880,1,F,CC,YP,D
14:37:09,JSMR,RG,3880,55,F,CC,KZ,D
14:37:09,JSMR,RG,3880,57,F,CC,KZ,D
14:37:09,JSMR,RG,3880,100,F,CC,CC,D
14:37:09,JSMR,RG,3880,10,F,CC,CC,D
14:37:09,JSMR,RG,3880,2,F,CC,YP,D
14:37:09,JSMR,RG,3880,1,F,CC,YP,D
14:37:09,JSMR,RG,3880,100,F,CC,DH,D
14:37:09,JSMR,RG,3880,1,F,CC,KK,D
14:37:09,JSMR,RG,3880,1,F,CC,KK,D
14:37:09,JSMR,RG,3880,3,F,CC,PD,D
14:37:09,JSMR,RG,3880,50,F,CC,SQ,D
14:37:09,JSMR,RG,3880,9,F,CC,KZ,D
14:37:09,JSMR,RG,3880,10,F,CC,KZ,D
14:37:09,JSMR,RG,3880,50,F,CC,IT,D
14:36:54,JSMR,RG,3870,28,F,CC,AZ,D
14:36:54,JSMR,RG,3870,2,F,CS,AZ,D
14:36:54,JSMR,RG,3870,1,F,CS,AZ,D
14:36:54,JSMR,RG,3870,165,D,BB,AZ,D
14:36:54,JSMR,RG,3870,2,F,CS,AZ,D
14:36:54,JSMR,RG,3870,3,F,CS,AZ,D
14:36:54,JSMR,RG,3870,15,D,PD,AZ,D
14:36:54,JSMR,RG,3870,10,D,YU,AZ,D
14:36:54,JSMR,RG,3870,24,D,MG,AZ,D
14:36:05,JSMR,RG,3870,1,D,MG,ZP,D
14:36:05,JSMR,RG,3870,26,D,DR,ZP,D
14:36:05,JSMR,RG,3870,127,D,BB,ZP,D
14:36:05,JSMR,RG,3870,1,F,CS,ZP,D
14:36:05,JSMR,RG,3870,3,F,CS,ZP,D
14:36:05,JSMR,RG,3870,2,F,CS,ZP,D
14:36:05,JSMR,RG,3870,3,F,CS,ZP,D
14:36:05,JSMR,RG,3870,87,D,EP,ZP,D
14:35:48,JSMR,RG,3870,100,D,EP,CC,D
14:35:43,JSMR,RG,3870,20,D,EP,YP,D
14:35:27,JSMR,RG,3870,21,D,EP,AK,D
14:35:27,JSMR,RG,3870,22,D,EP,AK,D
14:35:18,JSMR,RG,3870,14,F,CS,AK,D
14:35:18,JSMR,RG,3870,14,F,CS,AK,D
14:35:18,JSMR,RG,3870,9,D,BB,AK,D
14:35:18,JSMR,RG,3870,16,D,BB,AK,D
14:35:18,JSMR,RG,3870,56,D,BB,AK,F
14:35:18,JSMR,RG,3870,5,D,BB,KK,D
14:35:18,JSMR,RG,3870,50,D,BB,EP,D
14:35:18,JSMR,RG,3870,5,D,BB,PD,D
14:35:18,JSMR,RG,3870,10,D,BB,PD,D
14:35:18,JSMR,RG,3870,8,D,BB,DR,D
14:35:18,JSMR,RG,3870,3,D,BB,DH,D
14:35:18,JSMR,RG,3870,10,D,BB,CC,D
14:35:18,JSMR,RG,3870,6,D,BB,AK,D
14:35:18,JSMR,RG,3870,88,D,BB,AK,F
14:35:18,JSMR,RG,3870,3,D,BB,XC,D
14:35:18,JSMR,RG,3870,1000,D,BB,PC,D
14:35:18,JSMR,RG,3870,100,D,BB,CC,D
14:35:18,JSMR,RG,3870,15,D,BB,CC,D
14:35:18,JSMR,RG,3870,27,D,BB,AK,D
14:35:18,JSMR,RG,3870,70,D,BB,AZ,D
14:35:03,JSMR,RG,3870,30,F,AK,AZ,D
14:35:03,JSMR,RG,3870,58,F,AK,YP,D
14:35:02,JSMR,RG,3860,20,F,CC,DR,D
14:35:01,JSMR,RG,3870,42,D,BB,YP,D
14:35:01,JSMR,RG,3870,12,D,BB,AK,F
14:35:01,JSMR,RG,3870,1,D,BB,OD,D
14:35:01,JSMR,RG,3870,15,D,BB,CC,D
14:35:01,JSMR,RG,3870,2,D,BB,PD,D
14:35:01,JSMR,RG,3870,40,D,BB,CC,D
14:35:01,JSMR,RG,3870,2,D,BB,PD,D
14:35:01,JSMR,RG,3870,10,D,BB,CC,D
14:35:01,JSMR,RG,3870,140,D,BB,XC,D
14:35:01,JSMR,RG,3870,2,D,BB,ZP,D
14:35:01,JSMR,RG,3870,3,D,BB,CC,D
14:35:01,JSMR,RG,3870,2,D,BB,PD,D
14:35:01,JSMR,RG,3870,2,D,BB,OD,D
14:35:01,JSMR,RG,3870,5,D,BB,SQ,D
14:35:01,JSMR,RG,3870,4,D,BB,PD,D
14:35:01,JSMR,RG,3870,33,D,BB,AK,D
14:35:01,JSMR,RG,3870,1,D,BB,XC,D
14:35:01,JSMR,RG,3870,100,D,BB,DR,D
14:35:01,JSMR,RG,3870,1,D,BB,XC,D
14:35:01,JSMR,RG,3870,5,D,BB,PD,D
14:35:01,JSMR,RG,3870,20,D,BB,OD,D
14:35:01,JSMR,RG,3870,7,D,BB,XC,D
14:35:01,JSMR,RG,3870,1,D,BB,PD,D
14:35:01,JSMR,RG,3870,4,D,BB,CC,D
14:35:01,JSMR,RG,3870,250,D,BB,ZP,D
14:35:01,JSMR,RG,3870,2,D,BB,KK,D
14:35:01,JSMR,RG,3870,45,D,BB,CC,D
14:35:01,JSMR,RG,3870,64,D,BB,YP,D
14:35:01,JSMR,RG,3870,13,D,BB,YB,D
14:35:01,JSMR,RG,3870,1,D,BB,ZP,D
14:35:01,JSMR,RG,3870,30,D,BB,CC,D
14:35:01,JSMR,RG,3870,7,D,BB,CC,D
14:35:01,JSMR,RG,3870,1,D,BB,ZP,D
14:35:01,JSMR,RG,3870,5,D,BB,YP,D
14:35:01,JSMR,RG,3870,100,D,BB,SQ,D
14:35:01,JSMR,RG,3870,2,D,BB,KK,D
14:35:01,JSMR,RG,3870,13,D,BB,YP,D
14:35:01,JSMR,RG,3870,2,D,BB,XC,D
14:35:01,JSMR,RG,3870,5,D,BB,XC,D
14:35:01,JSMR,RG,3870,35,D,BB,DR,D
14:35:01,JSMR,RG,3870,18,D,BB,AK,D
14:35:01,JSMR,RG,3870,8,D,BB,AK,D
14:35:01,JSMR,RG,3870,15,D,BB,AK,D
14:35:01,JSMR,RG,3870,40,D,BB,YP,D
14:35:01,JSMR,RG,3870,1,D,BB,NI,D
14:35:01,JSMR,RG,3870,4,D,BB,KK,D
14:35:01,JSMR,RG,3870,2,D,BB,PD,D
14:35:01,JSMR,RG,3870,15,D,BB,CC,D
14:35:01,JSMR,RG,3870,5,D,BB,CC,D
14:35:01,JSMR,RG,3870,5,D,BB,PD,D
14:35:01,JSMR,RG,3870,5,D,BB,PD,D
14:35:01,JSMR,RG,3870,4,D,BB,OD,D
14:35:01,JSMR,RG,3870,8,D,BB,PD,D
14:35:01,JSMR,RG,3870,10,D,BB,PD,D
14:35:01,JSMR,RG,3870,40,D,BB,CC,D
14:35:01,JSMR,RG,3870,4,D,BB,XC,D
14:35:01,JSMR,RG,3870,25,D,BB,LG,D
14:35:01,JSMR,RG,3870,3,D,BB,PD,D
14:35:01,JSMR,RG,3870,10,D,BB,XC,D
14:35:01,JSMR,RG,3870,1,D,BB,KK,D
14:35:01,JSMR,RG,3870,10,D,BB,SQ,D
14:35:01,JSMR,RG,3870,85,D,BB,OD,D
14:35:01,JSMR,RG,3870,12,D,BB,OD,D
14:35:01,JSMR,RG,3870,15,D,BB,XL,D
14:35:01,JSMR,RG,3870,2,D,BB,CC,D
14:35:01,JSMR,RG,3870,1,D,BB,NI,D
14:35:01,JSMR,RG,3870,2,D,BB,YP,D
14:35:01,JSMR,RG,3870,10,D,BB,PD,D
14:35:01,JSMR,RG,3870,20,D,BB,PD,D
14:35:01,JSMR,RG,3870,8,D,BB,YP,D
14:35:01,JSMR,RG,3870,3,D,BB,XC,D
14:35:01,JSMR,RG,3870,25,D,BB,AF,D
14:35:01,JSMR,RG,3870,100,D,BB,LG,D
14:35:01,JSMR,RG,3870,1,D,BB,PD,D
14:35:01,JSMR,RG,3870,50,D,BB,OD,D
14:35:01,JSMR,RG,3870,10,D,BB,YP,D
14:35:01,JSMR,RG,3870,5,D,BB,NI,D
14:35:01,JSMR,RG,3870,2,D,BB,NI,D
14:35:01,JSMR,RG,3870,1,D,BB,KK,D
14:35:01,JSMR,RG,3870,2,D,BB,AR,D
14:35:01,JSMR,RG,3870,5,D,BB,CC,D
14:35:01,JSMR,RG,3870,1,D,BB,CC,D
14:35:01,JSMR,RG,3870,50,D,BB,PD,D
14:35:01,JSMR,RG,3870,21,D,BB,DH,D
14:35:01,JSMR,RG,3870,1,D,BB,XC,D
14:35:01,JSMR,RG,3870,20,D,BB,DR,D
14:35:01,JSMR,RG,3870,5,D,BB,DR,D
14:35:01,JSMR,RG,3870,1,D,BB,XC,D
14:35:01,JSMR,RG,3870,1,D,BB,GR,D
14:35:01,JSMR,RG,3870,1,D,BB,YP,D
14:35:01,JSMR,RG,3870,7,D,BB,XC,D
14:35:01,JSMR,RG,3870,1,D,BB,KK,D
14:35:01,JSMR,RG,3870,23,D,BB,SQ,D
14:35:01,JSMR,RG,3870,2,D,BB,XC,D
14:35:01,JSMR,RG,3870,5,D,BB,BQ,D
14:35:01,JSMR,RG,3870,6,D,BB,CC,D
14:35:01,JSMR,RG,3870,1,D,BB,XL,D
14:35:01,JSMR,RG,3870,10,D,BB,HP,D
14:35:01,JSMR,RG,3870,1,D,BB,PD,D
14:35:01,JSMR,RG,3870,20,D,BB,DR,D
14:35:01,JSMR,RG,3870,1,D,BB,XC,D
14:35:01,JSMR,RG,3870,40,D,BB,YP,D
14:35:01,JSMR,RG,3870,1,D,BB,NI,D
14:35:01,JSMR,RG,3870,16,D,BB,PD,D
14:35:01,JSMR,RG,3870,1,D,BB,XC,D
14:35:01,JSMR,RG,3870,2,D,BB,PD,D
14:35:01,JSMR,RG,3870,25,D,BB,YJ,D
14:35:01,JSMR,RG,3870,10,D,BB,XL,D
14:35:01,JSMR,RG,3870,4,D,BB,CC,D
14:35:01,JSMR,RG,3870,1,D,BB,PD,D
14:35:01,JSMR,RG,3870,7,D,BB,AZ,D
14:35:01,JSMR,RG,3870,1,D,BB,SQ,D
14:35:01,JSMR,RG,3870,10,D,BB,CC,D
14:35:01,JSMR,RG,3870,4,D,BB,BQ,D
14:35:01,JSMR,RG,3870,2,D,BB,YP,D
14:35:01,JSMR,RG,3870,1,D,BB,XC,D
14:35:01,JSMR,RG,3870,1,D,BB,YP,D
14:35:01,JSMR,RG,3870,1,D,BB,PD,D
14:35:01,JSMR,RG,3870,10,D,BB,GR,D
14:35:01,JSMR,RG,3870,1,D,BB,YP,D
14:35:01,JSMR,RG,3870,12,D,BB,SQ,D
14:35:01,JSMR,RG,3870,5,D,BB,CC,D
14:35:01,JSMR,RG,3870,1,D,BB,YP,D
14:35:01,JSMR,RG,3870,5,D,BB,KK,D
14:35:01,JSMR,RG,3870,1,D,BB,YP,D
14:35:01,JSMR,RG,3870,5,D,BB,BQ,D
14:35:01,JSMR,RG,3870,24,D,BB,NI,D
14:35:01,JSMR,RG,3870,90,D,BB,XL,D
14:35:01,JSMR,RG,3870,1,D,BB,DH,D
14:35:01,JSMR,RG,3870,1,D,BB,KK,D
14:35:01,JSMR,RG,3870,1,D,BB,YP,D
14:35:01,JSMR,RG,3870,20,D,BB,IP,D
14:35:01,JSMR,RG,3870,1,D,BB,YP,D
14:35:01,JSMR,RG,3870,116,D,BB,LG,D
14:34:48,JSMR,RG,3860,15,F,CC,HP,D
14:34:40,JSMR,RG,3860,1,F,CC,XL,D
14:34:16,JSMR,RG,3860,20,F,CC,AI,D
14:32:11,JSMR,RG,3860,2,F,CC,XC,D
14:32:00,JSMR,RG,3860,5,F,CC,CC,D
14:31:27,JSMR,RG,3860,1,F,CC,AK,F
14:31:26,JSMR,RG,3860,47,F,CC,AK,D
14:31:25,JSMR,RG,3860,10,F,CC,CC,D
14:31:04,JSMR,RG,3860,3,F,CC,KK,D
14:30:45,JSMR,RG,3860,36,F,CC,AK,D
14:30:39,JSMR,RG,3870,20,D,HP,LG,D
14:30:38,JSMR,RG,3860,19,F,CC,DR,D
14:29:45,JSMR,RG,3860,73,F,CC,AK,D
14:29:36,JSMR,RG,3860,143,F,CC,ZP,D
14:29:36,JSMR,RG,3860,50,D,PD,ZP,D
14:29:36,JSMR,RG,3860,3,F,CS,ZP,D
14:29:36,JSMR,RG,3860,3,F,CS,ZP,D
14:29:36,JSMR,RG,3860,1,F,CS,ZP,D
14:29:36,JSMR,RG,3860,300,D,CC,ZP,D
14:29:16,JSMR,RG,3860,56,D,CC,CC,D
14:29:15,JSMR,RG,3860,8,D,CC,AK,D
14:28:48,JSMR,RG,3860,20,D,CC,EP,D
14:28:43,JSMR,RG,3860,500,D,CC,ZP,D
14:28:34,JSMR,RG,3860,5,D,CC,DR,D
14:28:32,JSMR,RG,3860,35,D,CC,DR,D
14:28:24,JSMR,RG,3870,1,D,NI,LG,D
14:28:01,JSMR,RG,3870,1,D,YP,LG,D
14:27:18,JSMR,RG,3870,5,D,PD,LG,D
14:26:51,JSMR,RG,3870,2,D,AZ,LG,D
14:26:36,JSMR,RG,3870,10,D,PD,LG,D
14:26:20,JSMR,RG,3860,47,D,CC,AK,D
14:25:24,JSMR,RG,3870,1,D,PD,LG,D
14:25:21,JSMR,RG,3870,5,D,LG,LG,D
14:25:12,JSMR,RG,3860,29,D,CC,PD,D
14:25:12,JSMR,RG,3860,1,D,PD,PD,D
14:25:12,JSMR,RG,3860,2,D,YP,PD,D
14:24:54,JSMR,RG,3860,1,D,YP,PD,D
14:24:54,JSMR,RG,3860,4,D,DR,PD,D
14:24:31,JSMR,RG,3860,73,D,DR,LG,D
14:24:31,JSMR,RG,3860,1,D,YP,LG,D
14:24:31,JSMR,RG,3860,1,D,XC,LG,D
14:24:31,JSMR,RG,3860,9,D,DH,LG,D
14:24:31,JSMR,RG,3860,1,F,CS,LG,D
14:24:31,JSMR,RG,3860,1,F,CS,LG,D
14:24:31,JSMR,RG,3860,3,F,CS,LG,D
14:24:31,JSMR,RG,3860,2,F,CS,LG,D
14:24:31,JSMR,RG,3860,2,F,CS,LG,D
14:24:31,JSMR,RG,3860,12,D,NI,LG,D
14:24:31,JSMR,RG,3860,6,F,CS,LG,D
14:24:31,JSMR,RG,3860,3,F,CS,LG,D
14:24:31,JSMR,RG,3860,86,D,PD,LG,D
14:24:08,JSMR,RG,3860,5,D,PD,PD,D
14:23:35,JSMR,RG,3860,9,D,PD,XL,D
14:23:35,JSMR,RG,3860,3,D,PD,XL,D
14:23:30,JSMR,RG,3860,1,D,PD,PD,D
14:22:54,JSMR,RG,3860,1,D,PD,BQ,D
14:22:54,JSMR,RG,3860,2,F,CS,BQ,D
14:22:54,JSMR,RG,3860,5,D,DR,BQ,D
14:22:31,JSMR,RG,3860,1,F,CS,DR,D
14:22:31,JSMR,RG,3860,1,F,CS,DR,D
14:22:31,JSMR,RG,3860,1,F,CS,DR,D
14:22:31,JSMR,RG,3860,2,F,CS,DR,D
14:22:31,JSMR,RG,3860,20,D,LG,DR,D
14:22:30,JSMR,RG,3860,29,D,LG,AK,D
14:22:21,JSMR,RG,3860,1,D,LG,XC,D
14:22:20,JSMR,RG,3860,15,D,LG,AG,D
14:22:20,JSMR,RG,3860,5,D,PD,AG,D
14:22:20,JSMR,RG,3860,2,F,CS,AG,D
14:22:20,JSMR,RG,3860,1,F,CS,AG,D
14:22:20,JSMR,RG,3860,477,F,CC,AG,D
14:22:06,JSMR,RG,3860,2,F,CC,PD,D
14:22:02,JSMR,RG,3860,1,F,CC,EP,D
14:21:49,JSMR,RG,3860,20,F,CC,CC,D
14:21:49,JSMR,RG,3860,2,F,CS,CC,D
14:21:49,JSMR,RG,3860,1,F,CS,CC,D
14:21:49,JSMR,RG,3860,1,F,CS,CC,D
14:21:49,JSMR,RG,3860,5,D,YP,CC,D
14:21:49,JSMR,RG,3860,1,D,KK,CC,D
14:21:49,JSMR,RG,3860,5,D,CC,CC,D
14:21:24,JSMR,RG,3860,45,D,CC,CC,D
14:20:50,JSMR,RG,3860,38,D,CC,AK,D
14:20:46,JSMR,RG,3860,4,D,CC,DR,D
14:20:44,JSMR,RG,3860,30,D,CC,DR,D
14:19:51,JSMR,RG,3870,1,D,PD,LG,D
14:19:40,JSMR,RG,3860,10,D,CC,YP,D
14:19:30,JSMR,RG,3860,3,D,CC,PD,D
14:19:00,JSMR,RG,3860,83,D,CC,AK,D
14:18:38,JSMR,RG,3860,80,D,CC,PD,D
14:17:00,JSMR,RG,3860,15,D,CC,AK,D
14:16:44,JSMR,RG,3860,1,D,CC,CC,D
14:16:20,JSMR,RG,3860,10,D,CC,CC,D
14:16:06,JSMR,RG,3860,10,D,CC,CC,D
14:15:50,JSMR,RG,3860,10,D,CC,CC,D
14:15:09,JSMR,RG,3860,10,D,CC,YP,D
14:14:23,JSMR,RG,3860,8,D,CC,DR,D
14:14:22,JSMR,RG,3860,11,D,CC,DR,D
14:14:19,JSMR,RG,3870,1,D,BQ,LG,D
14:13:30,JSMR,RG,3860,97,D,CC,AK,D
14:13:12,JSMR,RG,3870,37,D,CP,LG,D
14:13:12,JSMR,RG,3870,2,D,CP,KK,D
14:13:12,JSMR,RG,3870,11,D,CP,ZP,D
14:12:43,JSMR,RG,3870,5,D,PD,ZP,D
14:12:14,JSMR,RG,3860,1,D,CC,DH,D
14:12:00,JSMR,RG,3860,18,D,CC,AK,D
14:11:50,JSMR,RG,3860,11,D,CC,AK,D
14:11:50,JSMR,RG,3860,2,F,CS,AK,D
14:11:50,JSMR,RG,3860,5,F,CS,AK,D
14:11:50,JSMR,RG,3860,2,F,CS,AK,D
14:11:50,JSMR,RG,3860,2,F,CS,AK,D
14:11:50,JSMR,RG,3860,2,F,CS,AK,D
14:11:50,JSMR,RG,3860,10,D,CC,AK,D
14:11:50,JSMR,RG,3860,1,F,CS,AK,D
14:11:50,JSMR,RG,3860,6,F,CS,AK,D
14:11:38,JSMR,RG,3860,4,F,CS,DR,D
14:11:38,JSMR,RG,3860,2,F,CS,DR,D
14:11:38,JSMR,RG,3860,33,F,CC,DR,D
14:11:32,JSMR,RG,3860,5,F,CC,PD,D
14:11:23,JSMR,RG,3870,1,D,PD,ZP,D
14:11:14,JSMR,RG,3860,5,F,CC,PD,D
14:10:37,JSMR,RG,3860,6,F,CC,XC,D
14:10:19,JSMR,RG,3860,5,F,CC,NI,D
14:10:17,JSMR,RG,3860,2,F,CC,YP,D
14:09:48,JSMR,RG,3860,5,F,CC,BQ,D
14:09:29,JSMR,RG,3860,300,F,CC,ZP,D
14:09:07,JSMR,RG,3860,10,F,CC,NI,D
14:09:04,JSMR,RG,3860,5,F,CC,BQ,D
14:08:58,JSMR,RG,3860,5,F,CC,BQ,D
14:08:57,JSMR,RG,3860,3,F,CC,CC,D
14:08:42,JSMR,RG,3860,1,F,CC,XC,D
14:08:34,JSMR,RG,3860,50,F,CC,KK,D
14:08:32,JSMR,RG,3870,1,D,XC,ZP,D
14:08:30,JSMR,RG,3860,25,F,CC,YJ,D
14:08:04,JSMR,RG,3860,40,F,CC,ZP,D
14:08:04,JSMR,RG,3860,25,D,MG,ZP,D
14:08:04,JSMR,RG,3860,5,D,LG,ZP,D
14:08:04,JSMR,RG,3860,25,D,YB,ZP,D
14:08:04,JSMR,RG,3860,3,F,CS,ZP,D
14:08:04,JSMR,RG,3860,5,D,PD,ZP,D
14:08:04,JSMR,RG,3860,2,F,CS,ZP,D
14:08:04,JSMR,RG,3860,72,D,DH,ZP,D
14:08:04,JSMR,RG,3860,1,D,XC,ZP,D
14:08:04,JSMR,RG,3860,2,D,CC,ZP,D
14:08:04,JSMR,RG,3860,1,D,YB,ZP,D
14:08:04,JSMR,RG,3860,2,F,CS,ZP,D
14:08:04,JSMR,RG,3860,4,F,CS,ZP,D
14:08:04,JSMR,RG,3860,62,F,AK,ZP,D
14:08:04,JSMR,RG,3860,1,D,YB,ZP,D
14:07:54,JSMR,RG,3860,8,D,YB,YP,D
14:07:27,JSMR,RG,3860,20,D,YB,YP,D
14:06:56,JSMR,RG,3860,6,D,YB,DR,D
14:05:46,JSMR,RG,3870,1,D,NI,ZP,D
14:05:08,JSMR,RG,3860,18,D,YB,DR,D
14:03:30,JSMR,RG,3860,1,D,YB,XC,D
14:02:22,JSMR,RG,3860,10,D,YB,BQ,D
14:01:05,JSMR,RG,3870,231,D,PD,ZP,D
14:01:05,JSMR,RG,3870,15,D,PD,HP,D
14:01:05,JSMR,RG,3870,5,D,PD,PD,D
14:01:05,JSMR,RG,3870,15,D,PD,YP,D
14:01:05,JSMR,RG,3870,2,D,PD,PD,D
14:01:05,JSMR,RG,3870,1,D,PD,CC,D
14:01:05,JSMR,RG,3870,5,D,PD,YP,D
14:01:05,JSMR,RG,3870,2,D,PD,YP,D
14:01:05,JSMR,RG,3870,15,D,PD,CC,D
14:01:05,JSMR,RG,3870,9,D,PD,YP,D
14:01:05,JSMR,RG,3870,1,D,PD,YP,D
14:01:05,JSMR,RG,3870,1,D,PD,YP,D
14:01:05,JSMR,RG,3870,1,D,PD,YP,D
14:01:05,JSMR,RG,3870,1,D,PD,YP,D
14:01:05,JSMR,RG,3870,2,D,PD,PD,D
14:01:05,JSMR,RG,3870,1,D,PD,KK,D
14:01:05,JSMR,RG,3870,2,D,PD,YP,D
14:01:05,JSMR,RG,3870,15,D,PD,SQ,D
14:01:05,JSMR,RG,3870,1,D,PD,YP,D
13:59:52,JSMR,RG,3860,3,D,YB,XC,D
13:59:43,JSMR,RG,3860,1,D,YB,LS,D
13:59:18,JSMR,RG,3860,5,D,YB,CC,D
13:59:18,JSMR,RG,3860,20,D,YB,AK,D
13:59:18,JSMR,RG,3860,7,D,YB,AK,D
13:59:12,JSMR,RG,3860,1,F,CS,AK,D
13:59:12,JSMR,RG,3860,5,F,CS,KK,D
13:59:12,JSMR,RG,3860,1,F,CS,KK,D
13:59:12,JSMR,RG,3860,1,F,CS,KK,D
13:59:12,JSMR,RG,3860,4,F,CS,KK,D
13:59:11,JSMR,RG,3860,14,D,CC,KK,D
13:59:11,JSMR,RG,3860,16,D,CC,AK,D
13:59:11,JSMR,RG,3860,9,D,CC,AK,D
13:59:11,JSMR,RG,3860,20,D,CC,AK,D
13:59:11,JSMR,RG,3860,5,D,CC,EP,D
13:59:11,JSMR,RG,3860,34,D,CC,DR,D
13:59:11,JSMR,RG,3860,3,D,CC,XC,D
13:59:11,JSMR,RG,3860,5,D,CC,CC,D
13:59:11,JSMR,RG,3860,5,D,CC,XC,D
13:59:11,JSMR,RG,3860,30,D,CC,YP,D
13:59:11,JSMR,RG,3860,5,D,CC,XC,D
13:59:11,JSMR,RG,3860,5,D,CC,YP,D
13:59:11,JSMR,RG,3860,1,D,CC,PD,D
13:59:11,JSMR,RG,3860,2,D,CC,YP,D
13:59:11,JSMR,RG,3860,1,D,CC,AZ,D
13:59:11,JSMR,RG,3860,250,D,CC,ZP,D
13:59:11,JSMR,RG,3860,1,D,CC,KK,D
13:59:11,JSMR,RG,3860,500,D,CC,DH,D
13:59:11,JSMR,RG,3860,5,D,CC,NI,D
13:59:11,JSMR,RG,3860,5,D,CC,PD,D
13:59:11,JSMR,RG,3860,69,D,CC,KK,D
13:59:11,JSMR,RG,3860,14,D,CC,OD,D
13:59:11,JSMR,RG,3860,1,D,CC,SQ,D
13:59:11,JSMR,RG,3860,250,D,CC,ZP,D
13:59:11,JSMR,RG,3860,100,D,CC,CC,D
13:59:11,JSMR,RG,3860,3,D,CC,YP,D
13:59:11,JSMR,RG,3860,100,D,CC,CC,D
13:59:11,JSMR,RG,3860,10,D,CC,YP,D
13:59:11,JSMR,RG,3860,20,D,CC,PD,D
13:59:11,JSMR,RG,3860,17,D,CC,CC,D
13:58:58,JSMR,RG,3850,10,F,SQ,YP,D
13:56:49,JSMR,RG,3850,12,F,SQ,PD,D
13:56:08,JSMR,RG,3850,25,F,SQ,DR,D
13:56:08,JSMR,RG,3850,71,F,SQ,AK,D
13:56:08,JSMR,RG,3850,165,F,SQ,AK,D
13:56:07,JSMR,RG,3850,2,F,SQ,PD,D
13:56:07,JSMR,RG,3850,10,F,SQ,CC,D
13:56:07,JSMR,RG,3850,30,F,SQ,IF,D
13:56:07,JSMR,RG,3850,50,F,SQ,KK,D
13:56:07,JSMR,RG,3850,20,F,SQ,AK,D
13:56:07,JSMR,RG,3850,8,F,SQ,AK,D
13:56:07,JSMR,RG,3850,18,F,SQ,XC,D
13:56:07,JSMR,RG,3850,27,F,SQ,AK,D
13:56:07,JSMR,RG,3850,63,F,SQ,AK,D
13:56:07,JSMR,RG,3850,16,F,SQ,AK,D
13:56:07,JSMR,RG,3850,20,F,SQ,ZP,D
13:56:07,JSMR,RG,3850,18,F,SQ,GR,D
13:56:07,JSMR,RG,3850,250,F,SQ,ZP,D
13:56:07,JSMR,RG,3850,34,F,SQ,DR,D
13:56:07,JSMR,RG,3850,1,F,SQ,YP,D
13:56:07,JSMR,RG,3850,10,F,SQ,YP,D
13:56:07,JSMR,RG,3850,5,F,SQ,DR,D
13:56:00,JSMR,RG,3840,76,D,CC,AK,D
13:56:00,JSMR,RG,3840,34,D,YP,AK,D
13:55:49,JSMR,RG,3850,8,F,CS,DR,D
13:55:24,JSMR,RG,3840,3,D,YP,CC,D
13:53:53,JSMR,RG,3840,13,D,YP,XC,D
13:53:30,JSMR,RG,3850,8,F,CS,DR,D
13:53:30,JSMR,RG,3840,5,D,YP,AK,D
13:53:30,JSMR,RG,3840,5,D,DX,AK,D
13:53:30,JSMR,RG,3840,1,D,XC,AK,D
13:53:30,JSMR,RG,3840,8,D,CC,AK,D
13:53:21,JSMR,RG,3850,35,D,LG,DR,D
13:53:17,JSMR,RG,3850,35,D,LG,DR,D
13:53:00,JSMR,RG,3840,7,D,CC,CC,D
13:52:54,JSMR,RG,3840,1,D,CC,PD,D
13:52:13,JSMR,RG,3840,23,D,CC,DR,D
13:50:52,JSMR,RG,3840,10,D,CC,DR,D
13:50:50,JSMR,RG,3840,31,D,CC,DR,D
13:50:46,JSMR,RG,3850,8,F,CS,DR,D
13:50:38,JSMR,RG,3840,1,D,CC,XC,D
13:47:38,JSMR,RG,3840,2,D,CC,CC,D
13:47:30,JSMR,RG,3840,100,D,CC,NI,D
13:46:34,JSMR,RG,3850,1,D,NI,DR,D
13:45:40,JSMR,RG,3850,3,D,PD,DR,D
13:44:55,JSMR,RG,3850,4,D,PD,DR,D
13:44:19,JSMR,RG,3840,17,D,CC,DR,D
13:44:19,JSMR,RG,3840,9,D,YP,DR,D
13:43:04,JSMR,RG,3840,11,D,YP,DR,D
13:43:04,JSMR,RG,3840,3,D,NI,DR,D
13:43:02,JSMR,RG,3840,5,D,NI,DR,D
13:43:02,JSMR,RG,3840,26,F,CC,DR,D
13:43:00,JSMR,RG,3840,1,F,CC,XC,D
13:41:22,JSMR,RG,3840,350,F,CC,YJ,D
13:40:52,JSMR,RG,3850,15,D,PD,DR,D
13:40:52,JSMR,RG,3850,2,D,XC,DR,D
13:38:14,JSMR,RG,3840,1,F,CC,CC,D
13:37:56,JSMR,RG,3850,1,D,YP,DR,D
13:37:53,JSMR,RG,3850,26,D,NI,DR,D
13:37:30,JSMR,RG,3850,73,F,AK,DR,D
13:36:54,JSMR,RG,3850,5,D,YP,DR,D
13:36:45,JSMR,RG,3850,171,F,CC,DR,D
13:36:45,JSMR,RG,3850,1,F,CC,XL,D
13:36:45,JSMR,RG,3850,19,F,CC,AK,D
13:36:45,JSMR,RG,3850,8,F,CC,AK,D
13:36:45,JSMR,RG,3850,46,F,CC,AK,D
13:36:45,JSMR,RG,3850,20,F,CC,AK,D
13:36:45,JSMR,RG,3850,13,F,CC,PD,D
13:36:45,JSMR,RG,3850,222,F,CC,AZ,D
13:36:12,JSMR,RG,3840,3,F,CC,XC,D
13:33:56,JSMR,RG,3840,26,F,CC,DR,D
13:33:37,JSMR,RG,3840,14,F,CC,CD,D
13:32:58,JSMR,RG,3840,30,F,CC,NI,D
13:32:30,JSMR,RG,3850,13,D,XA,AZ,D
13:32:07,JSMR,RG,3840,32,F,CC,TF,D
13:31:52,JSMR,RG,3850,4,D,YP,AZ,D
13:31:50,JSMR,RG,3840,17,F,CC,TF,D
13:31:50,JSMR,RG,3840,15,D,AG,TF,D
13:31:33,JSMR,RG,3840,32,D,AG,TF,D
13:31:17,JSMR,RG,3840,32,D,AG,TF,D
13:31:03,JSMR,RG,3840,32,D,AG,TF,D
13:30:11,JSMR,RG,3850,50,D,CC,AZ,D
13:30:09,JSMR,RG,3850,2,D,YP,AZ,D
13:30:07,JSMR,RG,3850,20,D,YP,AZ,D
13:30:06,JSMR,RG,3850,2,D,XL,AZ,D
13:30:06,JSMR,RG,3850,5,D,XL,AZ,D
13:30:06,JSMR,RG,3840,17,D,AG,AK,D
13:30:04,JSMR,RG,3850,3,D,KK,AZ,D
13:30:04,JSMR,RG,3850,5,D,PD,AZ,D
13:30:04,JSMR,RG,3850,1,D,PD,AZ,D
13:30:04,JSMR,RG,3850,5,D,PD,AZ,D
13:30:04,JSMR,RG,3850,4,D,KK,AZ,D
13:30:04,JSMR,RG,3850,400,D,CC,AZ,D
13:30:04,JSMR,RG,3850,1,D,XC,AZ,D
13:30:04,JSMR,RG,3850,100,D,PD,AZ,D
13:30:04,JSMR,RG,3850,5,D,PD,AZ,D
13:30:04,JSMR,RG,3850,2,D,KK,AZ,D
13:30:04,JSMR,RG,3850,2,D,KK,AZ,D
13:30:04,JSMR,RG,3850,1,D,XA,AZ,D
13:30:04,JSMR,RG,3850,3,D,KK,AZ,D
13:30:04,JSMR,RG,3850,1,D,NI,AZ,D
13:30:04,JSMR,RG,3850,4,F,CS,AZ,D
13:30:04,JSMR,RG,3850,35,D,LG,AZ,D
13:30:04,JSMR,RG,3850,4,F,CS,AZ,D
13:30:04,JSMR,RG,3850,3,F,CS,AZ,D
13:30:04,JSMR,RG,3850,4,F,CS,AZ,D
13:30:04,JSMR,RG,3850,1,D,XL,AZ,D
13:30:04,JSMR,RG,3850,3,F,CS,AZ,D
13:30:04,JSMR,RG,3850,95,F,SQ,AZ,D
13:30:03,JSMR,RG,3850,5,F,SQ,AK,D
13:30:03,JSMR,RG,3850,2,D,XL,AK,D
13:30:03,JSMR,RG,3850,2,F,CS,AK,D
13:30:03,JSMR,RG,3850,5,F,CS,AK,D
13:30:03,JSMR,RG,3850,13,D,LG,AK,D
13:30:03,JSMR,RG,3850,2,D,YJ,AK,D
13:30:03,JSMR,RG,3850,2,D,PD,AK,D
13:30:03,JSMR,RG,3850,9,D,LG,AK,D
13:30:03,JSMR,RG,3850,5,D,LG,EP,D
13:30:03,JSMR,RG,3850,2,D,LG,DH,D
13:30:03,JSMR,RG,3850,15,D,LG,KK,D
13:30:03,JSMR,RG,3850,4,D,LG,YP,D
13:30:03,JSMR,RG,3850,5,F,CS,YP,D
13:30:03,JSMR,RG,3850,260,D,GR,YP,D
13:30:03,JSMR,RG,3850,4,F,CS,YP,D
13:30:03,JSMR,RG,3850,2,F,CS,YP,D
13:30:03,JSMR,RG,3850,25,D,CC,YP,D
13:30:02,JSMR,RG,3850,175,D,CC,GR,D
13:30:02,JSMR,RG,3850,3,F,CS,GR,D
13:30:02,JSMR,RG,3850,5,F,CS,GR,D
13:30:02,JSMR,RG,3850,281,D,CC,GR,D
13:30:02,JSMR,RG,3850,1,D,CC,SQ,D
13:30:02,JSMR,RG,3850,2,D,CC,AK,D
13:30:02,JSMR,RG,3850,1,D,CC,AK,D
13:30:01,JSMR,RG,3850,1,D,CC,PD,D
13:30:01,JSMR,RG,3860,1,D,KK,CC,D
13:30:01,JSMR,RG,3860,1,D,KK,CC,D
13:30:01,JSMR,RG,3860,1,D,KK,RO,D
13:30:01,JSMR,RG,3860,1,D,KK,LS,D
13:30:01,JSMR,RG,3850,2,D,CC,PD,D
13:30:01,JSMR,RG,3850,1,D,CC,SQ,D
13:30:01,JSMR,RG,3850,1,D,CC,EP,D
11:29:50,JSMR,RG,3850,1,D,CC,AK,D
11:29:50,JSMR,RG,3850,1,D,CC,AK,D
11:29:46,JSMR,RG,3850,1,D,CC,AK,D
11:29:46,JSMR,RG,3850,1,D,CC,AK,D
11:29:45,JSMR,RG,3850,3,D,CC,AK,D
11:29:30,JSMR,RG,3850,1,D,CC,AK,D
11:29:18,JSMR,RG,3850,3,D,CC,XC,D
11:29:15,JSMR,RG,3850,3,D,CC,AK,D
11:29:05,JSMR,RG,3860,2,D,NI,AK,D
11:28:52,JSMR,RG,3850,1,D,CC,BB,D
11:28:50,JSMR,RG,3850,9,D,CC,AK,D
11:28:50,JSMR,RG,3850,1,D,CC,AK,D
11:28:50,JSMR,RG,3850,19,D,CC,AK,D
11:28:35,JSMR,RG,3850,2,D,CC,AK,D
11:28:35,JSMR,RG,3850,4,D,CC,AK,D
11:28:30,JSMR,RG,3850,7,D,CC,AK,D
11:28:01,JSMR,RG,3850,1,D,CC,BB,D
11:27:57,JSMR,RG,3860,7,D,PD,AK,D
11:27:50,JSMR,RG,3850,19,D,CC,AK,D
11:27:35,JSMR,RG,3850,8,D,CC,AK,D
11:27:15,JSMR,RG,3850,9,D,CC,AK,D
11:27:06,JSMR,RG,3850,15,D,CC,CC,D
11:27:05,JSMR,RG,3850,1,D,CC,AK,D
11:27:05,JSMR,RG,3850,3,F,CS,AK,D
11:27:05,JSMR,RG,3850,1,F,CS,AK,D
11:27:05,JSMR,RG,3850,3,D,XC,AK,D
11:27:05,JSMR,RG,3850,2,F,CS,AK,D
11:27:05,JSMR,RG,3850,1,F,CS,AK,D
11:27:05,JSMR,RG,3850,3,F,CS,AK,D
11:27:05,JSMR,RG,3850,5,D,EP,AK,D
11:25:49,JSMR,RG,3850,1,D,EP,BB,D
11:25:40,JSMR,RG,3850,1,D,XL,BQ,D
11:25:40,JSMR,RG,3850,1,F,CS,BQ,D
11:25:36,JSMR,RG,3850,3,F,CS,BQ,D
11:24:54,JSMR,RG,3850,1,F,CS,PD,D
11:24:54,JSMR,RG,3850,3,F,CS,PD,D
11:24:54,JSMR,RG,3850,10,D,DR,PD,D
11:24:54,JSMR,RG,3850,1,D,AT,PD,D
11:23:40,JSMR,RG,3850,1,D,OD,BB,D
11:23:05,JSMR,RG,3850,35,D,OD,AK,D
11:22:35,JSMR,RG,3850,63,D,OD,AK,D
11:22:35,JSMR,RG,3850,2,D,XC,AK,D
11:22:35,JSMR,RG,3850,29,D,SQ,AK,D
11:21:10,JSMR,RG,3850,1,D,SQ,BB,D
11:20:00,JSMR,RG,3850,70,D,SQ,AK,D
11:20:00,JSMR,RG,3850,17,D,LG,AK,D
11:19:46,JSMR,RG,3850,1,D,LG,YP,D
11:18:34,JSMR,RG,3850,1,D,LG,BB,D
11:18:30,JSMR,RG,3850,18,D,LG,AK,D
11:17:05,JSMR,RG,3860,2,D,YJ,AK,D
11:16:10,JSMR,RG,3860,1,D,PD,AK,D
11:16:02,JSMR,RG,3850,1,D,LG,BB,D
11:15:23,JSMR,RG,3850,7,D,LG,CC,D
11:14:58,JSMR,RG,3850,2,D,LG,NI,D
11:14:22,JSMR,RG,3850,1,D,LG,BB,D
11:13:50,JSMR,RG,3850,22,D,LG,AK,D
11:13:50,JSMR,RG,3850,2,D,YP,AK,D
11:13:50,JSMR,RG,3850,7,D,PD,AK,D
11:13:50,JSMR,RG,3850,4,D,EP,AK,D
11:13:50,JSMR,RG,3850,6,D,YP,AK,D
11:13:50,JSMR,RG,3850,7,D,YP,AK,D
11:12:20,JSMR,RG,3850,3,D,YP,AK,D
11:12:20,JSMR,RG,3850,114,D,YP,AK,D
11:11:42,JSMR,RG,3850,1,D,YP,BB,D
11:10:23,JSMR,RG,3850,14,D,YP,CC,D
11:10:23,JSMR,RG,3850,1,D,PD,CC,D
11:10:23,JSMR,RG,3850,1,D,PD,CC,D
11:10:23,JSMR,RG,3850,1,D,PD,CC,D
11:10:23,JSMR,RG,3850,1,F,CC,CC,D
11:09:00,JSMR,RG,3850,1,F,CC,BB,D
11:07:28,JSMR,RG,3850,150,F,CC,DH,D
11:06:00,JSMR,RG,3850,3,F,CC,CC,D
11:05:57,JSMR,RG,3850,345,F,CC,YP,D
11:05:57,JSMR,RG,3850,400,D,CC,YP,D
11:05:57,JSMR,RG,3850,20,D,CC,YP,D
11:05:57,JSMR,RG,3850,500,F,CC,YP,D
11:05:57,JSMR,RG,3850,1,D,PD,YP,D
11:05:57,JSMR,RG,3850,7,D,XC,YP,D
11:05:57,JSMR,RG,3850,1,D,YP,YP,D
11:05:57,JSMR,RG,3850,1,D,LG,YP,D
11:05:57,JSMR,RG,3850,20,D,XC,YP,D
11:05:57,JSMR,RG,3850,10,D,PD,YP,D
11:05:57,JSMR,RG,3850,20,D,PD,YP,D
11:05:57,JSMR,RG,3850,1,D,EP,YP,D
11:05:57,JSMR,RG,3850,1,D,XC,YP,D
11:05:57,JSMR,RG,3850,1,D,PD,YP,D
11:05:57,JSMR,RG,3850,5,D,YP,YP,D
11:05:57,JSMR,RG,3850,5,D,YP,YP,D
11:05:57,JSMR,RG,3850,1,D,ZP,YP,D
11:05:57,JSMR,RG,3850,161,F,CC,YP,D
11:05:08,JSMR,RG,3850,1,F,CC,KK,D
11:04:55,JSMR,RG,3850,3,F,CC,CC,D
11:04:18,JSMR,RG,3850,3,F,CC,CC,D
11:00:37,JSMR,RG,3860,3,D,EP,AK,D
11:00:37,JSMR,RG,3860,1,D,EP,AK,D
11:00:01,JSMR,RG,3860,7,D,AT,AK,D
11:00:01,JSMR,RG,3860,1,D,AT,DR,D
10:59:52,JSMR,RG,3860,11,D,PD,DR,D
10:59:21,JSMR,RG,3860,3,D,DR,DR,D
10:59:21,JSMR,RG,3860,2,D,DR,AK,D
10:59:20,JSMR,RG,3860,4,D,XC,AK,D
10:58:47,JSMR,RG,3860,2,D,PD,AK,D
10:58:47,JSMR,RG,3860,1,D,PD,AK,D
10:58:13,JSMR,RG,3860,19,F,CC,AK,D
10:58:13,JSMR,RG,3860,250,F,CC,ZP,D
10:58:13,JSMR,RG,3860,19,F,CC,CC,D
10:58:13,JSMR,RG,3860,12,F,CC,AK,D
10:57:49,JSMR,RG,3860,7,D,CC,AK,D
10:57:49,JSMR,RG,3860,8,D,CC,AK,D
10:57:49,JSMR,RG,3860,19,D,CC,AK,D
10:57:49,JSMR,RG,3860,26,D,CC,CC,D
10:56:57,JSMR,RG,3860,4,D,PD,CC,D
10:55:46,JSMR,RG,3860,2,F,CS,CC,D
10:55:46,JSMR,RG,3860,1,F,CS,CC,D
10:55:46,JSMR,RG,3860,1,F,CS,CC,D
10:55:45,JSMR,RG,3860,1,F,CS,CC,D
10:55:45,JSMR,RG,3860,2,F,CS,CC,D
10:55:45,JSMR,RG,3860,3,F,CS,CC,D
10:55:45,JSMR,RG,3860,1,D,AT,CC,D
10:55:45,JSMR,RG,3860,9,D,XC,CC,D
10:55:13,JSMR,RG,3860,2,D,XC,KK,D
10:54:54,JSMR,RG,3860,1,D,XC,YP,D
10:54:43,JSMR,RG,3860,2,D,XC,BB,D
10:54:43,JSMR,RG,3860,5,D,XC,YP,D
10:54:43,JSMR,RG,3860,6,D,XC,OD,D
10:54:35,JSMR,RG,3860,7,F,CC,OD,D
10:54:35,JSMR,RG,3860,16,F,CC,AK,D
10:54:35,JSMR,RG,3860,37,F,CC,AK,D
10:54:35,JSMR,RG,3860,31,F,CC,ZP,F
10:54:35,JSMR,RG,3860,2,F,CC,BB,D
10:54:35,JSMR,RG,3860,7,F,CC,NI,D
10:54:17,JSMR,RG,3850,3,F,CC,YP,D
10:53:46,JSMR,RG,3850,1,F,CC,XC,D
10:53:34,JSMR,RG,3860,203,D,CC,NI,D
10:53:32,JSMR,RG,3860,1,D,CC,NI,D
10:53:19,JSMR,RG,3860,67,D,CC,AK,D
10:53:19,JSMR,RG,3860,66,D,CC,AK,D
10:53:19,JSMR,RG,3860,25,D,CC,ZP,F
10:53:19,JSMR,RG,3860,1,D,CC,GR,D
10:53:19,JSMR,RG,3860,17,D,CC,ZP,F
10:53:19,JSMR,RG,3860,28,D,CC,AK,D
10:53:19,JSMR,RG,3860,8,D,CC,AK,D
10:53:19,JSMR,RG,3860,66,D,CC,AK,D
10:53:19,JSMR,RG,3860,19,D,CC,AK,D
10:53:19,JSMR,RG,3860,10,D,CC,YP,D
10:53:19,JSMR,RG,3860,11,D,CC,BB,D
10:53:19,JSMR,RG,3860,78,D,CC,NI,D
10:53:06,JSMR,RG,3850,10,F,CC,BB,D
10:53:04,JSMR,RG,3860,1,F,CS,NI,D
10:53:04,JSMR,RG,3860,2,F,CS,NI,D
10:53:04,JSMR,RG,3860,5,F,CS,NI,D
10:53:04,JSMR,RG,3860,3,F,CS,NI,D
10:53:04,JSMR,RG,3860,1,D,XC,NI,D
10:53:04,JSMR,RG,3860,5,F,CS,NI,D
10:53:04,JSMR,RG,3860,50,D,YP,NI,D
10:53:04,JSMR,RG,3860,4,F,CS,NI,D
10:53:04,JSMR,RG,3860,1,D,XL,NI,D
10:52:50,JSMR,RG,3860,1,D,XL,OD,F
10:52:45,JSMR,RG,3860,17,D,XL,AK,D
10:52:02,JSMR,RG,3860,25,D,XL,CC,D
10:51:16,JSMR,RG,3860,20,D,XL,PD,D
10:50:35,JSMR,RG,3860,36,D,XL,ZP,F
10:50:35,JSMR,RG,3860,1,D,XL,ZP,F
10:50:35,JSMR,RG,3860,1,F,CS,ZP,F
10:50:35,JSMR,RG,3860,25,D,SQ,ZP,F
10:50:34,JSMR,RG,3860,6,D,SQ,ZP,F
10:50:33,JSMR,RG,3860,69,D,SQ,ZP,D
10:50:33,JSMR,RG,3860,4,D,PD,ZP,D
10:50:33,JSMR,RG,3860,4,F,CS,ZP,D
10:50:33,JSMR,RG,3860,5,F,CS,ZP,D
10:50:33,JSMR,RG,3860,418,F,CC,ZP,D
10:50:18,JSMR,RG,3860,1,F,CC,XC,D
10:50:05,JSMR,RG,3860,28,F,CC,AK,D
10:50:05,JSMR,RG,3860,53,F,CC,AK,D
10:50:05,JSMR,RG,3860,1,F,CS,AK,D
10:50:05,JSMR,RG,3860,4,F,CS,AK,D
10:50:05,JSMR,RG,3860,6,D,SQ,AK,D
10:49:07,JSMR,RG,3860,3,D,SQ,ZP,F
10:49:00,JSMR,RG,3860,13,D,SQ,CC,D
10:48:27,JSMR,RG,3860,5,D,SQ,PD,D
10:48:04,JSMR,RG,3860,7,D,SQ,ZP,F
10:47:17,JSMR,RG,3860,1,D,SQ,PD,D
10:47:07,JSMR,RG,3860,5,D,SQ,CC,D
10:46:47,JSMR,RG,3860,3,D,SQ,XA,D
10:46:43,JSMR,RG,3860,10,D,SQ,PD,D
10:46:00,JSMR,RG,3860,1,D,SQ,YP,D
10:45:30,JSMR,RG,3860,20,D,SQ,OD,D
10:45:19,JSMR,RG,3860,20,D,SQ,DH,D
10:44:45,JSMR,RG,3860,5,D,SQ,YP,D
10:44:40,JSMR,RG,3860,1,D,SQ,ZP,F
10:44:40,JSMR,RG,3860,45,F,AK,ZP,F
10:44:35,JSMR,RG,3860,3,F,AK,ZP,F
10:44:31,JSMR,RG,3860,20,F,AK,DR,D
10:44:31,JSMR,RG,3860,50,D,EP,DR,D
10:44:31,JSMR,RG,3860,4,D,LS,DR,D
10:44:31,JSMR,RG,3860,6,F,CS,DR,D
10:44:31,JSMR,RG,3860,6,D,XC,DR,D
10:44:31,JSMR,RG,3860,35,D,YP,DR,D
10:44:31,JSMR,RG,3860,4,F,CS,DR,D
10:44:31,JSMR,RG,3860,1,D,YP,DR,D
10:44:31,JSMR,RG,3860,3,F,CS,DR,D
10:44:31,JSMR,RG,3860,3,F,CS,DR,D
10:44:31,JSMR,RG,3860,10,D,OD,DR,D
10:44:31,JSMR,RG,3860,2,F,CS,DR,D
10:44:31,JSMR,RG,3860,1,D,XC,DR,D
10:44:31,JSMR,RG,3860,4,F,CS,DR,D
10:44:31,JSMR,RG,3860,5,F,CS,DR,D
10:44:31,JSMR,RG,3860,3,F,CS,DR,D
10:44:31,JSMR,RG,3860,43,D,CC,DR,D
10:44:06,JSMR,RG,3860,4,D,CC,CC,D
10:43:34,JSMR,RG,3860,7,D,CC,PD,D
10:43:31,JSMR,RG,3860,72,D,CC,AK,D
10:43:31,JSMR,RG,3860,1,D,CC,XC,D
10:43:20,JSMR,RG,3860,31,D,CC,AK,D
10:42:58,JSMR,RG,3860,25,D,CC,IF,D
10:42:42,JSMR,RG,3860,6,D,CC,XC,D
10:42:10,JSMR,RG,3860,3,D,CC,PD,D
10:42:05,JSMR,RG,3860,61,D,CC,AK,D
10:42:01,JSMR,RG,3860,1,D,CC,XC,D
10:40:42,JSMR,RG,3870,3,D,SQ,GR,D
10:40:36,JSMR,RG,3870,15,D,YP,GR,D
10:40:36,JSMR,RG,3870,20,D,YP,GR,D
10:39:41,JSMR,RG,3870,1,D,PD,GR,D
10:39:33,JSMR,RG,3860,5,D,CC,BQ,D
10:39:32,JSMR,RG,3860,67,D,CC,ZP,F
10:39:30,JSMR,RG,3860,174,D,CC,CC,D
10:39:30,JSMR,RG,3860,1,D,XC,CC,D
10:39:30,JSMR,RG,3860,2,F,CS,CC,D
10:39:30,JSMR,RG,3860,18,D,ZP,CC,D
10:39:30,JSMR,RG,3860,3,F,CS,CC,D
10:39:30,JSMR,RG,3860,25,D,XC,CC,D
10:39:30,JSMR,RG,3860,53,D,LG,CC,D
10:39:27,JSMR,RG,3860,25,D,LG,DR,D
10:38:44,JSMR,RG,3860,5,D,LG,CC,D
10:38:39,JSMR,RG,3860,7,D,LG,NI,D
10:38:11,JSMR,RG,3860,1,D,LG,KK,D
10:37:19,JSMR,RG,3860,17,D,LG,PD,D
10:36:55,JSMR,RG,3860,32,D,LG,DR,D
10:36:55,JSMR,RG,3860,1,F,CS,DR,D
10:36:55,JSMR,RG,3860,3,F,CS,DR,D
10:36:55,JSMR,RG,3860,1,F,CS,DR,D
10:36:55,JSMR,RG,3860,10,D,DH,DR,D
10:36:55,JSMR,RG,3860,53,F,CC,DR,D
10:36:41,JSMR,RG,3860,40,F,CC,LG,D
10:36:01,JSMR,RG,3860,1,F,CC,PD,D
10:35:54,JSMR,RG,3860,100,F,CC,ZP,D
10:35:47,JSMR,RG,3860,1,F,CC,ZP,F
10:35:44,JSMR,RG,3860,41,F,CC,ZP,F
10:35:41,JSMR,RG,3860,9,F,CC,ZP,F
10:35:41,JSMR,RG,3860,255,F,CC,ZP,D
10:35:41,JSMR,RG,3860,50,D,YP,ZP,D
10:35:41,JSMR,RG,3860,1,D,CC,ZP,D
10:35:41,JSMR,RG,3860,15,D,DX,ZP,D
10:35:41,JSMR,RG,3860,8,D,XC,ZP,D
10:35:15,JSMR,RG,3860,2,D,XC,YP,D
10:35:15,JSMR,RG,3860,3,F,CS,YP,D
10:35:15,JSMR,RG,3860,1,F,CS,YP,D
10:35:08,JSMR,RG,3860,1,D,NI,CC,D
10:34:45,JSMR,RG,3860,6,D,NI,DH,D
10:34:35,JSMR,RG,3860,8,D,NI,AK,D
10:34:35,JSMR,RG,3860,11,D,NI,AK,D
10:34:35,JSMR,RG,3860,1,D,XL,AK,D
10:34:35,JSMR,RG,3860,3,F,CS,AK,D
10:34:35,JSMR,RG,3860,2,F,CS,AK,D
10:34:35,JSMR,RG,3860,3,F,CS,AK,D
10:34:22,JSMR,RG,3860,1,F,CS,KK,D
10:34:17,JSMR,RG,3860,2,F,CS,KK,D
10:34:17,JSMR,RG,3860,3,F,CS,KK,D
10:34:17,JSMR,RG,3860,10,D,YP,KK,D
10:34:17,JSMR,RG,3860,3,F,CS,KK,D
10:34:17,JSMR,RG,3860,2,F,CS,KK,D
10:34:17,JSMR,RG,3860,1,F,CS,KK,D
10:34:17,JSMR,RG,3860,1,F,CS,KK,D
10:34:17,JSMR,RG,3860,2,D,PD,KK,D
10:34:17,JSMR,RG,3860,10,D,KK,KK,D
10:34:17,JSMR,RG,3860,3,D,LG,KK,D
10:34:17,JSMR,RG,3860,5,D,CC,KK,D
10:34:17,JSMR,RG,3860,2,F,CS,KK,D
10:34:17,JSMR,RG,3860,3,F,CS,KK,D
10:34:17,JSMR,RG,3860,3,D,PD,KK,D
10:34:08,JSMR,RG,3860,4,D,PD,BQ,D
10:34:01,JSMR,RG,3860,1,D,PD,YP,D
10:34:01,JSMR,RG,3860,29,D,PD,ZP,F
10:33:58,JSMR,RG,3860,20,D,PD,ZP,F
10:33:55,JSMR,RG,3860,72,D,PD,ZP,D
10:33:55,JSMR,RG,3860,4,F,CS,ZP,D
10:33:55,JSMR,RG,3860,1,F,CS,ZP,D
10:33:55,JSMR,RG,3860,5,F,CS,ZP,D
10:33:55,JSMR,RG,3860,2,F,CS,ZP,D
10:33:55,JSMR,RG,3860,166,D,CC,ZP,D
10:33:32,JSMR,RG,3860,2,D,CC,KK,D
10:33:16,JSMR,RG,3860,4,D,CC,XC,D
10:32:24,JSMR,RG,3860,5,D,CC,BQ,D
10:32:16,JSMR,RG,3860,5,D,CC,BQ,D
10:32:15,JSMR,RG,3860,58,D,CC,AK,D
10:32:11,JSMR,RG,3870,1,D,XC,GR,D
10:31:48,JSMR,RG,3870,20,F,CS,GR,D
10:31:15,JSMR,RG,3860,50,D,CC,PD,D
10:29:33,JSMR,RG,3860,1,D,CC,CC,D
10:29:28,JSMR,RG,3860,9,D,CC,DH,D
10:29:20,JSMR,RG,3860,9,D,CC,CD,D
10:29:15,JSMR,RG,3860,19,D,CC,AK,D
10:29:05,JSMR,RG,3860,1,D,CC,CC,D
10:27:35,JSMR,RG,3870,10,D,YP,GR,D
10:27:16,JSMR,RG,3860,19,D,CC,ZP,F
10:27:11,JSMR,RG,3860,22,D,CC,ZP,F
10:27:07,JSMR,RG,3860,100,D,CC,ZR,D
10:26:23,JSMR,RG,3860,5,D,CC,CC,D
10:24:09,JSMR,RG,3860,27,D,CC,LG,D
10:24:04,JSMR,RG,3860,3,D,CC,PD,D
10:23:31,JSMR,RG,3860,25,D,CC,CC,D
10:21:31,JSMR,RG,3860,34,D,CC,ZP,F
10:21:29,JSMR,RG,3860,336,D,CC,NI,D
10:21:29,JSMR,RG,3860,4,F,CS,NI,D
10:21:29,JSMR,RG,3860,1,F,CS,NI,D
10:21:29,JSMR,RG,3860,1,F,CS,NI,D
10:21:29,JSMR,RG,3860,2,F,CS,NI,D
10:21:29,JSMR,RG,3860,3,F,CS,KK,D
10:21:29,JSMR,RG,3860,1,F,CS,KK,D
10:21:29,JSMR,RG,3860,1,D,CC,KK,D
10:21:29,JSMR,RG,3860,3,D,NI,KK,D
10:21:28,JSMR,RG,3860,2,D,NI,PD,D
10:18:50,JSMR,RG,3860,8,D,NI,AK,D
10:18:50,JSMR,RG,3860,2,F,CS,AK,D
10:18:50,JSMR,RG,3860,59,F,CC,AK,D
10:18:36,JSMR,RG,3870,48,D,CC,GR,D
10:18:36,JSMR,RG,3870,2,D,CC,EP,D
10:17:23,JSMR,RG,3870,1,D,NI,EP,D
10:17:19,JSMR,RG,3860,1,F,CC,PD,D
10:17:14,JSMR,RG,3870,1,F,CS,EP,D
10:17:14,JSMR,RG,3870,1,F,CS,GR,D
10:17:14,JSMR,RG,3870,20,F,CS,YJ,D
10:17:02,JSMR,RG,3870,4,F,AK,YJ,D
10:17:01,JSMR,RG,3870,15,D,XL,YJ,D
10:17:01,JSMR,RG,3870,11,D,XL,PD,D
10:16:32,JSMR,RG,3860,1,F,CC,YU,D
10:16:08,JSMR,RG,3860,8,F,CC,CC,D
10:14:31,JSMR,RG,3860,39,F,CC,ZP,F
10:14:29,JSMR,RG,3860,250,F,CC,ZP,D
10:12:29,JSMR,RG,3860,5,F,CC,KK,D
10:12:14,JSMR,RG,3860,20,F,CC,GR,D
10:10:19,JSMR,RG,3860,10,F,CC,CC,D
10:10:01,JSMR,RG,3860,1,F,CC,NI,D
10:09:40,JSMR,RG,3860,1,F,CC,XC,D
10:09:21,JSMR,RG,3860,58,F,CC,ZP,F
10:09:17,JSMR,RG,3860,47,F,CC,GR,D
10:09:17,JSMR,RG,3860,453,F,CC,GR,D
10:08:24,JSMR,RG,3870,1,D,XL,PD,D
10:08:12,JSMR,RG,3860,38,F,CC,ZP,F
10:08:08,JSMR,RG,3860,9,F,CC,PD,D
10:08:08,JSMR,RG,3860,1,F,CS,PD,D
10:08:08,JSMR,RG,3860,2,F,CS,PD,D
10:08:08,JSMR,RG,3860,38,F,AK,PD,D
10:07:14,JSMR,RG,3860,8,F,AK,XL,D
10:06:47,JSMR,RG,3860,2,F,AK,DH,D
10:06:38,JSMR,RG,3860,20,F,AK,NI,D
10:05:13,JSMR,RG,3860,2,F,AK,AR,D
10:05:08,JSMR,RG,3860,1,F,AK,NI,D
10:05:08,JSMR,RG,3860,2,F,CS,NI,D
10:05:08,JSMR,RG,3860,3,F,CS,NI,D
10:05:08,JSMR,RG,3860,70,F,CC,NI,D
10:05:01,JSMR,RG,3860,1,F,CC,XC,D
10:04:54,JSMR,RG,3860,10,F,CC,XC,D
10:04:23,JSMR,RG,3860,100,F,CC,CC,D
10:04:23,JSMR,RG,3860,20,F,CC,PD,D
10:04:23,JSMR,RG,3860,10,F,CC,GR,D
10:04:23,JSMR,RG,3860,15,F,CC,KK,D
10:04:23,JSMR,RG,3860,52,F,CC,PD,D
10:04:23,JSMR,RG,3860,1,F,CC,XC,D
10:04:23,JSMR,RG,3860,3,F,CC,BQ,D
10:04:23,JSMR,RG,3860,4,F,CC,CC,D
10:04:23,JSMR,RG,3860,18,F,CC,AK,D
10:04:23,JSMR,RG,3860,1,F,CC,YP,D
10:04:23,JSMR,RG,3860,49,F,CC,ZP,F
10:04:23,JSMR,RG,3860,250,F,CC,ZP,D
10:04:23,JSMR,RG,3860,1,F,CC,BB,D
10:04:23,JSMR,RG,3860,3,F,CC,XL,D
10:04:23,JSMR,RG,3860,20,F,CC,AK,D
10:04:23,JSMR,RG,3860,100,F,CC,OD,D
10:04:23,JSMR,RG,3860,50,F,CC,CC,D
10:04:23,JSMR,RG,3860,1,F,CC,CC,D
10:04:23,JSMR,RG,3860,47,F,CC,ZP,F
10:04:23,JSMR,RG,3860,100,F,CC,CP,D
10:04:23,JSMR,RG,3860,1,F,CC,YB,D
10:04:23,JSMR,RG,3860,48,F,CC,XC,D
10:04:23,JSMR,RG,3860,1,F,CC,XC,D
10:04:23,JSMR,RG,3860,10,F,CC,PD,D
10:04:23,JSMR,RG,3860,14,F,CC,KK,D
10:03:33,JSMR,RG,3850,1,F,CC,BB,D
10:03:31,JSMR,RG,3850,41,F,CC,ZP,F
10:03:29,JSMR,RG,3850,150,F,CC,XC,D
10:03:18,JSMR,RG,3850,9,F,CC,XL,D
10:02:02,JSMR,RG,3860,1,D,XC,KK,D
10:00:37,JSMR,RG,3850,1,F,CC,BB,D
9:59:51,JSMR,RG,3860,1,D,PD,KK,D
9:59:22,JSMR,RG,3850,15,F,CC,YP,D
9:57:46,JSMR,RG,3850,1,F,CC,BB,D
9:57:27,JSMR,RG,3850,14,F,CC,XC,D
9:56:55,JSMR,RG,3850,79,F,CC,NI,D
9:55:04,JSMR,RG,3860,1,D,AI,KK,D
9:54:37,JSMR,RG,3850,4,F,CC,XL,D
9:51:21,JSMR,RG,3860,25,D,CP,KK,D
9:51:05,JSMR,RG,3860,1,D,NI,KK,D
9:50:38,JSMR,RG,3850,3,F,CC,XL,D
9:50:26,JSMR,RG,3860,7,D,YP,KK,D
9:50:26,JSMR,RG,3860,4,D,YP,BQ,D
9:50:26,JSMR,RG,3860,1,D,YP,YP,D
9:50:26,JSMR,RG,3860,20,D,YP,AK,D
9:50:26,JSMR,RG,3860,1,D,YP,NI,D
9:50:26,JSMR,RG,3860,2,D,YP,DR,D
9:50:26,JSMR,RG,3860,18,D,YP,AK,D
9:50:26,JSMR,RG,3860,1,D,YP,PD,D
9:50:26,JSMR,RG,3860,1,D,YP,YP,D
9:50:26,JSMR,RG,3860,45,D,YP,YP,D
9:50:04,JSMR,RG,3860,5,D,PD,YP,D
9:48:28,JSMR,RG,3860,2,D,SQ,YP,D
9:47:23,JSMR,RG,3860,13,D,PD,YP,D
9:46:44,JSMR,RG,3860,3,D,CC,YP,D
9:46:29,JSMR,RG,3860,2,D,XC,YP,D
9:46:26,JSMR,RG,3860,10,D,PD,YP,D
9:46:13,JSMR,RG,3860,30,D,CC,YP,D
9:46:09,JSMR,RG,3860,20,D,PD,YP,D
9:45:32,JSMR,RG,3860,2,F,CS,YP,D
9:45:32,JSMR,RG,3860,4,F,CS,YP,D
9:45:32,JSMR,RG,3860,1,F,CS,YP,D
9:45:32,JSMR,RG,3860,3,F,CS,YP,D
9:45:32,JSMR,RG,3860,1,F,CS,YP,D
9:45:30,JSMR,RG,3860,1,F,CS,ZP,F
9:45:30,JSMR,RG,3860,10,D,YP,ZP,F
9:45:30,JSMR,RG,3860,10,D,YB,ZP,F
9:45:30,JSMR,RG,3860,10,D,YP,ZP,F
9:45:30,JSMR,RG,3860,10,D,YP,ZP,F
9:45:30,JSMR,RG,3860,1,D,DH,YP,D
9:45:28,JSMR,RG,3860,25,D,DH,IP,D
9:45:28,JSMR,RG,3860,10,D,DH,SQ,D
9:45:25,JSMR,RG,3860,1,D,DH,YP,D
9:45:24,JSMR,RG,3860,1,D,DH,YP,D
9:45:23,JSMR,RG,3870,8,D,YP,PD,D
9:45:16,JSMR,RG,3860,2,D,DH,CC,D
9:45:16,JSMR,RG,3860,25,D,XC,CC,D
9:45:16,JSMR,RG,3860,1,D,EP,CC,D
9:45:16,JSMR,RG,3860,1,D,EP,CC,D
9:45:16,JSMR,RG,3860,89,D,YP,CC,D
9:45:16,JSMR,RG,3860,5,F,CS,CC,D
9:45:16,JSMR,RG,3860,4,F,CS,CC,D
9:45:16,JSMR,RG,3860,1,F,CS,CC,D
9:45:16,JSMR,RG,3860,1,F,CS,CC,D
9:45:16,JSMR,RG,3860,71,D,DH,CC,D
9:44:51,JSMR,RG,3860,10,D,DH,PD,D
9:44:50,JSMR,RG,3860,100,D,DH,LG,D
9:44:37,JSMR,RG,3860,1,D,DH,YP,D
9:44:35,JSMR,RG,3860,38,D,DH,ZP,F
9:44:33,JSMR,RG,3860,7,D,DH,YP,D
9:44:11,JSMR,RG,3860,1,D,DH,PD,D
9:43:34,JSMR,RG,3860,1,D,DH,XC,D
9:43:34,JSMR,RG,3860,5,D,DH,PD,D
9:43:34,JSMR,RG,3860,26,D,DH,YP,D
9:43:23,JSMR,RG,3860,10,D,YP,YP,D
9:43:19,JSMR,RG,3860,2,F,CS,YP,D
9:43:19,JSMR,RG,3860,2,F,CS,YP,D
9:43:19,JSMR,RG,3860,3,F,CS,YP,D
9:43:19,JSMR,RG,3860,5,F,CS,YP,D
9:43:18,JSMR,RG,3860,3,F,CS,YP,D
9:43:18,JSMR,RG,3860,2,F,CS,YP,D
9:43:18,JSMR,RG,3860,24,F,AK,YP,D
9:43:18,JSMR,RG,3860,10,D,YP,YP,D
9:43:18,JSMR,RG,3860,1,F,CS,YP,D
9:43:18,JSMR,RG,3860,2,F,AK,YP,D
9:43:18,JSMR,RG,3860,4,F,CS,YP,D
9:43:18,JSMR,RG,3860,4,F,CS,YP,D
9:43:18,JSMR,RG,3860,61,F,AK,YP,D
9:43:18,JSMR,RG,3860,41,D,CC,YP,D
9:43:13,JSMR,RG,3870,2,F,AK,PD,D
9:43:12,JSMR,RG,3860,100,D,CC,PD,D
9:43:11,JSMR,RG,3870,3,F,AK,PD,D
9:43:09,JSMR,RG,3860,40,D,CC,ZP,F
9:43:08,JSMR,RG,3860,180,D,CC,YP,D
9:43:04,JSMR,RG,3860,1,D,CC,YP,D
9:42:53,JSMR,RG,3870,1,D,YP,PD,D
9:42:52,JSMR,RG,3870,1,D,IF,PD,D
9:42:52,JSMR,RG,3870,21,F,AK,PD,D
9:42:52,JSMR,RG,3860,1,D,CC,YP,D
9:42:52,JSMR,RG,3860,10,D,CC,KK,D
9:42:52,JSMR,RG,3860,1,D,CC,BB,D
9:42:52,JSMR,RG,3860,25,D,CC,DR,D
9:42:52,JSMR,RG,3860,2,D,CC,CC,D
9:42:52,JSMR,RG,3860,5,D,CC,YP,D
9:42:40,JSMR,RG,3860,10,D,YP,YP,D
9:42:36,JSMR,RG,3860,3,F,CS,YP,D
9:42:36,JSMR,RG,3860,4,F,CS,YP,D
9:42:35,JSMR,RG,3860,2,D,CC,YP,D
9:42:35,JSMR,RG,3860,18,D,CC,AK,D
9:42:35,JSMR,RG,3860,20,D,CC,NI,D
9:42:35,JSMR,RG,3860,1,D,CC,OD,D
9:42:35,JSMR,RG,3860,5,D,CC,BB,D
9:42:35,JSMR,RG,3860,164,D,CC,ZP,F
9:42:35,JSMR,RG,3860,110,D,CC,SQ,D
9:42:35,JSMR,RG,3860,100,D,CC,CC,D
9:42:35,JSMR,RG,3860,25,D,CC,PD,D
9:42:35,JSMR,RG,3860,21,D,CC,DH,D
9:42:35,JSMR,RG,3860,50,D,CC,KK,D
9:42:35,JSMR,RG,3860,1,D,CC,PD,D
9:42:35,JSMR,RG,3860,2,D,CC,SQ,D
9:42:35,JSMR,RG,3860,2,D,CC,YP,D
9:42:35,JSMR,RG,3860,15,D,CC,GR,D
9:42:35,JSMR,RG,3860,50,D,CC,XC,D
9:42:35,JSMR,RG,3860,100,D,CC,PD,D
9:42:35,JSMR,RG,3860,1,D,CC,NI,D
9:42:35,JSMR,RG,3860,61,D,CC,YP,D
9:42:35,JSMR,RG,3860,1,D,CC,YP,D
9:42:35,JSMR,RG,3860,16,D,CC,KK,D
9:42:35,JSMR,RG,3860,50,D,CC,YP,D
9:42:35,JSMR,RG,3860,1,D,CC,YP,D
9:42:35,JSMR,RG,3860,1,D,CC,NI,D
9:42:35,JSMR,RG,3860,1,D,CC,NI,D
9:42:35,JSMR,RG,3860,250,D,CC,ZP,D
9:42:35,JSMR,RG,3860,1,D,CC,PD,D
9:42:35,JSMR,RG,3860,5,D,CC,PD,D
9:42:35,JSMR,RG,3860,15,D,CC,YP,D
9:42:35,JSMR,RG,3860,30,D,CC,ZP,F
9:42:35,JSMR,RG,3860,1,D,CC,YP,D
9:42:35,JSMR,RG,3860,1,D,CC,CC,D
9:42:35,JSMR,RG,3860,1,D,CC,XC,D
9:42:35,JSMR,RG,3860,3,D,CC,XC,D
9:42:35,JSMR,RG,3860,1,D,CC,KK,D
9:42:35,JSMR,RG,3860,2,D,CC,PD,D
9:42:35,JSMR,RG,3860,160,D,CC,TP,D
9:42:35,JSMR,RG,3860,112,D,CC,RF,D
9:42:25,JSMR,RG,3850,2,F,AK,CC,D
9:41:08,JSMR,RG,3860,6,D,CC,RF,D
9:40:51,JSMR,RG,3860,1,D,XC,RF,D
9:40:27,JSMR,RG,3860,5,D,XC,RF,D
9:40:22,JSMR,RG,3860,60,D,YP,RF,D
9:40:17,JSMR,RG,3860,5,F,AK,RF,D
9:40:16,JSMR,RG,3860,300,D,AR,RF,D
9:39:31,JSMR,RG,3860,11,F,AK,RF,D
9:39:30,JSMR,RG,3850,3,F,CS,BB,D
9:39:30,JSMR,RG,3850,1,F,CS,BB,D
9:39:29,JSMR,RG,3850,3,F,AK,NI,D
9:39:29,JSMR,RG,3850,2,F,AK,PD,D
9:39:29,JSMR,RG,3850,100,F,AK,SQ,D
9:39:29,JSMR,RG,3850,75,F,AK,AK,D
9:39:29,JSMR,RG,3850,1,F,AK,CC,D
9:39:29,JSMR,RG,3850,61,F,AK,NI,D
9:39:29,JSMR,RG,3850,1,F,AK,PD,D
9:39:29,JSMR,RG,3850,6,F,CS,OD,D
9:39:28,JSMR,RG,3850,24,F,AK,OD,D
9:39:28,JSMR,RG,3850,1,F,AK,XC,D
9:39:28,JSMR,RG,3850,1,F,AK,PD,D
9:39:28,JSMR,RG,3850,100,F,AK,BQ,D
9:39:28,JSMR,RG,3850,1,F,AK,PD,D
9:39:28,JSMR,RG,3850,1,F,AK,NI,D
9:39:28,JSMR,RG,3850,20,F,AK,DH,D
9:39:28,JSMR,RG,3850,10,F,AK,PD,D
9:39:28,JSMR,RG,3850,3,F,AK,XL,D
9:39:28,JSMR,RG,3850,1,F,AK,XC,D
9:39:28,JSMR,RG,3850,50,F,AK,XC,D
9:39:28,JSMR,RG,3850,38,F,AK,KK,D
9:39:28,JSMR,RG,3850,12,F,AK,KK,D
9:39:28,JSMR,RG,3850,10,F,AK,EP,D
9:39:28,JSMR,RG,3850,10,F,AK,LG,D
9:39:28,JSMR,RG,3850,27,F,AK,OD,D
9:39:28,JSMR,RG,3850,9,F,AK,DR,D
9:39:28,JSMR,RG,3850,15,F,AK,CC,D
9:39:28,JSMR,RG,3850,5,F,AK,KK,D
9:39:28,JSMR,RG,3850,6,F,AK,PD,D
9:39:28,JSMR,RG,3850,1,F,AK,BB,D
9:39:28,JSMR,RG,3850,1,F,AK,YP,D
9:39:28,JSMR,RG,3850,1,F,AK,KK,D
9:39:28,JSMR,RG,3850,10,F,AK,OD,D
9:39:28,JSMR,RG,3850,1,F,AK,XC,D
9:39:28,JSMR,RG,3850,50,F,AK,OD,D
9:39:28,JSMR,RG,3850,6,F,AK,XC,D
9:39:28,JSMR,RG,3850,4,F,AK,YP,D
9:39:28,JSMR,RG,3850,5,F,AK,EP,D
9:39:28,JSMR,RG,3850,20,F,AK,YP,D
9:39:28,JSMR,RG,3850,57,F,AK,CC,D
9:39:28,JSMR,RG,3850,3,F,AK,CC,D
9:39:28,JSMR,RG,3850,6,F,AK,CC,D
9:39:27,JSMR,RG,3850,24,F,CC,CC,D
9:39:27,JSMR,RG,3850,20,F,CC,CC,D
9:39:27,JSMR,RG,3850,40,F,CC,ZP,F
9:39:27,JSMR,RG,3850,25,F,CC,GR,D
9:39:27,JSMR,RG,3850,50,F,CC,DR,D
9:39:27,JSMR,RG,3850,5,F,CC,BQ,D
9:39:27,JSMR,RG,3850,1,F,CC,YP,D
9:39:27,JSMR,RG,3850,10,F,CC,KK,D
9:39:27,JSMR,RG,3850,39,F,CC,ZP,F
9:39:27,JSMR,RG,3850,250,F,CC,ZP,D
9:39:27,JSMR,RG,3850,3,F,CC,XC,D
9:39:27,JSMR,RG,3850,1,F,CC,DH,D
9:39:27,JSMR,RG,3850,1,F,CC,CD,D
9:39:27,JSMR,RG,3850,1,F,CC,XC,D
9:39:27,JSMR,RG,3850,6,F,CC,XC,D
9:39:27,JSMR,RG,3850,47,F,CC,ZP,F
9:39:27,JSMR,RG,3850,77,F,CC,ZP,D
9:38:32,JSMR,RG,3850,1,D,LG,ZP,D
9:38:06,JSMR,RG,3840,10,D,AG,PD,D
9:37:54,JSMR,RG,3850,13,F,CS,ZP,D
9:37:54,JSMR,RG,3850,3,D,PD,ZP,D
9:37:54,JSMR,RG,3850,6,D,YP,ZP,D
9:37:54,JSMR,RG,3850,5,D,YP,LG,D
9:37:54,JSMR,RG,3850,40,D,YP,XA,D
9:37:54,JSMR,RG,3850,1,D,YP,DH,D
9:37:54,JSMR,RG,3850,19,D,YP,AK,D
9:37:54,JSMR,RG,3850,2,D,YP,YP,D
9:37:54,JSMR,RG,3850,1,D,YP,PD,D
9:37:54,JSMR,RG,3850,1,D,YP,PD,D
9:37:54,JSMR,RG,3850,19,D,YP,AK,D
9:37:54,JSMR,RG,3850,10,D,YP,YP,D
9:37:54,JSMR,RG,3850,1,D,YP,YP,D
9:37:54,JSMR,RG,3850,95,D,YP,ZP,D
9:37:46,JSMR,RG,3850,205,D,AG,ZP,D
9:37:46,JSMR,RG,3850,65,D,AG,ZP,F
9:37:46,JSMR,RG,3850,82,D,AG,CC,D
9:37:46,JSMR,RG,3850,1,D,AG,YP,D
9:37:46,JSMR,RG,3850,1,D,AG,YP,D
9:37:46,JSMR,RG,3850,1,D,AG,YP,D
9:37:46,JSMR,RG,3850,10,D,AG,PD,D
9:37:46,JSMR,RG,3850,83,D,AG,ZP,F
9:37:46,JSMR,RG,3850,1,D,AG,PD,D
9:37:46,JSMR,RG,3850,25,D,AG,SQ,D
9:37:46,JSMR,RG,3850,4,D,AG,EP,D
9:37:46,JSMR,RG,3850,500,D,AG,GR,D
9:37:46,JSMR,RG,3850,2,D,AG,PD,D
9:37:46,JSMR,RG,3850,1,D,AG,SQ,D
9:37:46,JSMR,RG,3850,19,D,AG,ZP,D
9:36:56,JSMR,RG,3850,1,D,PD,ZP,D
9:36:41,JSMR,RG,3850,1,D,XC,ZP,D
9:35:52,JSMR,RG,3850,2,D,XC,ZP,D
9:35:42,JSMR,RG,3850,20,F,CS,ZP,D
9:35:33,JSMR,RG,3840,1,D,AG,YP,D
9:35:02,JSMR,RG,3840,1,D,AG,CC,D
9:34:18,JSMR,RG,3840,1,D,AG,ZP,D
9:34:10,JSMR,RG,3840,5,D,AG,BQ,D
9:33:30,JSMR,RG,3840,2,D,AG,YP,D
9:33:09,JSMR,RG,3840,2,D,AG,YP,D
9:32:45,JSMR,RG,3840,42,D,AG,ZP,F
9:32:43,JSMR,RG,3850,5,D,DR,ZP,D
9:32:42,JSMR,RG,3840,30,D,AG,CC,D
9:32:24,JSMR,RG,3840,2,D,AG,XL,D
9:32:22,JSMR,RG,3840,2,D,AG,CC,D
9:32:06,JSMR,RG,3840,8,D,AG,PD,D
9:30:34,JSMR,RG,3850,10,D,CC,ZP,D
9:30:12,JSMR,RG,3850,1,D,DR,ZP,D
9:30:07,JSMR,RG,3850,1,D,PD,ZP,D
9:29:09,JSMR,RG,3840,3,D,AG,YP,D
9:28:38,JSMR,RG,3840,5,D,AG,YP,D
9:28:11,JSMR,RG,3840,9,D,AG,EP,D
9:26:24,JSMR,RG,3840,49,D,AG,CC,D
9:26:24,JSMR,RG,3840,26,D,CC,CC,D
9:26:23,JSMR,RG,3840,1,D,CC,XC,D
9:26:19,JSMR,RG,3840,1,D,CC,PD,D
9:25:50,JSMR,RG,3840,1,D,CC,PD,D
9:25:35,JSMR,RG,3840,112,D,CC,AK,D
9:25:34,JSMR,RG,3840,1,D,CC,XC,D
9:25:15,JSMR,RG,3840,11,D,CC,XL,D
9:23:56,JSMR,RG,3840,47,D,CC,DR,D
9:23:56,JSMR,RG,3840,2,D,YP,DR,D
9:23:56,JSMR,RG,3840,1,F,CS,DR,D
9:23:41,JSMR,RG,3840,7,F,CS,ZP,F
9:23:41,JSMR,RG,3840,10,D,GR,ZP,F
9:23:41,JSMR,RG,3840,1,D,MG,ZP,F
9:23:41,JSMR,RG,3840,4,F,CS,ZP,F
9:23:41,JSMR,RG,3840,5,D,SQ,ZP,F
9:23:41,JSMR,RG,3840,3,D,YP,ZP,F
9:23:41,JSMR,RG,3840,20,D,YU,ZP,F
9:23:41,JSMR,RG,3840,10,F,AK,ZP,F
9:23:41,JSMR,RG,3840,10,D,OD,ZP,F
9:23:41,JSMR,RG,3840,7,F,CS,ZP,F
9:23:41,JSMR,RG,3840,4,F,CS,ZP,F
9:23:41,JSMR,RG,3840,26,D,AG,ZP,F
9:23:38,JSMR,RG,3840,274,D,AG,YP,D
9:23:38,JSMR,RG,3840,3,D,HP,YP,D
9:23:38,JSMR,RG,3840,130,D,YP,YP,D
9:23:38,JSMR,RG,3840,25,D,CP,YP,D
9:23:38,JSMR,RG,3840,68,D,CC,YP,D
9:23:24,JSMR,RG,3850,17,F,CS,ZP,D
9:23:10,JSMR,RG,3840,1,D,CC,PD,D
9:22:57,JSMR,RG,3850,1,D,PD,ZP,D
9:22:48,JSMR,RG,3840,27,D,CC,CC,D
9:22:38,JSMR,RG,3840,4,D,CC,XC,D
9:22:18,JSMR,RG,3840,5,D,CC,BQ,D
9:21:13,JSMR,RG,3850,1,D,CC,ZP,D
9:21:00,JSMR,RG,3840,5,D,CC,PD,D
9:18:10,JSMR,RG,3850,1,D,YP,ZP,D
9:17:36,JSMR,RG,3850,100,D,CC,ZP,D
9:16:33,JSMR,RG,3840,1,D,CC,XC,D
9:15:57,JSMR,RG,3840,1,D,CC,PD,D
9:15:46,JSMR,RG,3850,1,D,YP,ZP,D
9:15:44,JSMR,RG,3840,5,D,CC,BQ,D
9:15:36,JSMR,RG,3850,15,D,KK,ZP,D
9:15:26,JSMR,RG,3850,12,D,CC,ZP,D
9:15:13,JSMR,RG,3850,1,D,YP,ZP,D
9:15:08,JSMR,RG,3850,16,F,CS,ZP,D
9:14:47,JSMR,RG,3850,1,D,PD,ZP,D
9:14:08,JSMR,RG,3840,64,D,CC,YP,D
9:14:04,JSMR,RG,3840,1,D,CC,RO,D
9:13:19,JSMR,RG,3840,18,D,CC,SQ,D
9:13:19,JSMR,RG,3840,31,F,CC,SQ,D
9:12:58,JSMR,RG,3850,3,D,AZ,ZP,D
9:12:58,JSMR,RG,3840,2,F,CC,PD,D
9:12:38,JSMR,RG,3840,50,F,CC,SQ,D
9:12:17,JSMR,RG,3850,1,D,XC,ZP,D
9:11:03,JSMR,RG,3840,1,F,CC,CC,D
9:09:07,JSMR,RG,3850,13,D,CC,ZP,D
9:08:34,JSMR,RG,3840,16,F,CC,YP,D
9:08:34,JSMR,RG,3840,2,F,AK,YP,D
9:08:34,JSMR,RG,3840,2,F,AK,YP,D
9:08:34,JSMR,RG,3840,4,F,CS,YP,D
9:08:34,JSMR,RG,3840,6,F,CS,YP,D
9:08:06,JSMR,RG,3850,1,D,CC,ZP,D
9:07:53,JSMR,RG,3850,3,D,EP,ZP,D
9:07:48,JSMR,RG,3850,3,D,YP,ZP,D
9:07:48,JSMR,RG,3850,2,D,YP,MG,D
9:07:16,JSMR,RG,3850,8,D,PD,MG,D
9:06:51,JSMR,RG,3840,2,F,CS,ZP,D
9:06:39,JSMR,RG,3840,6,F,CC,PD,D
9:05:36,JSMR,RG,3840,2,F,CC,LG,D
9:05:06,JSMR,RG,3840,10,F,CC,YB,D
9:04:15,JSMR,RG,3840,3,F,CC,CC,D
9:04:09,JSMR,RG,3840,1,F,CC,EP,D
9:03:00,JSMR,RG,3840,6,F,CC,XL,D
9:02:38,JSMR,RG,3840,1,F,CC,PD,D
9:02:38,JSMR,RG,3840,2,F,CC,BQ,D
9:02:38,JSMR,RG,3840,19,F,CC,AK,D
9:02:29,JSMR,RG,3840,7,F,CS,AK,D
9:02:28,JSMR,RG,3840,39,F,CC,AK,D
9:02:28,JSMR,RG,3840,41,F,CC,ZP,F
9:02:28,JSMR,RG,3840,70,F,CC,ZP,D
9:02:24,JSMR,RG,3840,3,D,KK,ZP,D
9:02:13,JSMR,RG,3840,160,D,SQ,ZP,D
9:01:55,JSMR,RG,3840,13,D,AZ,ZP,D
9:01:52,JSMR,RG,3840,4,D,KK,ZP,D
9:00:31,JSMR,RG,3830,41,D,SQ,ZP,F
9:00:29,JSMR,RG,3830,210,D,SQ,ZP,D
9:00:29,JSMR,RG,3830,1,D,DH,ZP,D
9:00:29,JSMR,RG,3830,39,D,AZ,ZP,D
9:00:22,JSMR,RG,3840,1,D,XC,CS,F
9:00:19,JSMR,RG,3830,1,D,AZ,YP,D
9:00:19,JSMR,RG,3830,1,D,AZ,YP,D
9:00:18,JSMR,RG,3830,1,D,AZ,YP,D
9:00:05,JSMR,RG,3830,1,D,AZ,AK,D
9:00:03,JSMR,RG,3830,2,D,AZ,CC,D
9:00:03,JSMR,RG,3830,1,D,AZ,XC,D
9:00:03,JSMR,RG,3830,24,D,AZ,CP,D
9:00:02,JSMR,RG,3830,3,D,XC,CP,D
9:00:01,JSMR,RG,3830,1,D,EP,CP,D