Time,Stock,Brd,Price,Qty,BT,BC,SC,ST
15:12:38,JSMR,RG,3730,35,D,KK,PD,D
15:10:01,JSMR,RG,3730,3,D,KK,HP,D
15:07:07,JSMR,RG,3730,100,D,KK,KK,D
15:06:12,JSMR,RG,3730,5,D,KK,XC,D
15:05:45,JSMR,RG,3730,7,D,KK,PD,D
15:05:45,JSMR,RG,3730,10,D,KK,PD,D
15:05:45,JSMR,RG,3730,20,D,KK,PD,D
15:05:45,JSMR,RG,3730,10,D,KK,PD,D
15:02:42,JSMR,RG,3730,15,D,KK,DH,D
15:01:25,JSMR,RG,3730,18,D,KK,NI,D
15:01:25,JSMR,RG,3730,7,D,YU,NI,D
15:01:18,JSMR,RG,3730,3,D,YU,DR,D
15:01:18,JSMR,RG,3730,5,D,CC,DR,D
15:01:18,JSMR,RG,3730,18,D,KK,DR,D
15:01:09,JSMR,RG,3730,100,D,KK,PD,D
15:01:00,JSMR,RG,3730,2,D,KK,XC,D
15:00:00,JSMR,RG,3730,30,D,KK,GR,D
15:00:00,JSMR,RG,3730,3,D,KK,DH,D
15:00:00,JSMR,RG,3730,10,D,KK,PD,D
15:00:00,JSMR,RG,3730,150,D,KK,LG,D
15:00:00,JSMR,RG,3730,1,D,KK,YP,D
15:00:00,JSMR,RG,3730,100,D,KK,DX,D
15:00:00,JSMR,RG,3730,50,D,KK,PD,D
15:00:00,JSMR,RG,3730,1,D,KK,LG,D
15:00:00,JSMR,RG,3730,7,D,KK,PD,D
15:00:00,JSMR,RG,3730,25,D,KK,YB,D
15:00:00,JSMR,RG,3730,8,D,KK,PD,D
15:00:00,JSMR,RG,3730,2,D,KK,NI,D
15:00:00,JSMR,RG,3730,25,D,KK,PD,D
15:00:00,JSMR,RG,3730,50,D,KK,NI,D
15:00:00,JSMR,RG,3730,3,D,KK,HP,D
15:00:00,JSMR,RG,3730,50,D,KK,YP,D
15:00:00,JSMR,RG,3730,365,D,KK,ZP,F
15:00:00,JSMR,RG,3730,9,D,XC,ZP,F
15:00:00,JSMR,RG,3730,2,D,PD,ZP,F
15:00:00,JSMR,RG,3730,7,D,YP,ZP,F
15:00:00,JSMR,RG,3730,1,D,XL,ZP,F
15:00:00,JSMR,RG,3730,1,D,NI,ZP,F
15:00:00,JSMR,RG,3730,3,D,CC,ZP,F
15:00:00,JSMR,RG,3730,3,D,CC,ZP,F
15:00:00,JSMR,RG,3730,5,D,PD,ZP,F
15:00:00,JSMR,RG,3730,1,F,OD,ZP,F
15:00:00,JSMR,RG,3730,4,D,PD,ZP,F
15:00:00,JSMR,RG,3730,3,D,PD,ZP,F
15:00:00,JSMR,RG,3730,10,D,YP,ZP,F
15:00:00,JSMR,RG,3730,20,D,ZR,ZP,F
15:00:00,JSMR,RG,3730,10,D,AR,ZP,F
15:00:00,JSMR,RG,3730,50,D,NI,ZP,F
15:00:00,JSMR,RG,3730,5,D,YP,ZP,F
15:00:00,JSMR,RG,3730,72,D,OD,ZP,F
15:00:00,JSMR,RG,3730,2,D,OD,ZP,F
15:00:00,JSMR,RG,3730,3,D,OD,ZP,F
15:00:00,JSMR,RG,3730,81,D,OD,ZP,F
15:00:00,JSMR,RG,3730,42,D,OD,ZP,F
15:00:00,JSMR,RG,3730,1,D,CC,ZP,F
15:00:00,JSMR,RG,3730,2,D,PD,ZP,F
15:00:00,JSMR,RG,3730,1,D,MG,ZP,F
15:00:00,JSMR,RG,3730,13,D,DR,ZP,F
15:00:00,JSMR,RG,3730,14,D,DR,BK,F
15:00:00,JSMR,RG,3730,23,D,DR,CS,F
15:00:00,JSMR,RG,3730,2,D,KK,CS,F
15:00:00,JSMR,RG,3730,13,D,CP,CS,F
15:00:00,JSMR,RG,3730,100,D,DR,CS,F
15:00:00,JSMR,RG,3730,20,D,OD,CS,F
15:00:00,JSMR,RG,3730,10,D,DR,CS,F
15:00:00,JSMR,RG,3730,1,D,KK,CS,F
15:00:00,JSMR,RG,3730,10,D,NI,CS,F
15:00:00,JSMR,RG,3730,5,D,YP,CS,F
15:00:00,JSMR,RG,3730,5,D,PD,CS,F
15:00:00,JSMR,RG,3730,1,D,YP,CS,F
15:00:00,JSMR,RG,3730,70,D,CC,CS,F
15:00:00,JSMR,RG,3730,5,D,YP,CS,F
15:00:00,JSMR,RG,3730,1,D,CC,CS,F
15:00:00,JSMR,RG,3730,10,D,CD,CS,F
15:00:00,JSMR,RG,3730,18,F,AK,CS,F
15:00:00,JSMR,RG,3730,837,D,CS,CS,F
15:00:00,JSMR,RG,3730,469,D,OD,CS,F
15:00:00,JSMR,RG,3730,286,D,OD,CS,F
15:00:00,JSMR,RG,3730,225,D,OD,ZP,F
14:49:57,JSMR,RG,3730,7,D,CP,ZP,F
14:49:54,JSMR,RG,3720,5,D,IF,ZP,F
14:49:52,JSMR,RG,3720,1,D,IF,ZP,F
14:49:51,JSMR,RG,3720,3,D,IF,ZP,F
14:49:50,JSMR,RG,3720,8,D,IF,ZP,F
14:49:49,JSMR,RG,3720,25,D,IF,ZP,F
14:49:40,JSMR,RG,3720,2,D,IF,ZP,F
14:49:40,JSMR,RG,3720,1,D,IF,ZP,F
14:49:39,JSMR,RG,3730,1,D,YP,ZP,F
14:49:39,JSMR,RG,3730,10,D,YP,PD,D
14:49:38,JSMR,RG,3730,4,D,YP,ZP,F
14:49:36,JSMR,RG,3730,15,D,YP,ZP,F
14:49:34,JSMR,RG,3730,20,D,YP,RX,D
14:49:32,JSMR,RG,3720,3,D,IF,PD,D
14:49:29,JSMR,RG,3720,16,D,IF,ZP,F
14:49:28,JSMR,RG,3720,10,D,IF,ZP,F
14:49:27,JSMR,RG,3720,18,D,IF,RX,D
14:49:27,JSMR,RG,3720,1,D,IF,ZP,F
14:49:22,JSMR,RG,3720,12,D,IF,ZP,F
14:49:16,JSMR,RG,3720,20,D,IF,ZP,F
14:49:16,JSMR,RG,3730,23,F,AK,ZP,F
14:49:16,JSMR,RG,3730,10,D,PD,ZP,F
14:49:16,JSMR,RG,3730,2,D,DR,ZP,F
14:49:16,JSMR,RG,3730,11,D,NI,ZP,F
14:49:15,JSMR,RG,3730,68,D,NI,ZP,F
14:49:15,JSMR,RG,3730,18,D,NI,YB,D
14:49:15,JSMR,RG,3730,7,D,CC,YB,D
14:49:00,JSMR,RG,3730,3,D,CC,AK,D
14:49:00,JSMR,RG,3730,7,D,NI,AK,D
14:49:00,JSMR,RG,3730,4,D,NI,AK,D
14:49:00,JSMR,RG,3730,1,D,NI,AK,D
14:49:00,JSMR,RG,3730,1,D,NI,AK,D
14:49:00,JSMR,RG,3730,2,D,NI,AK,F
14:49:00,JSMR,RG,3730,2,D,NI,AK,F
14:49:00,JSMR,RG,3730,1,D,NI,AK,D
14:49:00,JSMR,RG,3730,9,D,NI,AK,D
14:49:00,JSMR,RG,3730,1,D,NI,AK,D
14:49:00,JSMR,RG,3730,1,D,NI,AK,F
14:48:29,JSMR,RG,3730,23,D,NI,ZP,F
14:48:29,JSMR,RG,3730,5,D,EP,ZP,F
14:48:29,JSMR,RG,3730,3,D,CC,ZP,F
14:48:01,JSMR,RG,3730,3,D,CC,AK,F
14:48:01,JSMR,RG,3730,1,D,CC,AK,D
14:48:01,JSMR,RG,3730,6,D,CC,AK,D
14:48:01,JSMR,RG,3730,61,D,CC,ZP,F
14:48:01,JSMR,RG,3730,6,D,CC,AK,F
14:48:01,JSMR,RG,3730,5,D,CC,YP,D
14:48:01,JSMR,RG,3730,23,D,CC,ZP,F
14:48:01,JSMR,RG,3730,11,D,CC,AK,F
14:48:01,JSMR,RG,3730,25,D,CC,ZP,F
14:48:01,JSMR,RG,3730,8,D,CC,ZP,F
14:48:01,JSMR,RG,3730,500,D,CC,AT,D
14:48:01,JSMR,RG,3730,33,D,CC,ZP,F
14:48:01,JSMR,RG,3730,23,D,CC,ZP,F
14:48:01,JSMR,RG,3730,29,D,CC,ZP,F
14:48:01,JSMR,RG,3730,35,D,CC,AK,D
14:48:01,JSMR,RG,3730,1,D,CC,AK,D
14:48:01,JSMR,RG,3730,32,D,CC,ZP,F
14:48:01,JSMR,RG,3730,13,D,CC,AK,F
14:48:01,JSMR,RG,3730,182,D,CC,SQ,D
14:47:59,JSMR,RG,3720,12,D,IF,AK,D
14:47:58,JSMR,RG,3720,1,D,IF,AK,D
14:47:57,JSMR,RG,3720,15,D,IF,ZP,F
14:47:49,JSMR,RG,3720,23,D,IF,ZP,F
14:47:48,JSMR,RG,3730,1,D,XC,SQ,D
14:47:45,JSMR,RG,3720,1,D,IF,AK,D
14:47:45,JSMR,RG,3720,1,D,IF,AK,D
14:47:35,JSMR,RG,3720,1,D,IF,AK,D
14:47:31,JSMR,RG,3730,5,F,AK,SQ,D
14:47:30,JSMR,RG,3720,1,D,IF,AK,D
14:47:23,JSMR,RG,3720,23,D,IF,ZP,F
14:47:21,JSMR,RG,3720,28,D,IF,TF,D
14:47:15,JSMR,RG,3720,36,D,IF,AK,D
14:46:50,JSMR,RG,3720,2,D,IF,AK,D
14:46:45,JSMR,RG,3720,24,D,IF,AK,D
14:46:37,JSMR,RG,3720,40,D,IF,PD,D
14:46:37,JSMR,RG,3730,12,D,LG,SQ,D
14:46:37,JSMR,RG,3730,5,D,LG,NI,D
14:46:37,JSMR,RG,3730,1,D,LG,XC,D
14:46:37,JSMR,RG,3730,4,D,LG,AK,D
14:46:37,JSMR,RG,3730,23,D,LG,ZP,F
14:46:30,JSMR,RG,3720,24,D,IF,ZP,F
14:46:30,JSMR,RG,3720,5,D,IF,AK,D
14:46:30,JSMR,RG,3730,6,D,YU,ZP,F
14:46:30,JSMR,RG,3730,10,D,YU,CC,D
14:46:30,JSMR,RG,3730,1,D,YU,CS,F
14:46:30,JSMR,RG,3730,5,D,YU,CS,F
14:46:30,JSMR,RG,3730,42,D,YU,ZP,F
14:46:30,JSMR,RG,3730,13,D,YU,AK,F
14:46:30,JSMR,RG,3730,1,D,YU,CS,F
14:46:30,JSMR,RG,3730,1,D,YU,CS,F
14:46:30,JSMR,RG,3730,51,D,YU,RX,D
14:46:22,JSMR,RG,3720,3,D,IF,CS,F
14:46:21,JSMR,RG,3720,6,D,IF,CS,F
14:46:20,JSMR,RG,3720,3,D,IF,CS,F
14:46:01,JSMR,RG,3730,73,D,YU,RX,D
14:46:00,JSMR,RG,3720,4,D,IF,CS,F
14:45:54,JSMR,RG,3720,20,D,IF,ZP,F
14:45:52,JSMR,RG,3720,6,D,IF,CS,F
14:45:52,JSMR,RG,3720,6,D,IF,CS,F
14:45:34,JSMR,RG,3720,8,D,IF,XC,D
14:45:27,JSMR,RG,3720,23,D,IF,ZP,F
14:45:26,JSMR,RG,3720,8,D,IF,ZP,F
14:45:19,JSMR,RG,3720,1,D,IF,ZP,F
14:45:18,JSMR,RG,3720,11,D,IF,ZP,F
14:45:18,JSMR,RG,3720,1,D,IF,ZP,F
14:45:18,JSMR,RG,3720,1,D,IF,CS,F
14:45:18,JSMR,RG,3720,1,D,IF,CS,F
14:45:18,JSMR,RG,3720,2,D,IF,CS,F
14:45:18,JSMR,RG,3720,1,D,IF,CS,F
14:45:18,JSMR,RG,3720,2,D,IF,CS,F
14:45:13,JSMR,RG,3720,2,D,IF,YP,D
14:45:12,JSMR,RG,3720,7,D,IF,ZP,F
14:44:58,JSMR,RG,3720,1,D,IF,CS,F
14:44:58,JSMR,RG,3720,18,D,IF,CS,F
14:44:58,JSMR,RG,3720,23,D,IF,ZP,F
14:44:58,JSMR,RG,3720,13,D,IF,ZP,F
14:44:58,JSMR,RG,3720,18,D,IF,ZP,F
14:44:39,JSMR,RG,3720,3,D,IF,CS,F
14:44:39,JSMR,RG,3720,1,D,IF,CS,F
14:44:39,JSMR,RG,3720,3,D,IF,CS,F
14:44:38,JSMR,RG,3730,1,D,PD,RX,D
14:44:30,JSMR,RG,3720,69,D,IF,AK,F
14:44:30,JSMR,RG,3720,3,D,IF,PD,D
14:44:29,JSMR,RG,3720,3,D,IF,CS,F
14:44:29,JSMR,RG,3720,1,D,IF,CS,F
14:44:29,JSMR,RG,3720,4,D,IF,CS,F
14:44:19,JSMR,RG,3720,7,D,IF,CS,F
14:44:08,JSMR,RG,3720,7,D,IF,CS,F
14:44:00,JSMR,RG,3720,19,D,IF,ZP,F
14:44:00,JSMR,RG,3730,73,D,YU,RX,D
14:44:00,JSMR,RG,3730,10,D,YU,CS,F
14:44:00,JSMR,RG,3730,36,D,YU,ZP,F
14:44:00,JSMR,RG,3730,2,D,YU,AK,D
14:43:59,JSMR,RG,3720,2,D,IF,CS,F
14:43:59,JSMR,RG,3720,3,D,CC,CS,F
14:43:48,JSMR,RG,3720,5,D,CC,CS,F
14:43:44,JSMR,RG,3720,12,D,CC,CS,F
14:43:41,JSMR,RG,3720,13,D,CC,RX,D
14:43:37,JSMR,RG,3720,5,D,CC,CS,F
14:43:27,JSMR,RG,3720,5,D,CC,CS,F
14:43:24,JSMR,RG,3720,20,D,CC,CC,D
14:43:18,JSMR,RG,3720,5,D,CC,CS,F
14:43:17,JSMR,RG,3720,32,D,CC,RX,D
14:43:17,JSMR,RG,3720,2,D,YP,RX,D
14:43:09,JSMR,RG,3720,23,D,YP,ZP,F
14:43:09,JSMR,RG,3720,19,D,YP,ZP,F
14:43:07,JSMR,RG,3720,4,D,YP,CS,F
14:42:57,JSMR,RG,3720,5,D,YP,CS,F
14:42:55,JSMR,RG,3720,5,D,YP,XC,D
14:42:48,JSMR,RG,3720,5,D,YP,CS,F
14:42:41,JSMR,RG,3720,30,D,YP,ZP,F
14:42:40,JSMR,RG,3730,10,D,PD,AK,D
14:42:37,JSMR,RG,3720,5,D,YP,CS,F
14:42:28,JSMR,RG,3720,4,D,YP,CS,F
14:42:22,JSMR,RG,3730,3,D,NI,AK,D
14:42:18,JSMR,RG,3720,6,D,YP,CS,F
14:42:17,JSMR,RG,3720,10,D,YP,ZP,F
14:42:16,JSMR,RG,3730,11,D,CC,AK,D
14:42:16,JSMR,RG,3730,35,D,CC,AK,D
14:42:16,JSMR,RG,3730,1,D,CC,AK,D
14:42:16,JSMR,RG,3730,1,D,CC,AK,D
14:42:16,JSMR,RG,3730,7,D,CC,AK,D
14:42:16,JSMR,RG,3730,15,D,CC,AK,F
14:42:16,JSMR,RG,3720,43,D,YP,CS,F
14:42:15,JSMR,RG,3720,9,D,YP,RX,D
14:42:15,JSMR,RG,3720,1,D,YP,RX,D
14:42:15,JSMR,RG,3720,1,D,YP,RX,D
14:42:15,JSMR,RG,3720,10,D,DH,RX,D
14:42:15,JSMR,RG,3720,20,D,GR,RX,D
14:42:15,JSMR,RG,3720,5,D,KK,RX,D
14:42:15,JSMR,RG,3720,1,D,YP,RX,D
14:42:15,JSMR,RG,3720,1,D,XC,RX,D
14:42:07,JSMR,RG,3720,1,D,XC,CS,F
14:42:07,JSMR,RG,3720,3,D,OD,CS,F
14:41:57,JSMR,RG,3720,5,D,OD,CS,F
14:41:47,JSMR,RG,3720,5,D,OD,CS,F
14:41:47,JSMR,RG,3730,15,D,AZ,AK,F
14:41:47,JSMR,RG,3730,11,D,AZ,AK,F
14:41:47,JSMR,RG,3730,24,D,AZ,ZP,F
14:41:46,JSMR,RG,3720,14,D,OD,ZP,F
14:41:39,JSMR,RG,3720,24,D,OD,ZP,F
14:41:37,JSMR,RG,3720,5,D,OD,CS,F
14:41:26,JSMR,RG,3720,5,D,OD,CS,F
14:41:16,JSMR,RG,3720,5,D,OD,CS,F
14:41:05,JSMR,RG,3720,10,D,OD,CS,F
14:40:59,JSMR,RG,3730,20,D,XC,ZP,F
14:40:57,JSMR,RG,3720,3,D,OD,YP,D
14:40:47,JSMR,RG,3720,16,D,OD,RX,D
14:40:45,JSMR,RG,3720,5,D,OD,AK,D
14:40:45,JSMR,RG,3720,10,D,EP,AK,D
14:40:45,JSMR,RG,3720,6,D,XC,AK,D
14:40:45,JSMR,RG,3720,3,D,CC,AK,D
14:40:45,JSMR,RG,3720,1,D,YP,AK,D
14:40:45,JSMR,RG,3720,5,D,YP,CS,F
14:40:45,JSMR,RG,3720,5,D,DH,CS,F
14:40:45,JSMR,RG,3720,5,D,DH,CS,F
14:40:45,JSMR,RG,3720,5,D,LG,CS,F
14:40:45,JSMR,RG,3720,1,D,CC,CS,F
14:40:45,JSMR,RG,3720,7,D,CC,CS,F
14:40:28,JSMR,RG,3720,3,D,CC,ZP,F
14:40:28,JSMR,RG,3720,2,D,OD,ZP,F
14:40:28,JSMR,RG,3720,10,D,YP,ZP,F
14:40:28,JSMR,RG,3720,1,D,YP,ZP,F
14:40:28,JSMR,RG,3720,9,D,YU,ZP,F
14:40:24,JSMR,RG,3720,10,D,YU,CS,F
14:40:20,JSMR,RG,3720,7,D,YU,AK,D
14:40:17,JSMR,RG,3720,17,D,YU,RX,D
14:40:04,JSMR,RG,3720,4,D,YU,CS,F
14:40:04,JSMR,RG,3720,2,D,YP,CS,F
14:40:04,JSMR,RG,3720,1,D,YP,CS,F
14:40:04,JSMR,RG,3720,1,D,KK,CS,F
14:40:04,JSMR,RG,3720,1,D,YB,CS,F
14:40:04,JSMR,RG,3720,2,D,DR,CS,F
14:40:01,JSMR,RG,3720,18,D,DR,YP,D
14:40:01,JSMR,RG,3720,2,D,YU,YP,D
14:39:59,JSMR,RG,3720,10,D,YU,DX,D
14:39:55,JSMR,RG,3720,63,D,YU,AK,D
14:39:55,JSMR,RG,3720,10,D,XA,AK,D
14:39:55,JSMR,RG,3720,1,D,YP,AK,D
14:39:55,JSMR,RG,3720,55,D,NI,AK,D
14:39:54,JSMR,RG,3730,1,D,YP,ZP,F
14:39:46,JSMR,RG,3730,1,D,XC,ZP,F
14:39:43,JSMR,RG,3720,15,D,NI,RX,D
14:39:42,JSMR,RG,3720,10,D,NI,CS,F
14:39:32,JSMR,RG,3720,1,D,NI,PD,D
14:39:21,JSMR,RG,3720,10,D,NI,CS,F
14:39:14,JSMR,RG,3720,2,D,NI,PD,D
14:39:05,JSMR,RG,3720,26,D,NI,RX,D
14:39:00,JSMR,RG,3720,10,D,NI,CS,F
14:38:57,JSMR,RG,3730,35,D,CC,ZP,F
14:38:57,JSMR,RG,3730,6,D,CC,BK,F
14:38:49,JSMR,RG,3720,10,D,NI,DX,D
14:38:40,JSMR,RG,3720,6,D,NI,CS,F
14:38:40,JSMR,RG,3720,11,D,NI,ZP,F
14:38:28,JSMR,RG,3720,5,D,NI,CS,F
14:38:16,JSMR,RG,3720,4,D,NI,CS,F
14:38:15,JSMR,RG,3720,23,D,NI,AK,F
14:38:10,JSMR,RG,3720,20,D,NI,DX,D
14:38:09,JSMR,RG,3720,5,D,NI,CS,F
14:38:00,JSMR,RG,3720,25,D,NI,CS,F
14:38:00,JSMR,RG,3730,113,D,YU,BK,F
14:37:58,JSMR,RG,3720,5,D,NI,CS,F
14:37:50,JSMR,RG,3720,13,D,NI,RX,D
14:37:47,JSMR,RG,3720,5,D,NI,CS,F
14:37:44,JSMR,RG,3720,33,D,NI,ZP,F
14:37:36,JSMR,RG,3720,5,D,NI,CS,F
14:37:26,JSMR,RG,3720,5,D,NI,CS,F
14:37:15,JSMR,RG,3720,5,D,NI,CS,F
14:37:13,JSMR,RG,3720,30,D,NI,RX,D
14:37:05,JSMR,RG,3720,5,D,NI,CS,F
14:36:58,JSMR,RG,3720,25,D,NI,YB,D
14:36:56,JSMR,RG,3720,14,D,NI,AK,F
14:36:55,JSMR,RG,3720,5,D,NI,CS,F
14:36:46,JSMR,RG,3720,4,D,NI,CS,F
14:36:36,JSMR,RG,3720,5,D,NI,CS,F
14:36:26,JSMR,RG,3720,5,D,NI,CS,F
14:36:16,JSMR,RG,3720,5,D,NI,CS,F
14:36:05,JSMR,RG,3720,5,D,NI,CS,F
14:36:01,JSMR,RG,3720,14,D,NI,ZP,F
14:36:01,JSMR,RG,3720,10,D,NI,CS,F
14:36:00,JSMR,RG,3730,99,D,YU,BK,F
14:35:57,JSMR,RG,3720,4,D,NI,CC,D
14:35:55,JSMR,RG,3720,6,D,NI,CS,F
14:35:49,JSMR,RG,3720,14,D,NI,RX,D
14:35:44,JSMR,RG,3720,5,D,NI,CS,F
14:35:36,JSMR,RG,3720,23,D,NI,BK,F
14:35:33,JSMR,RG,3720,4,D,NI,CS,F
14:35:23,JSMR,RG,3720,6,D,NI,CS,F
14:35:13,JSMR,RG,3720,4,D,NI,CS,F
14:35:10,JSMR,RG,3720,29,D,NI,CS,F
14:35:09,JSMR,RG,3720,9,D,NI,ZP,F
14:35:09,JSMR,RG,3720,18,D,NI,BK,F
14:35:08,JSMR,RG,3720,47,D,NI,NI,D
14:35:07,JSMR,RG,3720,17,D,NI,RX,D
14:35:03,JSMR,RG,3720,5,D,NI,CS,F
14:35:00,JSMR,RG,3720,30,D,NI,AK,D
14:34:53,JSMR,RG,3720,7,D,NI,CS,F
14:34:45,JSMR,RG,3720,18,D,NI,AK,F
14:34:39,JSMR,RG,3720,7,D,NI,CS,F
14:34:38,JSMR,RG,3720,46,D,NI,LG,D
14:34:38,JSMR,RG,3720,1,D,XC,LG,D
14:34:38,JSMR,RG,3720,1,D,DH,LG,D
14:34:38,JSMR,RG,3720,1,D,DR,LG,D
14:34:38,JSMR,RG,3720,3,D,PD,LG,D
14:34:38,JSMR,RG,3720,10,D,NI,LG,D
14:34:38,JSMR,RG,3720,10,D,KK,LG,D
14:34:38,JSMR,RG,3720,5,D,CC,LG,D
14:34:38,JSMR,RG,3720,3,D,CC,LG,D
14:34:38,JSMR,RG,3720,10,D,DR,LG,D
14:34:38,JSMR,RG,3720,3,D,XL,LG,D
14:34:38,JSMR,RG,3720,1,D,PD,LG,D
14:34:38,JSMR,RG,3720,2,D,NI,LG,D
14:34:30,JSMR,RG,3720,10,D,NI,DX,D
14:34:29,JSMR,RG,3720,5,D,NI,YP,D
14:34:28,JSMR,RG,3730,3,D,XC,BK,F
14:34:27,JSMR,RG,3730,35,D,LG,BK,F
14:34:25,JSMR,RG,3720,7,D,NI,AK,D
14:34:23,JSMR,RG,3720,6,D,NI,CS,F
14:34:14,JSMR,RG,3720,25,D,NI,BK,F
14:34:12,JSMR,RG,3720,3,D,NI,CS,F
14:34:12,JSMR,RG,3720,2,D,NI,CS,F
14:34:02,JSMR,RG,3720,4,D,NI,CS,F
14:34:00,JSMR,RG,3720,5,D,NI,AK,D
14:33:53,JSMR,RG,3720,5,D,NI,CS,F
14:33:50,JSMR,RG,3720,4,D,NI,AK,D
14:33:50,JSMR,RG,3720,5,D,YP,AK,D
14:33:50,JSMR,RG,3720,1,D,OD,AK,D
14:33:50,JSMR,RG,3720,25,D,DX,AK,D
14:33:50,JSMR,RG,3720,2,D,YP,AK,D
14:33:50,JSMR,RG,3720,1,D,PD,AK,D
14:33:50,JSMR,RG,3720,2,D,YP,AK,D
14:33:50,JSMR,RG,3720,25,D,PD,AK,D
14:33:50,JSMR,RG,3720,5,D,CC,AK,D
14:33:50,JSMR,RG,3720,73,D,LG,AK,D
14:33:43,JSMR,RG,3720,5,D,LG,CS,F
14:33:33,JSMR,RG,3720,5,D,LG,CS,F
14:33:22,JSMR,RG,3720,7,D,LG,CS,F
14:33:04,JSMR,RG,3720,2,D,LG,EP,D
14:33:00,JSMR,RG,3730,56,D,YU,BK,F
14:33:00,JSMR,RG,3730,7,D,YU,CS,F
14:33:00,JSMR,RG,3730,17,D,YU,CS,F
14:33:00,JSMR,RG,3730,9,D,YU,CS,F
14:33:00,JSMR,RG,3730,9,D,YU,ZP,F
14:32:52,JSMR,RG,3720,9,D,LG,CS,F
14:32:44,JSMR,RG,3730,2,D,CC,ZP,F
14:32:34,JSMR,RG,3730,4,D,CC,ZP,F
14:32:34,JSMR,RG,3730,1,D,CC,CS,F
14:32:33,JSMR,RG,3720,6,D,LG,CS,F
14:32:29,JSMR,RG,3720,30,D,LG,ZP,F
14:32:22,JSMR,RG,3720,9,D,LG,CS,F
14:32:09,JSMR,RG,3720,22,D,LG,BK,F
14:32:06,JSMR,RG,3720,10,D,LG,PD,D
14:32:03,JSMR,RG,3720,9,D,LG,CS,F
14:31:44,JSMR,RG,3720,9,D,LG,CS,F
14:31:25,JSMR,RG,3720,5,D,LG,CS,F
14:31:15,JSMR,RG,3720,10,D,LG,CS,F
14:30:54,JSMR,RG,3720,8,D,LG,CS,F
14:30:38,JSMR,RG,3720,26,D,LG,BK,F
14:30:38,JSMR,RG,3720,11,D,LG,ZP,F
14:30:38,JSMR,RG,3720,6,D,LG,CS,F
14:30:37,JSMR,RG,3720,25,D,LG,RX,D
14:30:37,JSMR,RG,3720,2,D,CC,RX,D
14:30:37,JSMR,RG,3720,2,D,CC,RX,D
14:30:37,JSMR,RG,3720,1,D,YP,RX,D
14:30:37,JSMR,RG,3720,50,D,YP,RX,D
14:30:37,JSMR,RG,3720,2,D,YP,RX,D
14:30:37,JSMR,RG,3720,3,D,OD,RX,D
14:30:25,JSMR,RG,3720,9,D,OD,CS,F
14:30:18,JSMR,RG,3720,3,D,OD,BK,F
14:30:18,JSMR,RG,3720,3,D,CC,BK,F
14:30:18,JSMR,RG,3720,11,D,CC,BK,F
14:30:13,JSMR,RG,3720,19,D,CC,RX,D
14:30:13,JSMR,RG,3720,1,D,KK,RX,D
14:30:13,JSMR,RG,3720,52,D,KK,RX,D
14:30:09,JSMR,RG,3720,1,D,KK,ZP,F
14:30:07,JSMR,RG,3720,11,D,KK,ZP,F
14:30:07,JSMR,RG,3720,6,D,KK,CS,F
14:30:03,JSMR,RG,3720,23,D,KK,BK,F
14:30:01,JSMR,RG,3720,7,D,KK,BK,F
14:30:01,JSMR,RG,3720,1,D,PD,BK,F
14:30:01,JSMR,RG,3720,5,D,SH,BK,F
14:30:01,JSMR,RG,3720,2,D,SQ,BK,F
14:29:59,JSMR,RG,3720,53,D,SQ,BK,F
14:29:59,JSMR,RG,3720,2,D,CC,BK,F
14:29:59,JSMR,RG,3720,1,D,CC,BK,F
14:29:59,JSMR,RG,3720,9,D,XC,BK,F
14:29:59,JSMR,RG,3720,3,D,GR,BK,F
14:29:59,JSMR,RG,3720,3,D,YB,BK,F
14:29:59,JSMR,RG,3720,2,D,CC,BK,F
14:29:57,JSMR,RG,3720,48,D,CC,PD,D
14:29:57,JSMR,RG,3720,64,D,YU,PD,D
14:29:57,JSMR,RG,3720,10,D,NI,PD,D
14:29:57,JSMR,RG,3720,32,D,YU,PD,D
14:29:57,JSMR,RG,3720,50,D,GR,PD,D
14:29:57,JSMR,RG,3720,2,D,PD,PD,D
14:29:57,JSMR,RG,3720,10,D,PD,PD,D
14:29:57,JSMR,RG,3720,5,D,OD,PD,D
14:29:57,JSMR,RG,3720,2,D,NI,PD,D
14:29:57,JSMR,RG,3720,60,D,LG,PD,D
14:29:57,JSMR,RG,3720,2,D,NI,PD,D
14:29:57,JSMR,RG,3720,7,D,XC,PD,D
14:29:57,JSMR,RG,3720,1,D,PD,PD,D
14:29:57,JSMR,RG,3720,1,D,YP,PD,D
14:29:57,JSMR,RG,3720,1,D,NI,PD,D
14:29:57,JSMR,RG,3720,1,D,YP,PD,D
14:29:57,JSMR,RG,3720,61,D,IF,PD,D
14:29:55,JSMR,RG,3720,9,D,IF,CS,F
14:29:52,JSMR,RG,3720,13,D,IF,RX,D
14:29:47,JSMR,RG,3720,14,D,IF,BK,F
14:29:44,JSMR,RG,3720,24,D,IF,BK,F
14:29:40,JSMR,RG,3730,40,D,LG,PD,D
14:29:40,JSMR,RG,3730,40,D,LG,PD,D
14:29:40,JSMR,RG,3730,50,D,LG,PD,D
14:29:40,JSMR,RG,3730,13,D,NI,PD,D
14:29:37,JSMR,RG,3730,3,D,NI,EP,D
14:29:36,JSMR,RG,3730,4,D,NI,CS,F
14:29:36,JSMR,RG,3730,1,D,XC,CS,F
14:29:26,JSMR,RG,3730,1,D,XC,CS,F
14:29:26,JSMR,RG,3730,1,D,DX,CS,F
14:29:22,JSMR,RG,3730,2,D,DX,CS,F
14:29:16,JSMR,RG,3730,3,D,DX,CS,F
14:29:12,JSMR,RG,3730,2,D,DX,CS,F
14:29:12,JSMR,RG,3730,1,D,DX,CS,F
14:29:11,JSMR,RG,3730,20,D,DX,BK,F
14:29:09,JSMR,RG,3730,1,D,DX,ZP,F
14:29:09,JSMR,RG,3730,1,D,YP,ZP,F
14:29:09,JSMR,RG,3730,19,D,CC,ZP,F
14:29:09,JSMR,RG,3730,12,D,CC,ZP,F
14:29:09,JSMR,RG,3730,2,D,CC,CS,F
14:29:07,JSMR,RG,3730,10,D,KK,BK,F
14:29:07,JSMR,RG,3730,1,D,PD,BK,F
14:29:07,JSMR,RG,3730,1,D,XC,BK,F
14:29:05,JSMR,RG,3730,1,D,XC,CS,F
14:29:05,JSMR,RG,3730,1,D,PD,CS,F
14:29:01,JSMR,RG,3730,4,D,PD,CS,F
14:29:00,JSMR,RG,3740,59,D,YU,CC,F
14:28:53,JSMR,RG,3730,4,D,XC,BK,F
14:28:53,JSMR,RG,3730,9,D,PD,BK,F
14:28:53,JSMR,RG,3730,7,D,PD,CS,F
14:28:53,JSMR,RG,3730,4,D,PD,CS,F
14:28:52,JSMR,RG,3730,46,D,PD,CP,D
14:28:44,JSMR,RG,3730,5,D,PD,CS,F
14:28:33,JSMR,RG,3730,5,D,PD,CS,F
14:28:25,JSMR,RG,3730,4,D,PD,CS,F
14:28:23,JSMR,RG,3730,3,D,PD,CS,F
14:28:16,JSMR,RG,3730,2,D,PD,CS,F
14:28:15,JSMR,RG,3730,50,D,PD,CC,D
14:28:13,JSMR,RG,3730,5,D,PD,CS,F
14:28:08,JSMR,RG,3740,1,D,NI,CC,F
14:28:07,JSMR,RG,3730,20,D,PD,CC,D
14:28:03,JSMR,RG,3730,4,D,PD,CS,F
14:27:53,JSMR,RG,3730,6,D,PD,CS,F
14:27:42,JSMR,RG,3730,5,D,PD,CS,F
14:27:33,JSMR,RG,3730,8,D,PD,AK,D
14:27:31,JSMR,RG,3730,5,D,PD,CS,F
14:27:22,JSMR,RG,3730,3,D,PD,CS,F
14:27:15,JSMR,RG,3730,2,D,PD,CS,F
14:27:13,JSMR,RG,3730,7,D,PD,AK,D
14:27:13,JSMR,RG,3730,1,D,KK,AK,D
14:27:13,JSMR,RG,3730,5,D,XC,AK,D
14:27:13,JSMR,RG,3730,25,D,CP,AK,D
14:27:13,JSMR,RG,3730,9,D,XC,AK,D
14:27:13,JSMR,RG,3730,2,D,DR,AK,D
14:27:13,JSMR,RG,3730,2,D,DR,AK,D
14:27:13,JSMR,RG,3730,15,D,CC,AK,D
14:27:13,JSMR,RG,3730,10,D,YP,AK,D
14:27:13,JSMR,RG,3730,50,D,CC,AK,D
14:27:13,JSMR,RG,3730,2,D,PD,AK,D
14:27:13,JSMR,RG,3730,20,D,KK,AK,D
14:27:13,JSMR,RG,3730,5,D,CC,AK,D
14:27:13,JSMR,RG,3730,33,D,IF,AK,D
14:27:12,JSMR,RG,3730,4,D,IF,CS,F
14:27:06,JSMR,RG,3740,1,D,YP,CC,F
14:27:05,JSMR,RG,3730,17,D,IF,ZP,F
14:27:02,JSMR,RG,3730,7,D,IF,CS,F
14:27:00,JSMR,RG,3730,2,D,IF,BQ,D
14:26:40,JSMR,RG,3730,8,D,IF,CS,F
14:26:33,JSMR,RG,3730,1,D,IF,XL,D
14:26:31,JSMR,RG,3740,23,D,YP,CC,F
14:26:31,JSMR,RG,3740,47,D,YP,AK,F
14:26:31,JSMR,RG,3740,30,D,YP,BK,F
14:26:00,JSMR,RG,3740,78,D,YU,BK,F
14:26:00,JSMR,RG,3740,17,D,YU,RX,D
14:25:50,JSMR,RG,3740,1,D,XC,RX,D
14:25:30,JSMR,RG,3730,12,D,IF,AK,F
14:24:41,JSMR,RG,3730,54,D,IF,RX,D
14:24:29,JSMR,RG,3730,10,D,IF,KK,D
14:23:30,JSMR,RG,3730,12,D,IF,AK,F
14:23:00,JSMR,RG,3740,27,D,YU,RX,D
14:23:00,JSMR,RG,3740,4,D,YU,ZP,F
14:23:00,JSMR,RG,3740,47,D,YU,BK,F
14:23:00,JSMR,RG,3740,10,D,YU,KK,D
14:21:37,JSMR,RG,3730,2,D,IF,XC,D
14:21:02,JSMR,RG,3730,14,D,IF,BK,F
14:21:00,JSMR,RG,3740,35,D,YU,KK,D
14:21:00,JSMR,RG,3740,1,D,YU,XC,D
14:21:00,JSMR,RG,3740,5,D,YU,XC,D
14:21:00,JSMR,RG,3740,5,D,YU,CS,F
14:21:00,JSMR,RG,3740,39,D,YU,RX,D
14:21:00,JSMR,RG,3740,18,D,YU,ZP,F
14:21:00,JSMR,RG,3740,5,D,YU,NI,D
14:19:22,JSMR,RG,3730,27,D,IF,BK,F
14:19:17,JSMR,RG,3730,102,D,IF,BK,F
14:19:17,JSMR,RG,3740,1,D,PD,AK,F
14:19:16,JSMR,RG,3730,80,D,IF,HP,D
14:18:29,JSMR,RG,3730,2,D,IF,CS,F
14:18:29,JSMR,RG,3730,5,D,IF,CS,F
14:18:29,JSMR,RG,3730,4,D,IF,CS,F
14:18:29,JSMR,RG,3730,23,D,IF,CS,F
14:18:29,JSMR,RG,3730,2,D,IF,CS,F
14:18:29,JSMR,RG,3730,16,D,IF,ZP,F
14:18:29,JSMR,RG,3730,191,D,IF,ZP,F
14:18:29,JSMR,RG,3730,4,D,IF,AK,D
14:18:29,JSMR,RG,3730,156,D,IF,BK,F
14:18:29,JSMR,RG,3730,147,D,IF,AK,D
14:18:29,JSMR,RG,3730,2,D,IF,AK,D
14:18:29,JSMR,RG,3730,24,D,IF,AK,D
14:18:29,JSMR,RG,3730,12,D,IF,AK,D
14:18:29,JSMR,RG,3730,3,D,IF,CS,F
14:18:29,JSMR,RG,3730,1,D,IF,CS,F
14:18:29,JSMR,RG,3730,12,D,IF,CS,F
14:18:29,JSMR,RG,3730,11,D,IF,AG,D
14:18:23,JSMR,RG,3730,5,D,PD,AG,D
14:18:20,JSMR,RG,3720,22,D,IF,BK,F
14:18:17,JSMR,RG,3730,5,D,YP,AG,D
14:18:16,JSMR,RG,3720,56,D,IF,BK,F
14:18:15,JSMR,RG,3720,4,D,IF,AK,D
14:18:14,JSMR,RG,3730,6,D,CC,AG,D
14:18:14,JSMR,RG,3730,2,D,NI,AG,D
14:18:14,JSMR,RG,3730,41,D,YU,AG,D
14:18:14,JSMR,RG,3730,5,D,YP,AG,D
14:18:14,JSMR,RG,3730,20,D,NI,AG,D
14:18:14,JSMR,RG,3730,2,D,PD,AG,D
14:18:14,JSMR,RG,3730,50,D,LG,AG,D
14:18:14,JSMR,RG,3730,153,D,XL,AG,D
14:18:13,JSMR,RG,3730,38,D,XL,ZP,F
14:18:08,JSMR,RG,3730,9,D,XL,AG,D
14:18:08,JSMR,RG,3730,2,D,PD,AG,D
14:18:08,JSMR,RG,3730,1,D,GR,AG,D
14:18:08,JSMR,RG,3730,25,D,DR,AG,D
14:18:08,JSMR,RG,3730,50,D,LG,AG,D
14:18:08,JSMR,RG,3730,117,F,AK,AG,D
14:18:08,JSMR,RG,3730,1,D,YP,AG,D
14:18:08,JSMR,RG,3730,1,D,PD,AG,D
14:18:08,JSMR,RG,3730,1,D,CC,AG,D
14:18:08,JSMR,RG,3730,100,D,DR,AG,D
14:18:08,JSMR,RG,3730,12,D,XC,AG,D
14:18:08,JSMR,RG,3730,3,D,NI,AG,D
14:18:08,JSMR,RG,3730,178,D,LG,AG,D
14:17:59,JSMR,RG,3740,30,D,XC,AK,F
14:17:59,JSMR,RG,3740,6,D,XC,AK,D
14:17:59,JSMR,RG,3740,30,D,XC,AK,D
14:17:59,JSMR,RG,3740,3,D,XC,CS,F
14:17:45,JSMR,RG,3730,22,D,LG,AK,D
14:17:45,JSMR,RG,3730,1,D,XC,AK,D
14:17:45,JSMR,RG,3730,5,D,CC,AK,D
14:17:05,JSMR,RG,3740,13,D,YP,CS,F
14:17:05,JSMR,RG,3740,7,D,YP,RX,D
14:16:04,JSMR,RG,3740,1,D,XC,RX,D
14:15:09,JSMR,RG,3730,1,D,CC,XL,D
14:15:02,JSMR,RG,3740,2,D,PD,RX,D
14:15:00,JSMR,RG,3740,28,D,YU,RX,D
14:15:00,JSMR,RG,3740,1,D,YU,AK,D
14:15:00,JSMR,RG,3740,57,D,YU,BK,F
14:15:00,JSMR,RG,3740,5,D,YU,AK,D
14:15:00,JSMR,RG,3740,13,D,YU,BK,F
14:15:00,JSMR,RG,3740,8,D,YU,CS,F
14:14:50,JSMR,RG,3740,1,D,MG,CS,F
14:14:27,JSMR,RG,3740,1,D,EP,CS,F
14:13:53,JSMR,RG,3740,6,D,DH,CS,F
14:13:53,JSMR,RG,3740,44,D,DH,ZP,F
14:13:30,JSMR,RG,3740,1,D,XL,ZP,F
14:13:03,JSMR,RG,3740,3,D,CC,ZP,F
14:12:47,JSMR,RG,3740,14,D,YP,ZP,F
14:11:45,JSMR,RG,3740,1,D,CC,ZP,F
14:11:03,JSMR,RG,3740,2,D,SQ,ZP,F
14:11:00,JSMR,RG,3740,6,D,YU,ZP,F
14:11:00,JSMR,RG,3740,1,D,YU,AK,D
14:11:00,JSMR,RG,3740,5,D,YU,NI,D
14:11:00,JSMR,RG,3740,6,D,YU,NI,D
14:11:00,JSMR,RG,3740,3,D,YU,BQ,D
14:11:00,JSMR,RG,3740,17,D,YU,ZP,F
14:11:00,JSMR,RG,3740,10,D,YU,AK,F
14:11:00,JSMR,RG,3740,50,D,YU,PG,D
14:11:00,JSMR,RG,3740,8,D,YU,ZP,F
14:11:00,JSMR,RG,3740,10,D,YU,AK,F
14:10:34,JSMR,RG,3730,5,D,CC,YP,D
14:10:07,JSMR,RG,3730,20,D,CC,NI,D
14:08:41,JSMR,RG,3730,10,D,CC,NI,D
14:08:07,JSMR,RG,3730,7,D,CC,ZP,F
14:08:07,JSMR,RG,3730,2,D,CC,AK,D
14:08:05,JSMR,RG,3730,33,D,XA,AK,D
14:08:05,JSMR,RG,3730,5,D,XA,AK,D
14:08:05,JSMR,RG,3730,1,D,XA,AK,D
14:08:05,JSMR,RG,3730,12,D,XA,PD,D
14:08:05,JSMR,RG,3730,22,D,XA,CS,F
14:08:05,JSMR,RG,3730,4,D,XA,CS,F
14:08:05,JSMR,RG,3730,11,D,XA,AK,F
14:08:05,JSMR,RG,3730,12,D,XA,BK,F
14:08:05,JSMR,RG,3730,1,D,NI,BK,F
14:08:05,JSMR,RG,3730,22,D,NI,AK,D
14:08:00,JSMR,RG,3730,9,D,YU,AK,D
14:08:00,JSMR,RG,3730,75,D,YU,RX,D
14:08:00,JSMR,RG,3730,3,D,YU,CS,F
14:08:00,JSMR,RG,3730,19,D,YU,ZP,F
14:07:56,JSMR,RG,3730,1,D,YP,ZP,F
14:07:49,JSMR,RG,3730,10,D,YP,ZP,F
14:07:29,JSMR,RG,3730,5,D,CC,ZP,F
14:07:12,JSMR,RG,3730,87,D,CC,ZP,F
14:07:12,JSMR,RG,3730,28,D,CC,AK,D
14:07:12,JSMR,RG,3730,30,D,CC,AK,D
14:07:12,JSMR,RG,3730,1,D,CC,AK,D
14:07:12,JSMR,RG,3730,1,D,CC,AK,D
14:07:12,JSMR,RG,3730,3,D,CC,AK,D
14:06:57,JSMR,RG,3720,145,D,IF,AK,D
14:06:56,JSMR,RG,3730,3,D,CC,AK,D
14:06:56,JSMR,RG,3730,21,D,CC,AK,F
14:06:56,JSMR,RG,3730,6,D,CC,CS,F
14:06:56,JSMR,RG,3730,6,D,CC,ZP,F
14:06:56,JSMR,RG,3730,24,D,CC,CS,F
14:06:48,JSMR,RG,3730,20,F,AK,BK,F
14:06:48,JSMR,RG,3730,43,F,AK,YP,D
14:06:45,JSMR,RG,3720,5,D,IF,AK,D
14:06:38,JSMR,RG,3720,8,D,IF,AK,D
14:06:37,JSMR,RG,3730,1,D,YP,YP,D
14:06:24,JSMR,RG,3720,17,D,IF,BK,F
14:06:21,JSMR,RG,3730,2,D,XC,YP,D
14:06:20,JSMR,RG,3730,100,D,CC,YP,D
14:06:08,JSMR,RG,3730,4,D,XC,YP,D
14:05:57,JSMR,RG,3720,17,D,IF,BK,F
14:05:52,JSMR,RG,3720,31,D,IF,BK,F
14:05:50,JSMR,RG,3730,30,D,YU,BK,F
14:05:50,JSMR,RG,3730,1,D,OD,BK,F
14:05:50,JSMR,RG,3730,2,D,YP,BK,F
14:05:50,JSMR,RG,3730,20,D,CC,BK,F
14:05:50,JSMR,RG,3730,20,D,YP,BK,F
14:05:50,JSMR,RG,3730,25,D,XC,BK,F
14:05:50,JSMR,RG,3730,50,D,YU,BK,F
14:05:48,JSMR,RG,3730,7,D,YU,RX,D
14:05:48,JSMR,RG,3730,5,D,NI,RX,D
14:05:48,JSMR,RG,3730,3,D,CC,RX,D
14:05:48,JSMR,RG,3730,1,D,XC,RX,D
14:05:48,JSMR,RG,3730,1,D,XC,RX,D
14:05:48,JSMR,RG,3730,1,D,XC,RX,D
14:05:48,JSMR,RG,3730,21,D,IF,RX,D
14:05:38,JSMR,RG,3730,26,D,IF,BK,F
14:05:36,JSMR,RG,3730,39,D,IF,ZP,F
14:05:34,JSMR,RG,3730,92,D,IF,BK,F
14:05:33,JSMR,RG,3730,822,D,IF,NI,D
14:05:33,JSMR,RG,3730,1,D,YP,NI,D
14:05:33,JSMR,RG,3730,1,D,PD,NI,D
14:05:33,JSMR,RG,3730,100,D,LG,NI,D
14:05:33,JSMR,RG,3730,1,D,XC,NI,D
14:05:33,JSMR,RG,3730,1,D,YP,NI,D
14:05:33,JSMR,RG,3730,1,D,XC,NI,D
14:05:33,JSMR,RG,3730,2,D,LG,NI,D
14:05:33,JSMR,RG,3730,2,D,CC,NI,D
14:05:33,JSMR,RG,3730,1,D,XC,NI,D
14:05:33,JSMR,RG,3730,1,D,AZ,NI,D
14:05:33,JSMR,RG,3730,50,D,DX,NI,D
14:05:33,JSMR,RG,3730,10,D,NI,NI,D
14:05:33,JSMR,RG,3730,51,D,OD,NI,D
14:05:33,JSMR,RG,3730,1,D,YP,NI,D
14:05:33,JSMR,RG,3730,50,D,YP,NI,D
14:05:33,JSMR,RG,3730,145,D,YP,NI,D
14:05:33,JSMR,RG,3730,2,D,YP,NI,D
14:05:33,JSMR,RG,3730,1,D,YP,NI,D
14:05:33,JSMR,RG,3730,2,D,CC,NI,D
14:05:33,JSMR,RG,3730,5,D,YP,NI,D
14:05:33,JSMR,RG,3730,1,D,LG,NI,D
14:05:33,JSMR,RG,3730,5,D,XL,NI,D
14:05:33,JSMR,RG,3730,50,D,CC,NI,D
14:05:33,JSMR,RG,3730,50,D,LG,NI,D
14:05:33,JSMR,RG,3730,44,D,LG,NI,D
14:04:31,JSMR,RG,3730,5,D,LG,KK,D
14:04:10,JSMR,RG,3730,10,D,LG,NI,D
14:03:08,JSMR,RG,3730,3,D,LG,PD,D
14:01:44,JSMR,RG,3740,10,D,YP,BK,F
14:01:30,JSMR,RG,3740,26,D,AZ,BK,F
14:01:21,JSMR,RG,3740,15,F,AK,BK,F
14:01:20,JSMR,RG,3740,7,D,YP,BK,F
14:01:20,JSMR,RG,3740,23,D,YP,ZP,F
14:01:15,JSMR,RG,3740,1,D,OD,ZP,F
14:01:00,JSMR,RG,3740,9,D,AZ,ZP,F
14:01:00,JSMR,RG,3740,17,D,AZ,AI,D
14:01:00,JSMR,RG,3740,105,D,YU,AI,D
14:00:52,JSMR,RG,3740,25,D,YP,AI,D
13:59:08,JSMR,RG,3730,3,D,LG,XC,D
13:58:36,JSMR,RG,3740,2,D,YP,AI,D
13:58:31,JSMR,RG,3740,3,D,PD,AI,D
13:58:24,JSMR,RG,3740,13,D,AO,AI,D
13:58:24,JSMR,RG,3740,35,D,LG,AI,D
13:58:12,JSMR,RG,3740,1,D,LG,NI,D
13:58:01,JSMR,RG,3740,7,D,LG,ZP,F
13:58:01,JSMR,RG,3740,29,D,LG,AK,D
13:58:01,JSMR,RG,3740,1,D,LG,AK,D
13:58:01,JSMR,RG,3740,13,D,LG,BK,F
13:58:01,JSMR,RG,3740,14,D,LG,ZP,F
13:57:54,JSMR,RG,3740,1,D,NI,ZP,F
13:57:26,JSMR,RG,3740,32,D,LG,ZP,F
13:57:26,JSMR,RG,3740,6,D,LG,AK,D
13:57:26,JSMR,RG,3740,2,D,LG,AK,D
13:57:26,JSMR,RG,3740,20,D,LG,CS,F
13:57:26,JSMR,RG,3740,18,D,LG,BK,F
13:57:26,JSMR,RG,3740,7,D,LG,CS,F
13:57:26,JSMR,RG,3740,15,D,LG,AK,D
13:57:00,JSMR,RG,3740,20,D,YU,AK,D
13:57:00,JSMR,RG,3740,6,D,YU,AK,D
13:57:00,JSMR,RG,3740,8,D,YU,ZP,F
13:57:00,JSMR,RG,3740,5,D,YU,AK,D
13:57:00,JSMR,RG,3740,1,D,YU,AK,D
13:57:00,JSMR,RG,3740,25,D,YU,AK,D
13:57:00,JSMR,RG,3740,1,D,YU,AK,D
13:57:00,JSMR,RG,3740,7,D,YU,ZP,F
13:56:07,JSMR,RG,3740,32,D,LG,ZP,F
13:56:07,JSMR,RG,3740,12,D,LG,BK,F
13:56:07,JSMR,RG,3740,2,D,LG,CS,F
13:56:07,JSMR,RG,3740,2,D,LG,CS,F
13:56:07,JSMR,RG,3740,2,D,LG,CC,D
13:54:51,JSMR,RG,3740,1,D,CC,CC,D
13:54:51,JSMR,RG,3740,36,D,YU,CC,D
13:54:51,JSMR,RG,3740,48,D,YP,CC,D
13:54:45,JSMR,RG,3740,6,D,YP,XC,D
13:53:54,JSMR,RG,3740,18,D,YP,CS,F
13:53:54,JSMR,RG,3740,11,D,YP,ZP,F
13:53:54,JSMR,RG,3740,6,D,YP,AK,D
13:53:54,JSMR,RG,3740,50,D,YP,YP,D
13:53:54,JSMR,RG,3740,11,D,YP,AK,D
13:53:50,JSMR,RG,3740,17,D,CC,AK,D
13:53:50,JSMR,RG,3740,22,D,CC,CS,F
13:53:50,JSMR,RG,3740,7,D,CC,CS,F
13:53:50,JSMR,RG,3740,47,D,CC,CC,F
13:53:50,JSMR,RG,3740,7,D,CC,BK,F
13:53:27,JSMR,RG,3740,6,D,NI,BK,F
13:53:27,JSMR,RG,3740,1,D,NI,AK,D
13:53:27,JSMR,RG,3740,9,D,NI,AK,F
13:53:27,JSMR,RG,3740,9,D,NI,CS,F
13:53:27,JSMR,RG,3740,7,D,NI,CS,F
13:53:27,JSMR,RG,3740,1,D,NI,AK,D
13:53:19,JSMR,RG,3740,5,D,PD,AK,D
13:53:14,JSMR,RG,3740,1,D,CC,AK,D
13:53:11,JSMR,RG,3740,26,F,BK,AK,D
13:53:11,JSMR,RG,3740,4,F,BK,AK,D
13:53:11,JSMR,RG,3740,17,F,BK,CS,F
13:53:11,JSMR,RG,3740,49,F,BK,AK,F
13:53:11,JSMR,RG,3740,30,F,BK,PD,D
13:53:11,JSMR,RG,3740,124,F,BK,AK,D
13:53:10,JSMR,RG,3740,30,D,LG,AK,D
13:53:10,JSMR,RG,3740,51,D,LG,ZP,F
13:53:10,JSMR,RG,3740,18,D,LG,BK,F
13:53:10,JSMR,RG,3740,5,D,LG,ZP,F
13:53:10,JSMR,RG,3740,11,D,LG,AK,F
13:53:10,JSMR,RG,3740,15,D,LG,CC,F
13:53:10,JSMR,RG,3740,2,D,LG,AK,D
13:53:10,JSMR,RG,3740,26,D,LG,ZP,F
13:53:10,JSMR,RG,3740,2,D,LG,CS,F
13:53:10,JSMR,RG,3740,3,D,LG,CS,F
13:53:10,JSMR,RG,3740,3,D,LG,CS,F
13:53:10,JSMR,RG,3740,70,D,LG,ZP,F
13:53:10,JSMR,RG,3740,14,D,LG,CS,F
13:53:02,JSMR,RG,3740,1,F,AK,CS,F
13:53:02,JSMR,RG,3740,2,F,AK,CS,F
13:53:02,JSMR,RG,3740,1,F,AK,CS,F
13:53:02,JSMR,RG,3740,1,F,AK,CS,F
13:53:02,JSMR,RG,3740,3,F,AK,CS,F
13:53:02,JSMR,RG,3740,11,F,AK,ZP,F
13:53:00,JSMR,RG,3740,99,D,YU,ZP,F
13:52:52,JSMR,RG,3740,1,D,XC,ZP,F
13:52:49,JSMR,RG,3730,2,D,LG,YP,D
13:52:49,JSMR,RG,3730,10,D,CC,YP,D
13:52:34,JSMR,RG,3740,7,D,AZ,ZP,F
13:52:34,JSMR,RG,3740,11,D,AZ,AK,F
13:52:34,JSMR,RG,3740,20,D,AZ,YB,D
13:52:34,JSMR,RG,3740,1,D,AZ,AK,D
13:52:34,JSMR,RG,3740,31,D,AZ,AK,D
13:52:34,JSMR,RG,3740,5,D,AZ,AK,D
13:52:34,JSMR,RG,3740,5,D,AZ,AK,D
13:52:34,JSMR,RG,3740,9,D,AZ,CS,F
13:52:34,JSMR,RG,3740,7,D,AZ,CS,F
13:52:34,JSMR,RG,3740,4,D,AZ,CS,F
13:52:23,JSMR,RG,3730,1,D,CC,XL,D
13:52:15,JSMR,RG,3730,33,D,CC,AK,D
13:51:15,JSMR,RG,3730,6,D,CC,AK,F
13:51:15,JSMR,RG,3730,1,D,DH,AK,F
13:51:15,JSMR,RG,3730,2,D,XC,AK,F
13:51:15,JSMR,RG,3730,1,D,PD,AK,F
13:51:02,JSMR,RG,3740,14,F,AK,RX,D
13:51:01,JSMR,RG,3740,89,D,LG,RX,D
13:51:01,JSMR,RG,3740,11,D,LG,BK,F
13:50:53,JSMR,RG,3740,6,D,PD,BK,F
13:50:52,JSMR,RG,3730,1,D,PD,CC,D
13:50:31,JSMR,RG,3740,7,D,PD,BK,F
13:49:30,JSMR,RG,3730,15,D,PD,AK,D
13:49:00,JSMR,RG,3740,46,D,YU,BK,F
13:49:00,JSMR,RG,3740,2,D,YU,CS,F
13:49:00,JSMR,RG,3740,4,D,YU,CS,F
13:49:00,JSMR,RG,3740,62,D,YU,ZP,F
13:49:00,JSMR,RG,3740,1,D,YU,AK,D
13:49:00,JSMR,RG,3730,5,D,PD,BK,F
13:48:31,JSMR,RG,3730,1,D,PD,NI,D
13:48:28,JSMR,RG,3730,6,D,PD,BK,F
13:47:11,JSMR,RG,3730,1,D,PD,RX,D
13:47:11,JSMR,RG,3730,1,D,PD,RX,D
13:47:11,JSMR,RG,3730,1,D,XA,RX,D
13:47:11,JSMR,RG,3730,136,D,KK,RX,D
13:47:05,JSMR,RG,3730,6,D,KK,BK,F
13:46:45,JSMR,RG,3730,9,D,KK,AK,D
13:46:30,JSMR,RG,3730,12,D,KK,RX,D
13:46:30,JSMR,RG,3740,10,D,NI,RX,D
13:46:29,JSMR,RG,3740,2,D,PD,RX,D
13:46:29,JSMR,RG,3740,2,D,LG,RX,D
13:46:29,JSMR,RG,3740,1,D,PD,RX,D
13:46:29,JSMR,RG,3740,2,D,SH,RX,D
13:46:29,JSMR,RG,3740,1,D,SQ,RX,D
13:46:29,JSMR,RG,3740,1,D,YP,RX,D
13:46:29,JSMR,RG,3740,5,D,CP,RX,D
13:46:29,JSMR,RG,3740,20,D,CC,RX,D
13:46:29,JSMR,RG,3740,2,D,XL,RX,D
13:46:29,JSMR,RG,3740,1,D,YP,RX,D
13:46:29,JSMR,RG,3740,20,D,LG,RX,D
13:46:25,JSMR,RG,3740,6,D,LG,CS,F
13:46:15,JSMR,RG,3750,4,D,XL,AK,D
13:46:13,JSMR,RG,3740,7,D,LG,KK,D
13:45:30,JSMR,RG,3740,1,D,LG,AK,D
13:45:14,JSMR,RG,3740,6,D,LG,AK,D
13:45:14,JSMR,RG,3740,20,D,PD,AK,D
13:45:14,JSMR,RG,3740,131,D,LG,AK,D
13:45:13,JSMR,RG,3740,3,D,LG,CS,F
13:45:13,JSMR,RG,3750,5,D,DR,AK,D
13:45:13,JSMR,RG,3750,13,D,YU,AK,D
13:45:12,JSMR,RG,3750,6,D,YU,BK,F
13:45:12,JSMR,RG,3760,8,D,PD,CC,D
13:45:01,JSMR,RG,3750,21,D,YU,ZP,F
13:45:01,JSMR,RG,3750,49,D,DH,ZP,F
13:44:45,JSMR,RG,3750,1,D,DH,AK,D
13:44:26,JSMR,RG,3750,8,D,PD,CP,D
13:44:26,JSMR,RG,3750,53,D,YU,CP,D
13:44:26,JSMR,RG,3750,1,D,PD,CP,D
13:44:26,JSMR,RG,3750,2,D,PD,CP,D
13:44:26,JSMR,RG,3750,1,D,XL,CP,D
13:44:26,JSMR,RG,3750,4,D,CC,CP,D
13:44:26,JSMR,RG,3750,2,D,LG,CP,D
13:44:26,JSMR,RG,3750,3,D,BQ,CP,D
13:44:26,JSMR,RG,3750,1,D,BQ,CP,D
13:44:26,JSMR,RG,3750,23,D,LG,CP,D
13:43:39,JSMR,RG,3750,60,D,LG,BQ,D
13:43:31,JSMR,RG,3750,10,D,LG,LG,D
13:43:29,JSMR,RG,3750,1,D,LG,LG,D
13:43:07,JSMR,RG,3750,6,D,LG,BK,F
13:42:47,JSMR,RG,3760,1,D,XL,CC,D
13:42:00,JSMR,RG,3760,71,D,YU,CC,D
13:40:58,JSMR,RG,3750,2,D,YU,BK,F
13:40:58,JSMR,RG,3750,5,D,YP,BK,F
13:40:44,JSMR,RG,3750,3,D,YP,XC,D
13:40:01,JSMR,RG,3750,2,D,YP,GR,D
13:39:59,JSMR,RG,3750,3,D,YP,BK,F
13:39:35,JSMR,RG,3750,1,D,YP,YP,D
13:39:34,JSMR,RG,3750,1,D,YP,ZP,F
13:39:34,JSMR,RG,3750,10,D,KK,ZP,F
13:39:34,JSMR,RG,3750,10,D,NI,ZP,F
13:39:34,JSMR,RG,3750,49,F,AK,ZP,F
13:38:27,JSMR,RG,3760,1,D,YP,CC,D
13:38:00,JSMR,RG,3760,101,D,YU,CC,D
13:37:40,JSMR,RG,3760,7,D,XC,CC,D
13:36:51,JSMR,RG,3760,30,D,PD,CC,D
13:36:31,JSMR,RG,3750,2,D,YU,XL,D
13:36:19,JSMR,RG,3750,1,D,YU,YP,D
13:36:08,JSMR,RG,3760,1,D,XL,CC,D
13:35:46,JSMR,RG,3760,193,D,LG,CC,D
13:35:46,JSMR,RG,3760,5,D,LG,AT,D
13:35:46,JSMR,RG,3760,1,D,LG,YP,D
13:35:46,JSMR,RG,3760,1,D,LG,KK,D
13:35:46,JSMR,RG,3760,5,D,LG,YP,D
13:35:46,JSMR,RG,3760,5,D,LG,CC,D
13:35:46,JSMR,RG,3760,300,D,LG,AG,D
13:35:46,JSMR,RG,3760,2,D,LG,DR,D
13:35:46,JSMR,RG,3760,1,D,LG,YP,D
13:35:46,JSMR,RG,3750,6,D,LG,BK,F
13:35:46,JSMR,RG,3750,7,D,LG,CS,F
13:35:46,JSMR,RG,3750,2,D,LG,ZP,F
13:35:46,JSMR,RG,3750,28,D,LG,AK,D
13:35:46,JSMR,RG,3750,6,D,LG,AK,D
13:35:46,JSMR,RG,3750,13,D,LG,BK,F
13:35:46,JSMR,RG,3750,26,D,LG,ZP,F
13:35:46,JSMR,RG,3750,1,D,LG,AK,D
13:35:46,JSMR,RG,3750,20,D,LG,PD,D
13:35:46,JSMR,RG,3750,68,D,LG,DR,D
13:35:30,JSMR,RG,3750,32,D,DR,DR,D
13:35:30,JSMR,RG,3750,9,D,DR,CS,F
13:35:30,JSMR,RG,3750,6,D,DR,BK,F
13:35:30,JSMR,RG,3750,3,D,DR,AK,F
13:35:23,JSMR,RG,3750,10,D,NI,AK,F
13:35:21,JSMR,RG,3750,13,D,DR,BK,F
13:35:21,JSMR,RG,3750,58,D,DR,AK,D
13:35:21,JSMR,RG,3750,3,D,DR,AK,D
13:35:21,JSMR,RG,3750,12,D,DR,AK,D
13:35:21,JSMR,RG,3750,21,D,DR,CS,F
13:35:21,JSMR,RG,3750,25,D,DR,DR,D
13:35:21,JSMR,RG,3750,40,D,DR,RX,D
13:35:21,JSMR,RG,3750,26,D,DR,AK,D
13:35:21,JSMR,RG,3750,2,D,DR,AK,D
13:35:12,JSMR,RG,3750,3,D,NI,AK,D
13:35:12,JSMR,RG,3750,1,D,NI,AK,D
13:35:12,JSMR,RG,3750,13,D,NI,AK,F
13:35:12,JSMR,RG,3750,14,D,NI,ZP,F
13:34:25,JSMR,RG,3750,35,D,DR,ZP,F
13:34:25,JSMR,RG,3750,1,D,DR,BK,F
13:34:25,JSMR,RG,3750,5,D,DR,CS,F
13:34:25,JSMR,RG,3750,9,D,DR,ZP,F
13:34:00,JSMR,RG,3750,15,D,YU,ZP,F
13:34:00,JSMR,RG,3750,32,D,YU,AK,D
13:34:00,JSMR,RG,3750,7,D,YU,AK,D
13:34:00,JSMR,RG,3750,2,D,YU,AK,D
13:34:00,JSMR,RG,3750,23,D,YU,CS,F
13:34:00,JSMR,RG,3750,4,D,YU,CS,F
13:34:00,JSMR,RG,3750,3,D,YU,BK,F
13:33:10,JSMR,RG,3750,38,D,LG,BK,F
13:33:10,JSMR,RG,3750,7,D,LG,BK,F
13:33:10,JSMR,RG,3750,55,D,LG,ZP,F
13:32:27,JSMR,RG,3750,2,D,DH,ZP,F
13:32:08,JSMR,RG,3740,6,F,AK,BK,F
13:31:34,JSMR,RG,3750,128,D,NI,ZP,F
13:31:34,JSMR,RG,3750,2,D,KK,ZP,F
13:31:31,JSMR,RG,3750,1,D,XC,ZP,F
13:31:23,JSMR,RG,3750,60,D,LG,ZP,F
13:31:23,JSMR,RG,3750,13,D,LG,AK,F
13:31:23,JSMR,RG,3750,1,D,LG,SQ,D
13:31:23,JSMR,RG,3750,15,D,LG,DR,D
13:31:23,JSMR,RG,3750,24,D,LG,ZP,F
13:31:23,JSMR,RG,3750,7,D,LG,GR,D
13:31:05,JSMR,RG,3750,40,D,LG,GR,D
13:31:00,JSMR,RG,3750,67,D,YU,GR,D
13:31:00,JSMR,RG,3750,2,D,YU,IF,D
13:31:00,JSMR,RG,3750,7,D,YU,XC,D
13:31:00,JSMR,RG,3750,3,D,YU,XC,D
13:31:00,JSMR,RG,3750,25,D,YU,XC,D
13:30:46,JSMR,RG,3740,14,D,YU,ZP,F
13:30:45,JSMR,RG,3750,1,D,LG,YP,D
13:30:45,JSMR,RG,3750,1,D,LG,YP,D
13:30:45,JSMR,RG,3750,132,D,LG,YP,D
13:30:24,JSMR,RG,3740,6,D,YU,OD,D
13:30:24,JSMR,RG,3740,4,D,CC,OD,D
13:30:05,JSMR,RG,3740,9,D,CC,BK,F
13:30:05,JSMR,RG,3740,7,D,CC,CS,F
13:30:05,JSMR,RG,3730,66,D,KK,AK,D
13:30:05,JSMR,RG,3730,14,D,KK,AK,D
13:30:05,JSMR,RG,3730,3,D,KK,AK,D
13:30:04,JSMR,RG,3730,20,D,KK,PD,D
13:30:04,JSMR,RG,3750,138,D,LG,YP,D
13:30:04,JSMR,RG,3750,1,D,LG,ZP,F
13:30:04,JSMR,RG,3750,2,D,LG,XC,D
13:30:04,JSMR,RG,3750,1,D,LG,YP,D
13:30:04,JSMR,RG,3750,10,D,LG,KK,D
13:30:04,JSMR,RG,3750,400,D,LG,PD,D
13:30:04,JSMR,RG,3750,510,D,LG,ZP,D
13:30:04,JSMR,RG,3740,8,D,LG,CS,F
13:30:04,JSMR,RG,3740,9,D,LG,ZP,F
13:30:04,JSMR,RG,3740,1,D,LG,CS,F
13:30:03,JSMR,RG,3750,20,D,BQ,ZP,D
13:30:03,JSMR,RG,3750,6,D,BQ,ZP,D
13:30:03,JSMR,RG,3740,1,D,BQ,YP,D
13:30:03,JSMR,RG,3740,13,D,BQ,OD,D
13:30:03,JSMR,RG,3730,5,D,KK,BK,F
13:30:03,JSMR,RG,3740,14,D,BQ,OD,D
13:30:03,JSMR,RG,3740,1,D,BQ,KK,D
13:30:03,JSMR,RG,3740,2,D,BQ,SQ,D
13:30:03,JSMR,RG,3740,3,D,BQ,YP,D
13:30:03,JSMR,RG,3730,10,D,KK,BK,F
13:30:03,JSMR,RG,3730,1,D,KK,AT,D
13:30:03,JSMR,RG,3730,1,D,KK,XC,D
13:30:03,JSMR,RG,3730,31,D,KK,AK,F
13:30:01,JSMR,RG,3730,24,D,KK,RX,D
13:30:01,JSMR,RG,3730,5,D,KK,HP,D
13:30:01,JSMR,RG,3730,1,D,KK,BK,F
13:30:01,JSMR,RG,3730,4,D,KK,AK,D
13:30:01,JSMR,RG,3730,10,D,KK,CC,D
13:30:01,JSMR,RG,3730,1,D,KK,AK,F
13:30:01,JSMR,RG,3730,40,D,KK,ZP,F
13:30:01,JSMR,RG,3730,7,D,KK,CS,F
13:30:01,JSMR,RG,3730,6,D,KK,CS,F
13:30:01,JSMR,RG,3730,30,D,KK,RX,D
13:30:01,JSMR,RG,3730,3,D,KK,ZP,F
13:30:01,JSMR,RG,3730,28,D,KK,RX,D
13:30:01,JSMR,RG,3730,7,D,KK,CS,F
13:30:01,JSMR,RG,3730,15,D,KK,CS,F
13:30:01,JSMR,RG,3730,1,D,KK,LG,D
13:30:01,JSMR,RG,3730,4,D,KK,RX,D
13:30:01,JSMR,RG,3720,199,D,IF,ZP,D
13:30:01,JSMR,RG,3730,23,D,LG,RX,D
13:30:01,JSMR,RG,3730,2,D,LG,SQ,D
11:29:51,JSMR,RG,3730,2,D,PD,SQ,D
11:29:50,JSMR,RG,3720,1,D,IF,AK,D
11:29:50,JSMR,RG,3720,1,D,IF,AK,D
11:29:45,JSMR,RG,3720,1,D,IF,AK,F
11:29:45,JSMR,RG,3720,1,D,IF,AK,F
11:29:37,JSMR,RG,3720,5,D,IF,BK,F
11:29:36,JSMR,RG,3730,1,D,YU,BK,F
11:29:35,JSMR,RG,3720,1,D,IF,AK,D
11:29:20,JSMR,RG,3720,30,D,IF,AK,D
11:29:20,JSMR,RG,3720,6,D,IF,AK,D
11:29:14,JSMR,RG,3720,15,D,IF,RX,D
11:29:10,JSMR,RG,3720,4,D,IF,ZP,F
11:29:10,JSMR,RG,3720,1,D,IF,ZP,F
11:29:05,JSMR,RG,3720,5,D,IF,AK,D
11:29:05,JSMR,RG,3720,1,D,IF,AK,D
11:29:05,JSMR,RG,3720,1,D,IF,AK,D
11:28:55,JSMR,RG,3730,1,D,YU,BK,F
11:28:49,JSMR,RG,3730,1,D,YU,BK,F
11:28:48,JSMR,RG,3720,13,D,IF,BK,F
11:28:35,JSMR,RG,3720,28,D,IF,AK,D
11:28:35,JSMR,RG,3720,1,D,IF,AK,D
11:28:35,JSMR,RG,3720,5,D,IF,AK,D
11:28:26,JSMR,RG,3730,1,D,CC,BK,F
11:28:20,JSMR,RG,3720,10,D,IF,AK,D
11:28:20,JSMR,RG,3720,2,D,IF,AK,D
11:28:01,JSMR,RG,3720,3,D,IF,ZP,F
11:28:00,JSMR,RG,3720,5,D,IF,AK,F
11:28:00,JSMR,RG,3730,13,D,YU,BK,F
11:28:00,JSMR,RG,3730,3,D,YU,ZP,F
11:28:00,JSMR,RG,3730,13,D,YU,ZP,F
11:28:00,JSMR,RG,3730,11,D,YU,CS,F
11:28:00,JSMR,RG,3730,6,D,YU,CS,F
11:28:00,JSMR,RG,3730,7,D,YU,AK,F
11:28:00,JSMR,RG,3730,67,D,YU,XL,D
11:27:45,JSMR,RG,3720,3,D,IF,AK,F
11:27:41,JSMR,RG,3720,13,D,IF,RX,D
11:27:30,JSMR,RG,3720,2,D,IF,AK,F
11:26:50,JSMR,RG,3720,68,D,IF,AK,D
11:26:34,JSMR,RG,3720,16,D,IF,AK,D
11:26:32,JSMR,RG,3720,12,D,IF,BK,F
11:26:20,JSMR,RG,3720,5,D,IF,AK,D
11:25:30,JSMR,RG,3720,14,D,IF,AK,F
11:25:24,JSMR,RG,3720,5,D,IF,ZP,F
11:25:24,JSMR,RG,3730,6,D,DH,XL,D
11:25:24,JSMR,RG,3730,4,D,DH,ZP,F
11:23:50,JSMR,RG,3720,5,D,IF,ZP,F
11:23:46,JSMR,RG,3720,12,D,IF,BK,F
11:23:33,JSMR,RG,3730,5,D,RS,ZP,F
11:23:31,JSMR,RG,3730,10,D,YP,ZP,F
11:23:00,JSMR,RG,3720,15,D,IF,AK,F
11:22:04,JSMR,RG,3730,5,D,YP,ZP,F
11:21:43,JSMR,RG,3730,1,D,PD,ZP,F
11:20:55,JSMR,RG,3720,4,D,IF,YP,D
11:20:29,JSMR,RG,3730,6,D,XC,ZP,F
11:20:29,JSMR,RG,3730,6,D,XC,RX,D
11:19:25,JSMR,RG,3730,10,D,YP,RX,D
11:19:11,JSMR,RG,3720,10,D,IF,SQ,D
11:19:05,JSMR,RG,3720,51,D,IF,AK,D
11:19:05,JSMR,RG,3720,10,D,NI,AK,D
11:19:05,JSMR,RG,3720,30,D,YU,AK,D
11:19:05,JSMR,RG,3720,8,D,YU,AK,D
11:19:05,JSMR,RG,3720,4,D,YU,AK,D
11:19:05,JSMR,RG,3720,20,D,YU,AK,D
11:17:00,JSMR,RG,3730,10,D,YU,RX,D
11:17:00,JSMR,RG,3730,18,D,YU,CS,F
11:17:00,JSMR,RG,3730,5,D,YU,CS,F
11:17:00,JSMR,RG,3730,13,D,YU,BK,F
11:17:00,JSMR,RG,3730,25,D,YU,BK,F
11:15:56,JSMR,RG,3730,1,D,PD,BK,F
11:15:31,JSMR,RG,3730,14,D,SQ,CS,F
11:15:31,JSMR,RG,3730,3,D,SQ,CS,F
11:15:31,JSMR,RG,3730,2,D,SQ,ZP,F
11:15:31,JSMR,RG,3730,10,D,SQ,EP,D
11:15:31,JSMR,RG,3730,7,D,SQ,AK,F
11:15:31,JSMR,RG,3730,15,D,SQ,CS,F
11:15:31,JSMR,RG,3730,3,D,SQ,CS,F
11:15:31,JSMR,RG,3730,31,D,SQ,ZP,F
11:15:31,JSMR,RG,3730,69,D,SQ,BK,F
11:15:31,JSMR,RG,3730,25,D,SQ,RX,D
11:15:31,JSMR,RG,3730,5,D,SQ,NI,D
11:15:31,JSMR,RG,3730,6,D,SQ,AK,F
11:15:31,JSMR,RG,3730,12,D,SQ,BK,F
11:15:31,JSMR,RG,3730,37,D,SQ,ZP,F
11:15:31,JSMR,RG,3730,11,D,SQ,ZP,F
11:14:52,JSMR,RG,3730,37,D,SQ,ZP,F
11:14:38,JSMR,RG,3730,17,D,SQ,ZP,F
11:14:38,JSMR,RG,3730,11,D,SQ,ZP,F
11:14:38,JSMR,RG,3730,6,D,SQ,AK,F
11:14:38,JSMR,RG,3730,15,D,SQ,CS,F
11:14:38,JSMR,RG,3730,68,D,SQ,BK,F
11:14:38,JSMR,RG,3730,6,D,SQ,CS,F
11:14:38,JSMR,RG,3730,9,D,SQ,CS,F
11:14:38,JSMR,RG,3730,51,D,SQ,ZP,F
11:14:38,JSMR,RG,3730,12,D,SQ,RX,D
11:14:38,JSMR,RG,3730,8,D,SQ,XL,D
11:14:38,JSMR,RG,3730,4,D,SQ,CS,F
11:14:38,JSMR,RG,3730,1,D,SQ,CS,F
11:14:38,JSMR,RG,3730,13,D,SQ,CS,F
11:14:38,JSMR,RG,3730,29,D,SQ,ZP,F
11:13:36,JSMR,RG,3730,1,D,PD,ZP,F
11:13:35,JSMR,RG,3720,1,D,YU,XC,D
11:13:35,JSMR,RG,3720,10,D,PD,XC,D
11:13:23,JSMR,RG,3730,11,D,YB,ZP,F
11:13:23,JSMR,RG,3730,9,D,YB,RX,D
11:12:37,JSMR,RG,3720,3,D,PD,GR,D
11:12:37,JSMR,RG,3720,97,D,IF,GR,D
11:12:22,JSMR,RG,3730,21,D,XC,RX,D
11:12:22,JSMR,RG,3730,9,D,XC,AK,F
11:11:35,JSMR,RG,3730,2,D,GR,AK,F
11:11:35,JSMR,RG,3730,43,D,GR,ZP,F
11:11:35,JSMR,RG,3730,30,D,GR,RX,D
11:11:35,JSMR,RG,3730,13,D,GR,BK,F
11:11:35,JSMR,RG,3730,3,D,GR,ZP,F
11:11:35,JSMR,RG,3730,59,D,GR,BK,F
11:10:26,JSMR,RG,3730,4,D,LS,BK,F
11:10:26,JSMR,RG,3730,1,D,LS,ZP,F
11:10:16,JSMR,RG,3730,39,D,GR,ZP,F
11:10:16,JSMR,RG,3730,40,D,GR,ZP,F
11:10:16,JSMR,RG,3730,6,D,GR,AK,F
11:10:16,JSMR,RG,3730,5,D,GR,CS,F
11:10:16,JSMR,RG,3730,10,D,GR,ZP,F
11:10:00,JSMR,RG,3730,23,D,YU,ZP,F
11:10:00,JSMR,RG,3730,12,D,YU,ZP,F
11:10:00,JSMR,RG,3730,9,D,YU,CS,F
11:10:00,JSMR,RG,3730,2,D,YU,CS,F
11:10:00,JSMR,RG,3730,27,D,YU,RX,D
11:09:52,JSMR,RG,3720,18,D,IF,RX,D
11:09:15,JSMR,RG,3720,4,D,IF,ZP,F
11:08:58,JSMR,RG,3730,1,D,XL,RX,D
11:08:34,JSMR,RG,3720,1,D,IF,XL,D
11:08:15,JSMR,RG,3720,11,D,IF,AK,F
11:08:06,JSMR,RG,3720,13,D,IF,BK,F
11:07:39,JSMR,RG,3720,13,D,IF,RX,D
11:07:07,JSMR,RG,3720,6,D,IF,ZP,F
11:06:53,JSMR,RG,3720,7,D,IF,XC,D
11:06:45,JSMR,RG,3720,5,D,IF,AK,F
11:06:09,JSMR,RG,3720,14,D,IF,RX,D
11:05:37,JSMR,RG,3720,1,D,IF,XC,D
11:05:30,JSMR,RG,3720,5,D,IF,AK,F
11:05:15,JSMR,RG,3720,1,D,IF,ZP,F
11:04:48,JSMR,RG,3720,3,D,IF,ZP,F
11:04:41,JSMR,RG,3720,3,D,IF,CC,D
11:04:34,JSMR,RG,3720,21,D,IF,RX,D
11:04:00,JSMR,RG,3720,5,D,IF,AK,F
11:03:33,JSMR,RG,3720,13,D,IF,BK,F
11:03:25,JSMR,RG,3730,7,D,XC,RX,D
11:03:00,JSMR,RG,3730,8,D,YU,RX,D
11:03:00,JSMR,RG,3730,5,D,YU,CS,F
11:03:00,JSMR,RG,3730,6,D,YU,CS,F
11:03:00,JSMR,RG,3730,2,D,YU,CS,F
11:03:00,JSMR,RG,3730,14,D,YU,CS,F
11:03:00,JSMR,RG,3730,2,D,YU,CS,F
11:03:00,JSMR,RG,3730,50,D,YU,BK,F
11:01:29,JSMR,RG,3730,5,D,CC,BK,F
11:00:33,JSMR,RG,3720,1,D,IF,OD,D
11:00:29,JSMR,RG,3720,47,D,IF,OD,D
11:00:23,JSMR,RG,3720,5,D,IF,KK,D
10:58:58,JSMR,RG,3720,50,D,IF,GR,D
10:57:23,JSMR,RG,3730,5,D,YP,BK,F
10:57:00,JSMR,RG,3730,22,D,YU,BK,F
10:57:00,JSMR,RG,3730,41,D,YU,ZP,F
10:57:00,JSMR,RG,3730,8,D,YU,BK,F
10:56:42,JSMR,RG,3720,13,D,IF,BK,F
10:56:30,JSMR,RG,3720,23,D,IF,AK,F
10:55:11,JSMR,RG,3720,1,D,IF,NI,D
10:53:26,JSMR,RG,3720,8,D,IF,KK,D
10:52:00,JSMR,RG,3730,5,D,YU,BK,F
10:52:00,JSMR,RG,3730,7,D,YU,AK,F
10:52:00,JSMR,RG,3730,2,D,YU,CS,F
10:52:00,JSMR,RG,3730,55,D,YU,RX,D
10:51:39,JSMR,RG,3730,2,D,YP,RX,D
10:51:00,JSMR,RG,3720,14,D,IF,BK,F
10:50:21,JSMR,RG,3730,46,D,PD,RX,D
10:50:21,JSMR,RG,3730,88,D,PD,ZP,F
10:50:21,JSMR,RG,3730,7,D,PD,AK,F
10:50:21,JSMR,RG,3730,140,D,PD,BK,F
10:50:21,JSMR,RG,3730,6,D,PD,CS,F
10:50:21,JSMR,RG,3730,1,D,PD,CS,F
10:50:21,JSMR,RG,3730,3,D,PD,CS,F
10:50:21,JSMR,RG,3730,5,D,PD,CS,F
10:50:21,JSMR,RG,3730,3,D,PD,ZP,F
10:50:21,JSMR,RG,3730,201,D,PD,CC,D
10:49:40,JSMR,RG,3720,27,D,IF,RX,D
10:49:16,JSMR,RG,3720,9,D,IF,RG,D
10:48:15,JSMR,RG,3720,13,D,IF,AK,F
10:48:00,JSMR,RG,3730,73,D,YU,CC,D
10:47:12,JSMR,RG,3720,1,D,IF,CC,D
10:46:58,JSMR,RG,3720,14,D,IF,RX,D
10:46:07,JSMR,RG,3730,10,D,DX,CC,D
10:46:06,JSMR,RG,3720,12,D,IF,YP,D
10:45:38,JSMR,RG,3720,21,D,IF,RX,D
10:45:38,JSMR,RG,3720,1,D,YP,RX,D
10:45:38,JSMR,RG,3720,1,D,YP,RX,D
10:45:37,JSMR,RG,3730,1,D,YP,CC,D
10:45:37,JSMR,RG,3730,1,D,YP,CC,D
10:45:37,JSMR,RG,3730,4,D,XC,CC,D
10:45:37,JSMR,RG,3730,7,D,YP,CC,D
10:45:37,JSMR,RG,3730,3,D,NI,CC,D
10:45:27,JSMR,RG,3730,2,D,NI,XC,D
10:45:27,JSMR,RG,3730,3,D,IF,XC,D
10:45:26,JSMR,RG,3730,106,D,IF,CC,D
10:45:25,JSMR,RG,3730,2,D,IF,ZP,F
10:44:33,JSMR,RG,3730,11,D,IF,ZP,F
10:44:33,JSMR,RG,3730,49,D,IF,ZP,F
10:44:13,JSMR,RG,3730,35,D,IF,CC,D
10:43:44,JSMR,RG,3740,2,D,CC,AK,F
10:43:00,JSMR,RG,3740,8,D,YU,AK,F
10:43:00,JSMR,RG,3740,43,D,YU,ZP,F
10:43:00,JSMR,RG,3740,2,D,YU,NI,D
10:43:00,JSMR,RG,3740,18,D,YU,GR,D
10:42:51,JSMR,RG,3740,15,D,DX,GR,D
10:42:49,JSMR,RG,3730,1,D,IF,XC,D
10:42:10,JSMR,RG,3730,1,D,IF,XC,D
10:41:19,JSMR,RG,3730,20,D,IF,NI,D
10:38:03,JSMR,RG,3740,25,D,HP,GR,D
10:37:00,JSMR,RG,3740,75,D,YU,GR,D
10:37:00,JSMR,RG,3740,10,D,YU,BK,F
10:34:47,JSMR,RG,3740,5,F,AK,BK,F
10:34:47,JSMR,RG,3740,1,F,AK,ZP,F
10:34:47,JSMR,RG,3740,74,F,AK,AG,D
10:34:47,JSMR,RG,3730,31,D,IF,BK,F
10:34:46,JSMR,RG,3730,11,D,IF,CS,F
10:34:46,JSMR,RG,3730,3,D,IF,CS,F
10:34:46,JSMR,RG,3730,9,D,IF,AK,F
10:34:46,JSMR,RG,3730,10,D,IF,ZP,F
10:34:46,JSMR,RG,3730,40,D,IF,RX,D
10:34:46,JSMR,RG,3730,8,D,IF,AK,F
10:34:46,JSMR,RG,3730,100,D,IF,CC,D
10:34:46,JSMR,RG,3730,49,D,IF,BK,F
10:34:46,JSMR,RG,3730,6,D,IF,CS,F
10:34:46,JSMR,RG,3730,14,D,IF,CS,F
10:34:46,JSMR,RG,3730,45,D,IF,ZP,F
10:34:46,JSMR,RG,3730,6,D,IF,XC,D
10:34:46,JSMR,RG,3730,41,D,IF,ZP,F
10:34:46,JSMR,RG,3730,2,D,IF,CS,F
10:34:46,JSMR,RG,3730,31,D,IF,RX,D
10:34:46,JSMR,RG,3730,7,D,IF,ZP,F
10:34:46,JSMR,RG,3730,45,D,IF,ZP,F
10:34:46,JSMR,RG,3730,2,D,IF,SQ,D
10:34:46,JSMR,RG,3730,8,D,IF,XC,D
10:34:46,JSMR,RG,3730,2,D,IF,CS,F
10:34:46,JSMR,RG,3730,31,D,IF,ZP,F
10:34:46,JSMR,RG,3730,8,D,IF,AK,F
10:34:46,JSMR,RG,3730,65,D,IF,RX,D
10:34:46,JSMR,RG,3730,139,D,IF,BK,F
10:34:46,JSMR,RG,3730,2,D,IF,CS,F
10:34:46,JSMR,RG,3730,9,D,IF,ZP,F
10:34:46,JSMR,RG,3730,5,D,IF,CS,F
10:34:46,JSMR,RG,3730,10,D,IF,CS,F
10:34:46,JSMR,RG,3730,33,D,IF,AG,D
10:29:07,JSMR,RG,3730,20,D,GR,AG,D
10:27:13,JSMR,RG,3730,42,D,YU,AG,D
10:27:13,JSMR,RG,3730,71,D,YU,AG,D
10:27:13,JSMR,RG,3730,30,D,OD,AG,D
10:27:13,JSMR,RG,3730,14,D,KK,AG,D
10:27:13,JSMR,RG,3730,30,D,GR,AG,D
10:27:13,JSMR,RG,3730,50,D,PG,AG,D
10:27:13,JSMR,RG,3730,1,D,SQ,AG,D
10:27:13,JSMR,RG,3730,150,D,GR,AG,D
10:27:13,JSMR,RG,3730,50,D,YP,AG,D
10:27:13,JSMR,RG,3730,9,D,DR,AG,D
10:27:10,JSMR,RG,3740,1,D,CC,AG,D
10:25:28,JSMR,RG,3740,22,F,AG,AG,D
10:23:32,JSMR,RG,3740,15,D,XC,AG,D
10:23:10,JSMR,RG,3740,5,D,YP,AG,D
10:23:10,JSMR,RG,3740,43,D,YU,AG,D
10:23:10,JSMR,RG,3740,100,D,YB,AG,D
10:23:10,JSMR,RG,3740,40,D,YU,AG,D
10:22:40,JSMR,RG,3750,24,D,FS,ZP,D
10:22:40,JSMR,RG,3750,200,D,FS,AG,D
10:22:40,JSMR,RG,3750,1,D,FS,PD,D
10:22:40,JSMR,RG,3750,10,D,FS,PD,D
10:22:17,JSMR,RG,3740,1,D,FS,OD,D
10:22:02,JSMR,RG,3740,6,D,FS,CS,F
10:22:02,JSMR,RG,3740,1,D,FS,YP,D
10:22:02,JSMR,RG,3740,2,D,FS,ZP,F
10:22:02,JSMR,RG,3740,1,D,FS,ZP,F
10:22:02,JSMR,RG,3740,2,D,FS,YP,D
10:22:02,JSMR,RG,3740,4,D,FS,OD,D
10:22:02,JSMR,RG,3740,200,D,FS,AG,D
10:21:38,JSMR,RG,3740,100,D,GR,AG,D
10:21:37,JSMR,RG,3730,1,D,DR,YP,D
10:21:37,JSMR,RG,3730,37,D,YU,YP,D
10:21:37,JSMR,RG,3730,29,D,YU,YP,D
10:21:37,JSMR,RG,3730,35,D,FS,YP,D
10:21:25,JSMR,RG,3730,1,D,FS,YP,D
10:21:09,JSMR,RG,3730,15,D,FS,TP,D
10:21:06,JSMR,RG,3730,1,D,FS,AK,F
10:21:05,JSMR,RG,3730,1,D,FS,AK,F
10:21:05,JSMR,RG,3730,74,D,FS,BK,F
10:21:05,JSMR,RG,3730,5,D,FS,CS,F
10:21:05,JSMR,RG,3730,2,D,FS,CS,F
10:21:05,JSMR,RG,3730,3,D,FS,ZP,F
10:21:05,JSMR,RG,3730,10,D,FS,AK,F
10:21:05,JSMR,RG,3730,6,D,FS,ZP,F
10:21:05,JSMR,RG,3730,33,D,FS,ZP,F
10:21:05,JSMR,RG,3730,5,D,FS,PD,D
10:21:05,JSMR,RG,3730,13,D,FS,YB,D
10:21:05,JSMR,RG,3730,1,D,FS,LG,D
10:21:05,JSMR,RG,3730,295,D,FS,AG,D
10:21:03,JSMR,RG,3720,4,D,YU,XL,D
10:20:53,JSMR,RG,3720,2,D,YU,AK,F
10:20:53,JSMR,RG,3720,1,D,YP,AK,F
10:20:10,JSMR,RG,3720,13,D,FS,XC,D
10:20:09,JSMR,RG,3730,5,D,YP,AG,D
10:19:44,JSMR,RG,3720,26,D,FS,AK,F
10:19:44,JSMR,RG,3720,3,D,FS,ZP,F
10:19:44,JSMR,RG,3720,4,D,FS,CS,F
10:19:44,JSMR,RG,3720,10,D,FS,SH,D
10:19:44,JSMR,RG,3720,5,D,FS,PD,D
10:19:44,JSMR,RG,3720,1,D,FS,ZP,F
10:19:44,JSMR,RG,3720,7,D,FS,AK,F
10:19:44,JSMR,RG,3720,175,D,FS,GR,D
10:19:44,JSMR,RG,3720,198,D,FS,AG,D
10:18:56,JSMR,RG,3720,2,D,CC,AG,D
10:18:30,JSMR,RG,3710,14,D,IF,CS,F
10:18:29,JSMR,RG,3710,6,D,IF,ZP,D
10:18:29,JSMR,RG,3710,2,D,IF,XC,D
10:18:29,JSMR,RG,3710,4,D,IF,CS,F
10:18:29,JSMR,RG,3710,2,D,IF,CS,F
10:18:29,JSMR,RG,3710,1,D,IF,XC,D
10:18:29,JSMR,RG,3710,30,D,IF,RX,D
10:18:29,JSMR,RG,3710,5,D,IF,ZP,F
10:18:29,JSMR,RG,3710,2,D,IF,ZP,F
10:18:29,JSMR,RG,3710,3,D,IF,CS,F
10:18:29,JSMR,RG,3710,54,D,IF,ZP,F
10:18:29,JSMR,RG,3710,133,D,IF,CC,F
10:18:29,JSMR,RG,3710,4,D,IF,YP,D
10:18:29,JSMR,RG,3710,9,D,IF,ZP,F
10:18:29,JSMR,RG,3710,43,D,IF,RX,D
10:17:48,JSMR,RG,3700,5,D,FS,PD,D
10:17:16,JSMR,RG,3710,2,D,KK,RX,D
10:17:00,JSMR,RG,3710,48,D,YU,RX,D
10:17:00,JSMR,RG,3710,6,D,YU,AK,F
10:17:00,JSMR,RG,3710,39,D,YU,ZP,F
10:16:34,JSMR,RG,3710,15,D,LG,XL,D
10:16:34,JSMR,RG,3710,7,D,LG,AK,F
10:16:34,JSMR,RG,3710,7,D,LG,CS,F
10:16:34,JSMR,RG,3710,43,D,LG,ZP,F
10:16:34,JSMR,RG,3710,2,D,LG,CS,F
10:16:34,JSMR,RG,3710,10,D,LG,CS,F
10:16:34,JSMR,RG,3710,7,D,LG,AK,F
10:16:34,JSMR,RG,3710,11,D,LG,CS,F
10:16:34,JSMR,RG,3710,2,D,LG,CS,F
10:16:34,JSMR,RG,3710,2,D,LG,XC,D
10:16:34,JSMR,RG,3710,5,D,LG,XC,D
10:16:34,JSMR,RG,3710,39,D,LG,ZP,F
10:16:34,JSMR,RG,3710,4,D,LG,CS,F
10:16:34,JSMR,RG,3710,4,D,LG,CS,F
10:16:34,JSMR,RG,3710,85,D,LG,RX,D
10:16:34,JSMR,RG,3710,7,D,LG,CS,F
10:16:32,JSMR,RG,3710,2,D,DH,CS,F
10:16:14,JSMR,RG,3710,3,D,LG,CS,F
10:16:14,JSMR,RG,3710,9,D,LG,CS,F
10:16:14,JSMR,RG,3710,5,D,LG,CS,F
10:16:14,JSMR,RG,3710,55,D,LG,ZP,F
10:16:14,JSMR,RG,3710,4,D,LG,XC,D
10:16:14,JSMR,RG,3710,11,D,LG,CS,F
10:16:14,JSMR,RG,3710,21,D,LG,ZP,F
10:16:14,JSMR,RG,3710,6,D,LG,CS,F
10:16:14,JSMR,RG,3710,486,D,LG,PD,D
10:15:54,JSMR,RG,3710,1,D,NI,PD,D
10:15:44,JSMR,RG,3710,1,D,PD,PD,D
10:14:59,JSMR,RG,3710,5,D,OD,PD,D
10:14:58,JSMR,RG,3700,19,D,FS,ZP,F
10:14:05,JSMR,RG,3710,1,D,PD,PD,D
10:14:01,JSMR,RG,3710,10,D,GR,PD,D
10:13:57,JSMR,RG,3700,4,D,FS,CS,F
10:13:56,JSMR,RG,3700,10,D,FS,CS,F
10:13:52,JSMR,RG,3700,12,D,FS,ZP,F
10:13:50,JSMR,RG,3700,5,D,FS,ZP,F
10:13:38,JSMR,RG,3700,1,D,FS,XL,D
10:13:35,JSMR,RG,3700,17,D,FS,ZP,F
10:13:23,JSMR,RG,3700,2,D,FS,YP,D
10:13:00,JSMR,RG,3710,63,D,YU,PD,D
10:12:28,JSMR,RG,3700,25,D,FS,ZP,F
10:11:54,JSMR,RG,3700,21,D,FS,ZP,F
10:11:37,JSMR,RG,3700,38,D,FS,CC,D
10:11:37,JSMR,RG,3700,1,D,YP,CC,D
10:11:37,JSMR,RG,3700,1,D,DH,CC,D
10:11:37,JSMR,RG,3700,10,D,ZP,CC,D
10:11:37,JSMR,RG,3700,30,D,PD,CC,D
10:11:37,JSMR,RG,3700,20,D,LG,CC,D
10:11:36,JSMR,RG,3700,3,D,LG,ZP,F
10:11:35,JSMR,RG,3700,2,D,LG,ZP,F
10:11:30,JSMR,RG,3700,15,D,LG,SQ,D
10:10:37,JSMR,RG,3700,2,D,LG,CS,F
10:10:28,JSMR,RG,3700,5,D,LG,CS,F
10:10:27,JSMR,RG,3700,53,D,LG,ZP,F
10:10:27,JSMR,RG,3700,1,D,YP,ZP,F
10:10:27,JSMR,RG,3700,24,D,YU,ZP,F
10:10:27,JSMR,RG,3700,1,D,YU,CP,D
10:10:19,JSMR,RG,3700,5,D,YU,ZP,F
10:10:15,JSMR,RG,3700,1,D,YU,ZP,F
10:10:12,JSMR,RG,3700,2,D,YU,PD,D
10:09:26,JSMR,RG,3700,1,D,YU,XC,D
10:09:05,JSMR,RG,3700,1,D,YU,XL,D
10:08:48,JSMR,RG,3690,25,D,YU,RX,D
10:08:48,JSMR,RG,3690,1,D,XC,RX,D
10:08:48,JSMR,RG,3690,1,D,PD,RX,D
10:08:48,JSMR,RG,3690,2,D,YP,RX,D
10:08:48,JSMR,RG,3690,1,D,BQ,RX,D
10:08:48,JSMR,RG,3690,1,D,PD,RX,D
10:08:48,JSMR,RG,3690,35,D,YP,RX,D
10:08:46,JSMR,RG,3690,1,D,YP,CS,F
10:08:46,JSMR,RG,3700,1,D,PD,RX,D
10:08:45,JSMR,RG,3700,6,D,PD,AK,F
10:08:45,JSMR,RG,3700,3,D,PD,ZP,F
10:08:36,JSMR,RG,3700,1,D,NI,AK,F
10:08:34,JSMR,RG,3710,50,D,PD,PD,D
10:08:31,JSMR,RG,3700,30,D,NI,BK,F
10:08:31,JSMR,RG,3700,3,D,SS,BK,F
10:08:31,JSMR,RG,3700,5,D,GR,BK,F
10:08:31,JSMR,RG,3700,6,D,PD,BK,F
10:08:31,JSMR,RG,3700,3,D,YP,BK,F
10:08:31,JSMR,RG,3700,2,D,LG,BK,F
10:08:31,JSMR,RG,3700,3,D,LG,ZP,F
10:08:31,JSMR,RG,3700,5,D,AR,ZP,F
10:08:31,JSMR,RG,3700,5,D,CC,ZP,F
10:08:31,JSMR,RG,3700,10,D,YP,ZP,F
10:08:31,JSMR,RG,3700,11,D,YP,ZP,F
10:08:31,JSMR,RG,3700,5,D,LS,ZP,F
10:08:31,JSMR,RG,3700,1,D,PD,ZP,F
10:08:31,JSMR,RG,3700,20,D,CC,ZP,F
10:08:31,JSMR,RG,3700,18,D,CC,ZP,F
10:08:31,JSMR,RG,3700,2,D,CC,CS,F
10:08:31,JSMR,RG,3700,3,D,PD,CS,F
10:08:30,JSMR,RG,3700,2,D,PD,BK,F
10:08:30,JSMR,RG,3700,121,D,FS,BK,F
10:08:29,JSMR,RG,3700,7,D,FS,AK,F
10:08:29,JSMR,RG,3700,6,D,FS,AK,F
10:08:28,JSMR,RG,3700,66,D,FS,BK,F
10:08:28,JSMR,RG,3700,1,F,OD,BK,F
10:08:28,JSMR,RG,3700,1,D,XL,BK,F
10:08:28,JSMR,RG,3700,10,D,YP,BK,F
10:08:28,JSMR,RG,3700,10,D,PD,BK,F
10:08:28,JSMR,RG,3700,1,D,OD,BK,F
10:08:28,JSMR,RG,3700,2,D,XC,BK,F
10:08:28,JSMR,RG,3700,3,D,NI,BK,F
10:08:28,JSMR,RG,3700,3,D,CC,BK,F
10:08:28,JSMR,RG,3700,15,D,DR,BK,F
10:08:28,JSMR,RG,3700,1,D,YP,BK,F
10:08:28,JSMR,RG,3700,7,D,YB,BK,F
10:08:28,JSMR,RG,3700,1,D,KK,BK,F
10:08:28,JSMR,RG,3700,1,D,YB,BK,F
10:08:28,JSMR,RG,3700,1,D,AT,BK,F
10:08:28,JSMR,RG,3700,16,D,AT,CS,F
10:08:03,JSMR,RG,3710,1,D,YP,PD,D
10:07:34,JSMR,RG,3700,12,D,AT,YP,D
10:07:27,JSMR,RG,3700,9,D,AT,PD,D
10:07:07,JSMR,RG,3710,3,D,SS,PD,D
10:07:00,JSMR,RG,3710,29,D,YU,PD,D
10:07:00,JSMR,RG,3710,29,D,YU,RX,D
10:06:49,JSMR,RG,3700,22,D,AT,CC,D
10:04:46,JSMR,RG,3710,3,D,PD,RX,D
10:04:24,JSMR,RG,3710,1,D,YP,RX,D
10:04:13,JSMR,RG,3710,1,D,PD,RX,D
10:03:29,JSMR,RG,3710,1,D,XL,RX,D
10:01:54,JSMR,RG,3710,3,D,YP,RX,D
10:01:54,JSMR,RG,3710,3,D,YP,CS,F
10:01:54,JSMR,RG,3710,41,D,YP,ZP,F
10:01:54,JSMR,RG,3710,13,D,YP,BK,F
10:01:54,JSMR,RG,3710,2,D,YP,CS,F
10:01:54,JSMR,RG,3710,9,D,YP,CS,F
10:01:54,JSMR,RG,3710,8,D,YP,ZP,F
10:01:54,JSMR,RG,3710,2,D,YP,CS,F
10:01:54,JSMR,RG,3710,19,D,YP,NI,D
10:01:00,JSMR,RG,3710,31,D,YU,NI,D
10:01:00,JSMR,RG,3710,39,D,YU,RX,D
10:01:00,JSMR,RG,3710,1,D,YU,LG,D
10:01:00,JSMR,RG,3710,8,D,YU,CS,F
10:00:15,JSMR,RG,3700,23,D,AT,AK,F
10:00:03,JSMR,RG,3700,4,D,AT,PD,D
9:59:28,JSMR,RG,3710,2,D,XC,CS,F
9:59:10,JSMR,RG,3710,1,D,XC,CS,F
9:59:01,JSMR,RG,3710,10,D,PD,ZP,F
9:58:23,JSMR,RG,3710,12,D,YP,ZP,F
9:58:17,JSMR,RG,3710,10,D,PD,ZP,F
9:57:56,JSMR,RG,3710,15,D,CC,ZP,F
9:57:15,JSMR,RG,3710,1,D,YP,ZP,F
9:57:13,JSMR,RG,3700,7,D,AT,YP,D
9:57:10,JSMR,RG,3700,1,D,AT,XC,D
9:57:02,JSMR,RG,3700,5,D,AT,PD,D
9:56:24,JSMR,RG,3700,8,D,AT,YP,D
9:56:08,JSMR,RG,3710,1,D,YP,ZP,F
9:56:08,JSMR,RG,3710,14,D,YP,RX,D
9:56:03,JSMR,RG,3710,3,D,PD,RX,D
9:56:00,JSMR,RG,3710,27,D,YU,RX,D
9:56:00,JSMR,RG,3710,25,D,YU,CC,F
9:56:00,JSMR,RG,3710,5,D,YU,ZP,F
9:56:00,JSMR,RG,3710,3,D,YU,ZP,F
9:56:00,JSMR,RG,3710,12,D,YU,BK,F
9:56:00,JSMR,RG,3710,6,D,YU,ZP,F
9:56:00,JSMR,RG,3710,2,D,YU,ZP,F
9:56:00,JSMR,RG,3710,5,D,YU,CS,F
9:56:00,JSMR,RG,3710,4,D,YU,CS,F
9:55:50,JSMR,RG,3700,50,D,AT,PD,D
9:55:47,JSMR,RG,3700,42,D,AT,YP,D
9:55:47,JSMR,RG,3700,1,D,LG,YP,D
9:55:47,JSMR,RG,3700,1,D,AZ,YP,D
9:55:47,JSMR,RG,3700,1,D,PD,YP,D
9:55:47,JSMR,RG,3700,15,D,NI,YP,D
9:55:47,JSMR,RG,3700,2,D,AR,YP,D
9:53:57,JSMR,RG,3710,5,D,LS,CS,F
9:53:49,JSMR,RG,3710,5,D,NI,ZP,F
9:52:59,JSMR,RG,3710,15,D,YP,ZP,F
9:52:44,JSMR,RG,3710,15,D,YP,ZP,F
9:52:36,JSMR,RG,3710,7,D,YP,ZP,F
9:52:36,JSMR,RG,3710,2,D,YP,LG,D
9:52:36,JSMR,RG,3710,6,D,YP,OD,D
9:51:47,JSMR,RG,3700,2,D,AZ,DR,D
9:51:47,JSMR,RG,3700,1,D,LG,DR,D
9:51:47,JSMR,RG,3700,1,D,YP,DR,D
9:51:47,JSMR,RG,3700,1,D,YP,DR,D
9:51:25,JSMR,RG,3710,1,D,AZ,OD,D
9:51:00,JSMR,RG,3710,3,D,YU,OD,D
9:51:00,JSMR,RG,3710,70,D,YU,PD,D
9:50:47,JSMR,RG,3710,5,D,NI,IF,D
9:50:47,JSMR,RG,3710,1,D,NI,KK,D
9:50:40,JSMR,RG,3710,1,D,KK,PD,D
9:50:20,JSMR,RG,3710,1,D,AZ,PD,D
9:49:55,JSMR,RG,3710,1,D,YP,PD,D
9:49:00,JSMR,RG,3700,1,D,YP,AK,F
9:48:59,JSMR,RG,3700,1,D,YP,RX,D
9:48:56,JSMR,RG,3700,44,D,PD,RX,D
9:48:56,JSMR,RG,3700,3,D,PD,YP,D
9:48:56,JSMR,RG,3700,4,D,PD,ZP,F
9:48:56,JSMR,RG,3700,7,D,PD,ZP,F
9:48:56,JSMR,RG,3700,1,D,PD,XC,D
9:48:56,JSMR,RG,3700,6,D,PD,NI,D
9:48:56,JSMR,RG,3700,7,D,PD,CS,F
9:48:56,JSMR,RG,3700,5,D,PD,CS,F
9:48:56,JSMR,RG,3700,26,D,PD,DH,D
9:48:56,JSMR,RG,3700,6,D,PD,ZP,F
9:48:17,JSMR,RG,3700,1,D,PD,ZP,F
9:48:01,JSMR,RG,3700,3,D,YP,ZP,F
9:47:57,JSMR,RG,3700,56,D,YP,ZP,F
9:47:57,JSMR,RG,3700,14,D,YP,RX,D
9:47:57,JSMR,RG,3700,2,D,YP,CS,F
9:47:57,JSMR,RG,3700,10,D,YP,CS,F
9:47:57,JSMR,RG,3700,2,D,YP,CS,F
9:47:57,JSMR,RG,3700,5,D,YP,ZP,F
9:47:57,JSMR,RG,3700,7,D,YP,ZP,F
9:47:57,JSMR,RG,3700,2,D,YP,PD,D
9:47:57,JSMR,RG,3700,1,D,YP,ZP,F
9:47:55,JSMR,RG,3700,2,D,CC,ZP,F
9:47:49,JSMR,RG,3700,10,D,YP,ZP,F
9:47:37,JSMR,RG,3700,1,D,PD,ZP,F
9:47:27,JSMR,RG,3700,1,D,AT,ZP,F
9:47:06,JSMR,RG,3690,14,D,YP,GR,D
9:47:06,JSMR,RG,3690,111,D,CC,GR,D
9:46:52,JSMR,RG,3700,1,D,YP,YP,D
9:46:48,JSMR,RG,3700,1,D,YP,YP,D
9:46:44,JSMR,RG,3700,1,D,YP,YP,D
9:46:43,JSMR,RG,3700,2,D,YP,XC,D
9:46:36,JSMR,RG,3700,1,D,YP,XC,D
9:46:32,JSMR,RG,3700,1,D,OD,XC,D
9:46:20,JSMR,RG,3700,1,D,YP,XC,D
9:46:15,JSMR,RG,3700,2,D,DR,CS,F
9:46:15,JSMR,RG,3700,2,D,DR,CS,F
9:46:15,JSMR,RG,3700,6,D,DR,CC,F
9:46:05,JSMR,RG,3700,8,D,SQ,CC,F
9:46:05,JSMR,RG,3700,12,D,SQ,ZP,F
9:45:53,JSMR,RG,3700,1,D,PD,ZP,F
9:45:46,JSMR,RG,3700,46,F,BK,ZP,F
9:45:46,JSMR,RG,3700,3,F,BK,CS,F
9:45:46,JSMR,RG,3700,1,F,BK,CS,F
9:45:46,JSMR,RG,3700,2,F,BK,CS,F
9:45:46,JSMR,RG,3700,1,F,BK,CS,F
9:45:46,JSMR,RG,3700,1,F,BK,CS,F
9:45:46,JSMR,RG,3700,2,F,BK,CS,F
9:45:46,JSMR,RG,3700,2,F,BK,CS,F
9:45:46,JSMR,RG,3700,1,F,BK,CS,F
9:45:46,JSMR,RG,3700,2,F,BK,CS,F
9:45:46,JSMR,RG,3700,1,F,BK,CS,F
9:45:46,JSMR,RG,3700,61,F,BK,RX,D
9:45:46,JSMR,RG,3700,6,F,BK,RX,D
9:45:46,JSMR,RG,3700,117,F,BK,ZP,F
9:45:45,JSMR,RG,3700,42,F,BK,ZP,F
9:45:45,JSMR,RG,3700,26,F,BK,BK,F
9:45:45,JSMR,RG,3700,4,F,BK,EP,D
9:45:45,JSMR,RG,3700,1,F,BK,CS,F
9:45:45,JSMR,RG,3700,1,F,BK,CS,F
9:45:45,JSMR,RG,3700,1,F,BK,CS,F
9:45:45,JSMR,RG,3700,1,F,BK,CS,F
9:45:45,JSMR,RG,3700,13,F,BK,BK,F
9:45:45,JSMR,RG,3700,1,F,BK,CS,F
9:45:45,JSMR,RG,3700,16,F,BK,ZP,F
9:45:45,JSMR,RG,3700,17,F,BK,ZP,F
9:45:45,JSMR,RG,3700,1,D,DH,ZP,F
9:45:37,JSMR,RG,3690,16,D,CC,RX,D
9:45:29,JSMR,RG,3690,3,D,CC,NI,D
9:44:45,JSMR,RG,3690,5,D,CC,LG,D
9:44:24,JSMR,RG,3690,1,D,CC,XC,D
9:44:19,JSMR,RG,3690,16,D,CC,RX,D
9:44:07,JSMR,RG,3700,2,D,PD,ZP,F
9:44:06,JSMR,RG,3690,10,D,CC,PD,D
9:44:02,JSMR,RG,3700,2,D,LG,ZP,F
9:43:49,JSMR,RG,3700,2,D,YP,ZP,F
9:43:30,JSMR,RG,3690,50,D,CC,YP,D
9:43:24,JSMR,RG,3700,1,D,AI,ZP,F
9:43:09,JSMR,RG,3700,2,D,XC,ZP,F
9:43:09,JSMR,RG,3700,1,D,MG,ZP,F
9:43:00,JSMR,RG,3700,1,D,XC,ZP,F
9:42:49,JSMR,RG,3690,17,D,CC,KK,D
9:42:49,JSMR,RG,3690,10,D,CC,KK,D
9:42:49,JSMR,RG,3690,26,D,CC,AK,F
9:42:48,JSMR,RG,3690,235,D,CC,YP,D
9:42:48,JSMR,RG,3690,2,D,YP,YP,D
9:42:48,JSMR,RG,3690,162,D,LG,YP,D
9:42:48,JSMR,RG,3690,10,D,LG,NI,D
9:42:47,JSMR,RG,3690,3,D,LG,PD,D
9:42:47,JSMR,RG,3690,25,D,LG,RX,D
9:42:47,JSMR,RG,3690,1,D,XC,RX,D
9:42:47,JSMR,RG,3690,1,D,YP,RX,D
9:42:47,JSMR,RG,3690,1,D,CC,RX,D
9:42:47,JSMR,RG,3690,1,D,YP,RX,D
9:42:47,JSMR,RG,3690,1,D,PD,RX,D
9:42:47,JSMR,RG,3700,2,D,CC,ZP,F
9:42:47,JSMR,RG,3700,1,D,CC,CS,F
9:42:41,JSMR,RG,3700,1,D,XL,XC,D
9:42:30,JSMR,RG,3700,1,D,YP,AK,F
9:42:23,JSMR,RG,3700,1,D,CC,CS,F
9:42:22,JSMR,RG,3700,2,D,YP,CP,D
9:42:22,JSMR,RG,3700,2,D,PD,CP,D
9:42:22,JSMR,RG,3700,5,D,PD,CP,D
9:42:22,JSMR,RG,3700,1,D,YP,CP,D
9:42:22,JSMR,RG,3700,48,D,YU,CP,D
9:42:22,JSMR,RG,3700,2,D,YP,CP,D
9:42:22,JSMR,RG,3700,1,D,XC,CP,D
9:42:22,JSMR,RG,3700,15,D,YP,CP,D
9:42:22,JSMR,RG,3700,1,D,XC,CP,D
9:42:22,JSMR,RG,3700,1,D,CC,CP,D
9:42:22,JSMR,RG,3700,1,D,YP,CP,D
9:42:22,JSMR,RG,3700,1,D,CC,CP,D
9:42:22,JSMR,RG,3700,270,D,YP,CP,D
9:42:22,JSMR,RG,3700,5,D,YP,CP,D
9:42:22,JSMR,RG,3700,1,D,GR,CP,D
9:42:22,JSMR,RG,3700,3,D,DH,CP,D
9:42:22,JSMR,RG,3700,25,D,YB,CP,D
9:42:22,JSMR,RG,3700,3,D,PD,CP,D
9:42:22,JSMR,RG,3700,7,D,YP,CP,D
9:40:45,JSMR,RG,3710,5,D,AR,RX,D
9:40:42,JSMR,RG,3700,2,D,YP,XL,D
9:40:29,JSMR,RG,3700,1,D,YP,XC,D
9:40:04,JSMR,RG,3710,1,D,PD,RX,D
9:40:03,JSMR,RG,3710,2,D,KK,RX,D
9:39:43,JSMR,RG,3700,1,D,YP,BK,F
9:39:43,JSMR,RG,3700,3,D,XC,BK,F
9:39:43,JSMR,RG,3700,3,D,LG,BK,F
9:39:43,JSMR,RG,3700,1,D,PD,BK,F
9:39:43,JSMR,RG,3700,2,D,NI,BK,F
9:39:43,JSMR,RG,3700,50,D,YP,BK,F
9:39:43,JSMR,RG,3700,1,D,PD,BK,F
9:39:43,JSMR,RG,3700,4,D,XC,BK,F
9:39:43,JSMR,RG,3700,10,D,YP,BK,F
9:39:43,JSMR,RG,3700,4,D,XC,BK,F
9:39:43,JSMR,RG,3700,2,D,XC,BK,F
9:39:43,JSMR,RG,3700,40,D,CC,BK,F
9:39:35,JSMR,RG,3700,13,D,CC,YP,D
9:39:34,JSMR,RG,3700,47,D,CC,BK,F
9:39:34,JSMR,RG,3700,2,D,NI,BK,F
9:39:34,JSMR,RG,3700,10,D,DR,BK,F
9:39:34,JSMR,RG,3700,2,D,YP,BK,F
9:39:34,JSMR,RG,3700,5,D,KK,BK,F
9:39:34,JSMR,RG,3700,2,D,YP,BK,F
9:39:34,JSMR,RG,3700,10,D,KK,BK,F
9:39:34,JSMR,RG,3700,45,D,IT,BK,F
9:39:34,JSMR,RG,3700,5,D,IT,YP,D
9:39:34,JSMR,RG,3700,5,D,XC,YP,D
9:39:34,JSMR,RG,3700,9,D,YP,YP,D
9:39:34,JSMR,RG,3700,31,D,KI,YP,D
9:39:16,JSMR,RG,3700,16,D,KI,RX,D
9:39:09,JSMR,RG,3700,3,D,KI,PD,D
9:39:09,JSMR,RG,3700,3,D,CC,PD,D
9:38:49,JSMR,RG,3700,2,D,CC,LG,D
9:38:49,JSMR,RG,3700,3,D,DX,LG,D
9:38:39,JSMR,RG,3700,8,D,DX,XC,D
9:38:37,JSMR,RG,3700,9,D,DX,YP,D
9:38:37,JSMR,RG,3700,15,D,YP,YP,D
9:38:37,JSMR,RG,3700,27,D,YP,YP,D
9:38:37,JSMR,RG,3700,8,D,YP,CC,D
9:38:37,JSMR,RG,3700,22,D,YP,CC,D
9:38:37,JSMR,RG,3700,3,D,YP,CC,D
9:38:37,JSMR,RG,3700,2,D,YP,CC,D
9:38:37,JSMR,RG,3700,1,D,YP,CC,D
9:38:37,JSMR,RG,3700,1,D,CC,CC,D
9:38:37,JSMR,RG,3700,3,D,CC,CC,D
9:38:37,JSMR,RG,3700,1,D,PD,CC,D
9:38:37,JSMR,RG,3700,3,D,DH,CC,D
9:38:37,JSMR,RG,3700,2,D,YP,CC,D
9:38:37,JSMR,RG,3700,1,D,KK,CC,D
9:38:37,JSMR,RG,3700,5,D,XC,CC,D
9:38:37,JSMR,RG,3700,1,D,PD,CC,D
9:38:37,JSMR,RG,3700,1,D,AZ,CC,D
9:38:37,JSMR,RG,3700,6,D,EP,CC,D
9:38:37,JSMR,RG,3700,2,D,EP,PD,D
9:38:37,JSMR,RG,3700,2,D,EP,PD,D
9:38:36,JSMR,RG,3700,2,D,EP,GR,D
9:38:36,JSMR,RG,3700,3,D,KK,GR,D
9:38:36,JSMR,RG,3700,5,D,PD,GR,D
9:38:36,JSMR,RG,3700,2,D,PD,GR,D
9:38:36,JSMR,RG,3710,2,D,XC,GR,D
9:38:36,JSMR,RG,3710,2,D,CC,GR,D
9:38:36,JSMR,RG,3710,20,D,NI,GR,D
9:38:36,JSMR,RG,3710,1,D,PD,GR,D
9:38:36,JSMR,RG,3710,36,D,YU,GR,D
9:38:36,JSMR,RG,3710,50,D,CC,GR,D
9:38:36,JSMR,RG,3710,8,D,YU,GR,D
9:37:23,JSMR,RG,3710,24,D,YU,BK,F
9:37:23,JSMR,RG,3710,10,D,LG,BK,F
9:37:23,JSMR,RG,3710,5,D,CC,BK,F
9:37:23,JSMR,RG,3710,2,D,PD,BK,F
9:37:23,JSMR,RG,3710,5,D,OD,BK,F
9:37:23,JSMR,RG,3710,12,D,YU,BK,F
9:37:20,JSMR,RG,3710,17,D,YU,AK,F
9:37:20,JSMR,RG,3710,6,D,YU,AK,F
9:37:20,JSMR,RG,3710,20,D,CC,AK,F
9:37:20,JSMR,RG,3710,11,D,SQ,AK,F
9:37:19,JSMR,RG,3710,64,D,SQ,BK,F
9:37:19,JSMR,RG,3710,13,D,DR,BK,F
9:37:19,JSMR,RG,3710,4,D,YP,BK,F
9:37:19,JSMR,RG,3710,10,D,LG,BK,F
9:37:19,JSMR,RG,3710,7,D,YP,BK,F
9:37:19,JSMR,RG,3710,20,D,YB,BK,F
9:37:19,JSMR,RG,3710,5,D,YB,BK,F
9:37:18,JSMR,RG,3710,95,D,YB,BK,F
9:37:18,JSMR,RG,3710,5,D,YP,BK,F
9:37:18,JSMR,RG,3710,10,D,PD,BK,F
9:37:18,JSMR,RG,3710,13,D,OD,BK,F
9:37:17,JSMR,RG,3710,7,D,OD,BK,F
9:37:17,JSMR,RG,3710,1,D,PD,BK,F
9:37:17,JSMR,RG,3710,100,D,CD,BK,F
9:37:17,JSMR,RG,3710,1,D,XC,BK,F
9:37:17,JSMR,RG,3710,14,D,YP,BK,F
9:36:57,JSMR,RG,3720,5,D,AR,ZP,F
9:36:27,JSMR,RG,3710,30,D,YP,EP,D
9:35:51,JSMR,RG,3710,6,D,YP,PD,D
9:35:23,JSMR,RG,3720,19,D,CC,ZP,F
9:35:23,JSMR,RG,3720,4,D,CC,ZP,F
9:35:23,JSMR,RG,3720,7,D,CC,YP,D
9:35:23,JSMR,RG,3720,1,D,IF,YP,D
9:35:13,JSMR,RG,3720,1,D,PD,YP,D
9:34:10,JSMR,RG,3720,1,D,YB,YP,D
9:34:07,JSMR,RG,3720,5,D,CC,YP,D
9:34:07,JSMR,RG,3720,3,D,CC,ZP,F
9:34:07,JSMR,RG,3720,3,D,CC,CS,F
9:34:07,JSMR,RG,3720,1,D,CC,CS,F
9:33:57,JSMR,RG,3720,2,D,DR,CS,F
9:33:57,JSMR,RG,3720,2,D,DR,CS,F
9:33:57,JSMR,RG,3720,1,D,DR,NI,D
9:33:57,JSMR,RG,3720,10,D,DR,CS,F
9:33:55,JSMR,RG,3720,3,D,CC,CS,F
9:33:55,JSMR,RG,3720,1,D,CC,CS,F
9:33:55,JSMR,RG,3720,1,D,CC,CS,F
9:33:51,JSMR,RG,3720,1,D,YB,CS,F
9:33:51,JSMR,RG,3720,4,D,YB,CS,F
9:33:51,JSMR,RG,3720,1,D,YB,CS,F
9:33:51,JSMR,RG,3720,1,D,YB,CS,F
9:33:51,JSMR,RG,3720,2,D,YB,CS,F
9:33:51,JSMR,RG,3720,3,D,YB,CS,F
9:33:51,JSMR,RG,3720,4,D,YB,CS,F
9:33:51,JSMR,RG,3720,1,D,YB,CS,F
9:33:51,JSMR,RG,3720,2,D,YB,CS,F
9:33:51,JSMR,RG,3720,2,D,YB,CS,F
9:33:51,JSMR,RG,3720,1,D,YB,CS,F
9:33:51,JSMR,RG,3720,1,D,YB,NI,D
9:33:51,JSMR,RG,3720,2,D,YB,CC,F
9:33:32,JSMR,RG,3720,10,D,PD,CC,F
9:33:15,JSMR,RG,3720,25,D,KK,CC,F
9:33:15,JSMR,RG,3720,1,D,KK,CS,F
9:33:15,JSMR,RG,3720,1,D,KK,CS,F
9:33:12,JSMR,RG,3720,4,D,CC,CS,F
9:33:12,JSMR,RG,3720,1,D,CC,CS,F
9:33:12,JSMR,RG,3720,5,D,CP,CS,F
9:33:12,JSMR,RG,3720,2,D,CP,CS,F
9:33:12,JSMR,RG,3720,3,D,CP,ZP,F
9:32:57,JSMR,RG,3720,3,D,KK,ZP,F
9:32:55,JSMR,RG,3720,5,D,LS,ZP,F
9:32:53,JSMR,RG,3720,1,D,XC,ZP,F
9:32:52,JSMR,RG,3720,50,D,SQ,ZP,F
9:32:49,JSMR,RG,3720,1,D,YP,ZP,F
9:32:45,JSMR,RG,3720,2,D,YP,ZP,F
9:32:26,JSMR,RG,3720,20,D,FZ,ZP,F
9:32:16,JSMR,RG,3720,53,D,CC,ZP,F
9:32:15,JSMR,RG,3720,50,D,SQ,ZP,F
9:32:03,JSMR,RG,3720,30,D,PD,ZP,F
9:31:30,JSMR,RG,3710,30,F,BK,SQ,D
9:31:28,JSMR,RG,3710,5,F,BK,XL,D
9:31:28,JSMR,RG,3710,26,D,YU,XL,D
9:31:28,JSMR,RG,3720,50,D,YP,ZP,F
9:31:27,JSMR,RG,3720,146,F,BK,ZP,F
9:31:26,JSMR,RG,3720,146,F,BK,ZP,F
9:31:25,JSMR,RG,3720,146,F,BK,ZP,F
9:31:24,JSMR,RG,3720,29,F,BK,ZP,F
9:31:24,JSMR,RG,3720,16,F,BK,ZP,F
9:31:24,JSMR,RG,3720,4,F,BK,ZP,F
9:31:24,JSMR,RG,3720,97,F,BK,YP,D
9:31:23,JSMR,RG,3720,5,D,YP,YP,D
9:31:17,JSMR,RG,3710,13,D,YU,ZP,F
9:31:17,JSMR,RG,3710,2,D,XC,ZP,F
9:31:17,JSMR,RG,3710,1,D,XC,ZP,F
9:31:17,JSMR,RG,3710,1,D,YP,ZP,F
9:31:17,JSMR,RG,3710,1,D,PD,ZP,F
9:31:17,JSMR,RG,3710,4,D,PD,ZP,F
9:30:47,JSMR,RG,3720,1,D,PD,YP,D
9:30:28,JSMR,RG,3720,13,D,YP,YP,D
9:30:22,JSMR,RG,3710,2,D,PD,ZP,F
9:30:18,JSMR,RG,3710,4,D,PD,ZP,F
9:30:18,JSMR,RG,3710,5,D,PD,ZP,F
9:30:18,JSMR,RG,3710,2,D,YU,ZP,F
9:30:18,JSMR,RG,3710,12,D,YU,ZP,F
9:30:18,JSMR,RG,3710,7,D,YU,ZP,F
9:29:49,JSMR,RG,3710,4,D,YU,CS,F
9:29:49,JSMR,RG,3710,13,D,YU,ZP,F
9:29:49,JSMR,RG,3710,7,D,SH,ZP,F
9:29:33,JSMR,RG,3710,2,D,SH,CS,F
9:29:33,JSMR,RG,3710,1,D,SH,XC,D
9:29:33,JSMR,RG,3710,5,D,CC,XC,D
9:29:33,JSMR,RG,3710,9,D,OD,XC,D
9:29:29,JSMR,RG,3720,1,D,YP,YP,D
9:29:15,JSMR,RG,3710,2,D,OD,XC,D
9:29:15,JSMR,RG,3710,19,D,OD,ZP,F
9:29:12,JSMR,RG,3710,20,D,OD,XC,D
9:29:12,JSMR,RG,3710,2,D,OD,XC,D
9:28:53,JSMR,RG,3710,8,D,OD,ZP,F
9:28:53,JSMR,RG,3710,2,D,SQ,ZP,F
9:28:53,JSMR,RG,3710,2,D,SQ,ZP,F
9:28:53,JSMR,RG,3710,6,D,SQ,CS,F
9:28:53,JSMR,RG,3710,5,D,PG,CS,F
9:28:52,JSMR,RG,3710,45,D,PG,YP,D
9:28:52,JSMR,RG,3710,20,D,SQ,YP,D
9:28:52,JSMR,RG,3710,10,D,NI,YP,D
9:28:52,JSMR,RG,3710,2,D,KK,YP,D
9:28:52,JSMR,RG,3710,32,D,XA,YP,D
9:28:41,JSMR,RG,3720,10,D,YP,YP,D
9:28:34,JSMR,RG,3720,6,D,YP,YP,D
9:28:34,JSMR,RG,3720,1,D,YP,CS,F
9:28:34,JSMR,RG,3720,3,D,YP,ZP,F
9:28:34,JSMR,RG,3720,3,D,YP,ZP,F
9:28:34,JSMR,RG,3720,2,D,YP,CS,F
9:28:32,JSMR,RG,3710,18,D,XA,LG,D
9:28:32,JSMR,RG,3710,2,D,DR,LG,D
9:28:16,JSMR,RG,3710,8,D,DR,ZP,F
9:28:16,JSMR,RG,3710,10,D,YP,ZP,F
9:28:16,JSMR,RG,3710,1,D,NI,ZP,F
9:28:16,JSMR,RG,3710,2,D,XA,ZP,F
9:28:14,JSMR,RG,3710,8,D,XA,YP,D
9:28:14,JSMR,RG,3710,17,D,PD,YP,D
9:27:45,JSMR,RG,3710,1,D,PD,OD,D
9:27:35,JSMR,RG,3710,25,D,PD,DR,D
9:27:27,JSMR,RG,3710,5,D,PD,EP,D
9:27:26,JSMR,RG,3710,5,D,PD,PD,D
9:27:20,JSMR,RG,3710,15,D,PD,ZP,F
9:27:11,JSMR,RG,3710,10,D,PD,LG,D
9:27:07,JSMR,RG,3710,18,D,PD,XL,D
9:27:04,JSMR,RG,3710,1,D,PD,ZP,F
9:27:03,JSMR,RG,3710,3,D,PD,YP,D
9:27:03,JSMR,RG,3710,5,D,CC,YP,D
9:27:03,JSMR,RG,3710,1,D,YP,YP,D
9:27:03,JSMR,RG,3710,41,D,LS,YP,D
9:26:53,JSMR,RG,3710,10,D,LS,KK,D
9:26:52,JSMR,RG,3710,19,D,LS,ZP,F
9:26:48,JSMR,RG,3710,10,D,LS,PD,D
9:26:41,JSMR,RG,3710,1,D,LS,XC,D
9:26:30,JSMR,RG,3710,4,D,LS,DR,D
9:26:29,JSMR,RG,3710,2,D,LS,XL,D
9:26:29,JSMR,RG,3710,20,D,LS,ZP,F
9:26:29,JSMR,RG,3710,49,D,LS,ZP,F
9:26:27,JSMR,RG,3710,20,D,LS,ZP,F
9:26:19,JSMR,RG,3710,2,D,LS,YB,D
9:26:17,JSMR,RG,3710,2,D,LS,YP,D
9:26:17,JSMR,RG,3710,5,D,LS,CC,D
9:26:16,JSMR,RG,3710,15,D,LS,EP,D
9:26:16,JSMR,RG,3710,1,D,DH,EP,D
9:26:16,JSMR,RG,3710,5,D,PD,EP,D
9:26:16,JSMR,RG,3710,1,D,PD,EP,D
9:26:16,JSMR,RG,3710,4,D,DR,EP,D
9:26:15,JSMR,RG,3720,35,D,YU,DR,D
9:26:15,JSMR,RG,3720,1,D,BQ,DR,D
9:26:15,JSMR,RG,3720,100,D,YP,DR,D
9:26:15,JSMR,RG,3720,115,D,AG,DR,D
9:26:14,JSMR,RG,3720,2,D,AG,PD,D
9:26:12,JSMR,RG,3720,21,D,AG,NI,D
9:26:01,JSMR,RG,3720,4,D,AG,DR,D
9:25:54,JSMR,RG,3720,11,D,AG,EP,D
9:25:54,JSMR,RG,3720,20,D,AG,KK,D
9:25:54,JSMR,RG,3720,27,D,AG,CC,D
9:25:54,JSMR,RG,3720,1,D,YP,CC,D
9:25:54,JSMR,RG,3720,1,D,YP,YP,D
9:25:54,JSMR,RG,3720,1,D,CC,YP,D
9:25:54,JSMR,RG,3720,8,D,XC,YP,D
9:25:54,JSMR,RG,3720,90,D,YP,YP,D
9:25:54,JSMR,RG,3720,10,D,YP,YP,D
9:25:54,JSMR,RG,3720,1,D,YP,YP,D
9:25:54,JSMR,RG,3720,1,D,XL,YP,D
9:25:54,JSMR,RG,3720,1,D,YP,YP,D
9:25:54,JSMR,RG,3720,1,D,YP,YP,D
9:25:54,JSMR,RG,3720,6,D,CC,YP,D
9:25:54,JSMR,RG,3720,1,D,EP,YP,D
9:25:54,JSMR,RG,3720,2,D,EP,PD,D
9:25:53,JSMR,RG,3720,3,D,EP,DR,D
9:25:53,JSMR,RG,3720,6,D,EP,ZP,F
9:25:53,JSMR,RG,3720,1,D,PD,ZP,F
9:25:53,JSMR,RG,3720,2,D,PD,ZP,F
9:25:53,JSMR,RG,3720,10,D,GR,ZP,F
9:25:18,JSMR,RG,3730,1,D,YP,AK,F
9:25:18,JSMR,RG,3730,1,D,YP,AK,F
9:25:18,JSMR,RG,3730,2,D,KK,CS,F
9:25:17,JSMR,RG,3730,3,D,KK,YP,D
9:25:17,JSMR,RG,3730,1,D,PD,YP,D
9:25:17,JSMR,RG,3730,1,F,OD,YP,D
9:25:17,JSMR,RG,3730,1,D,YU,YP,D
9:25:17,JSMR,RG,3730,3,D,HP,YP,D
9:25:17,JSMR,RG,3730,1,D,YP,YP,D
9:25:17,JSMR,RG,3730,1,D,YP,YP,D
9:25:17,JSMR,RG,3730,4,D,CC,YP,D
9:25:16,JSMR,RG,3730,1,D,CC,CS,F
9:25:16,JSMR,RG,3730,3,D,CC,CS,F
9:25:15,JSMR,RG,3740,20,D,LG,DR,D
9:25:15,JSMR,RG,3740,1,D,NI,DR,D
9:25:15,JSMR,RG,3740,2,D,XC,DR,D
9:25:15,JSMR,RG,3740,10,D,XA,DR,D
9:25:15,JSMR,RG,3740,57,D,YU,DR,D
9:25:15,JSMR,RG,3740,31,D,YU,DR,D
9:25:15,JSMR,RG,3740,2,D,PD,DR,D
9:25:15,JSMR,RG,3740,1,D,YU,DR,D
9:25:15,JSMR,RG,3740,5,D,OD,DR,D
9:25:15,JSMR,RG,3740,1,D,YP,DR,D
9:25:15,JSMR,RG,3740,115,D,AG,DR,D
9:24:55,JSMR,RG,3740,14,D,AG,CS,F
9:24:41,JSMR,RG,3740,3,D,AG,PD,D
9:23:23,JSMR,RG,3740,50,D,AG,YP,D
9:23:20,JSMR,RG,3740,5,D,AG,YB,D
9:23:00,JSMR,RG,3740,6,D,AG,CS,F
9:23:00,JSMR,RG,3750,84,D,YU,ZP,F
9:22:59,JSMR,RG,3740,18,D,AG,ZP,F
9:22:34,JSMR,RG,3740,16,D,AG,ZP,F
9:22:28,JSMR,RG,3740,3,D,AG,PD,D
9:22:24,JSMR,RG,3750,2,D,KK,ZP,F
9:22:21,JSMR,RG,3740,4,D,AG,XC,D
9:22:19,JSMR,RG,3740,7,D,AG,AK,F
9:22:03,JSMR,RG,3740,18,D,AG,ZP,F
9:21:29,JSMR,RG,3750,1,D,EP,ZP,F
9:21:24,JSMR,RG,3740,13,D,AG,XC,D
9:20:54,JSMR,RG,3740,19,D,AG,CS,F
9:20:52,JSMR,RG,3740,6,D,AG,PD,D
9:20:46,JSMR,RG,3740,4,D,AG,OD,D
9:19:55,JSMR,RG,3740,199,D,AG,KK,D
9:19:54,JSMR,RG,3750,10,D,YP,ZP,F
9:19:30,JSMR,RG,3750,15,D,CP,ZP,F
9:18:42,JSMR,RG,3750,23,D,PD,ZP,F
9:18:42,JSMR,RG,3750,23,D,PD,CC,F
9:18:42,JSMR,RG,3750,4,D,PD,BK,F
9:18:05,JSMR,RG,3750,53,D,YB,BK,F
9:18:05,JSMR,RG,3750,7,D,YB,CS,F
9:18:05,JSMR,RG,3750,2,D,YB,CS,F
9:18:05,JSMR,RG,3750,10,D,YB,ZP,F
9:18:05,JSMR,RG,3750,2,D,YB,ZP,F
9:18:05,JSMR,RG,3750,3,D,YB,CS,F
9:18:05,JSMR,RG,3750,23,D,YB,YP,D
9:17:58,JSMR,RG,3750,1,D,NI,YP,D
9:17:31,JSMR,RG,3750,1,D,PD,YP,D
9:17:07,JSMR,RG,3750,10,D,LG,YP,D
9:17:06,JSMR,RG,3750,42,D,YU,YP,D
9:17:06,JSMR,RG,3750,1,D,YU,YP,D
9:17:06,JSMR,RG,3750,2,D,NI,YP,D
9:17:06,JSMR,RG,3750,30,D,YU,YP,D
9:17:06,JSMR,RG,3750,2,D,NI,YP,D
9:17:06,JSMR,RG,3750,2,D,PD,YP,D
9:17:06,JSMR,RG,3750,30,D,YP,YP,D
9:17:06,JSMR,RG,3750,5,D,GR,YP,D
9:17:06,JSMR,RG,3750,5,D,NI,YP,D
9:17:06,JSMR,RG,3750,1,D,YP,YP,D
9:17:06,JSMR,RG,3750,1,D,PD,YP,D
9:17:06,JSMR,RG,3750,1,D,XL,YP,D
9:17:06,JSMR,RG,3750,100,D,YP,YP,D
9:17:06,JSMR,RG,3750,3,D,OD,YP,D
9:16:31,JSMR,RG,3750,10,D,OD,ZP,F
9:16:30,JSMR,RG,3750,5,D,OD,CC,D
9:16:30,JSMR,RG,3750,22,D,YP,CC,D
9:15:55,JSMR,RG,3760,8,D,XC,CC,D
9:15:45,JSMR,RG,3760,1,D,KK,CC,D
9:15:40,JSMR,RG,3750,3,D,YP,PD,D
9:15:26,JSMR,RG,3750,2,D,OD,PD,D
9:15:17,JSMR,RG,3750,8,D,OD,ZP,F
9:15:17,JSMR,RG,3750,1,D,NI,ZP,F
9:15:17,JSMR,RG,3750,66,D,AG,ZP,F
9:15:17,JSMR,RG,3750,24,D,AG,ZP,F
9:15:17,JSMR,RG,3750,7,D,AG,CS,F
9:15:17,JSMR,RG,3750,168,D,AG,XC,D
9:14:27,JSMR,RG,3750,21,D,AG,CS,F
9:13:53,JSMR,RG,3760,2,D,KK,CC,D
9:13:14,JSMR,RG,3760,10,D,NI,CC,D
9:12:53,JSMR,RG,3750,3,D,AG,PD,D
9:12:44,JSMR,RG,3750,1,D,AG,XC,D
9:12:35,JSMR,RG,3750,10,D,AG,PD,D
9:12:26,JSMR,RG,3750,15,D,AG,DR,D
9:11:52,JSMR,RG,3760,1,D,EP,CC,D
9:11:50,JSMR,RG,3760,1,D,XC,CC,D
9:11:50,JSMR,RG,3760,10,D,LG,CC,D
9:11:50,JSMR,RG,3760,5,D,NI,CC,D
9:11:50,JSMR,RG,3760,2,D,OD,CC,D
9:11:50,JSMR,RG,3760,1,D,NI,CC,D
9:11:50,JSMR,RG,3760,54,D,YU,CC,D
9:11:50,JSMR,RG,3760,1,D,YP,CC,D
9:11:50,JSMR,RG,3760,41,D,YU,CC,D
9:11:50,JSMR,RG,3760,1,D,PD,CC,D
9:11:50,JSMR,RG,3760,1,D,XL,CC,D
9:11:50,JSMR,RG,3760,108,D,AG,CC,D
9:11:50,JSMR,RG,3760,50,D,AG,CC,D
9:11:46,JSMR,RG,3760,39,D,AG,AK,F
9:11:46,JSMR,RG,3760,250,D,AG,ZP,D
9:11:44,JSMR,RG,3760,8,D,AG,CS,F
9:11:23,JSMR,RG,3760,10,D,AG,PD,D
9:11:00,JSMR,RG,3770,75,D,YU,LG,D
9:10:53,JSMR,RG,3760,35,D,AG,BK,F
9:10:53,JSMR,RG,3760,39,D,AG,BK,F
9:10:51,JSMR,RG,3760,17,D,AG,AK,F
9:10:50,JSMR,RG,3760,67,D,AG,AK,F
9:10:48,JSMR,RG,3760,2,D,AG,XC,D
9:10:36,JSMR,RG,3760,46,D,AG,BK,F
9:10:22,JSMR,RG,3760,2,D,AG,XC,D
9:10:15,JSMR,RG,3760,31,D,AG,CS,F
9:10:10,JSMR,RG,3760,18,D,AG,AK,F
9:09:55,JSMR,RG,3760,100,D,AG,SQ,D
9:09:47,JSMR,RG,3760,10,D,AG,YP,D
9:09:30,JSMR,RG,3760,20,D,AG,PD,D
9:09:07,JSMR,RG,3760,2,D,AG,PD,D
9:09:07,JSMR,RG,3760,3,D,AG,PD,D
9:08:29,JSMR,RG,3760,65,D,AG,YP,D
9:08:21,JSMR,RG,3760,20,D,AG,XL,D
9:08:21,JSMR,RG,3760,14,D,AG,CS,F
9:08:15,JSMR,RG,3760,5,D,AG,KK,D
9:08:14,JSMR,RG,3760,14,D,AG,PD,D
9:07:22,JSMR,RG,3760,9,D,AG,CC,D
9:06:50,JSMR,RG,3770,50,D,LG,LG,D
9:06:36,JSMR,RG,3770,1,D,YP,LG,D
9:06:05,JSMR,RG,3770,1,D,YP,LG,D
9:05:15,JSMR,RG,3770,38,D,YU,LG,D
9:05:15,JSMR,RG,3770,34,D,YU,LG,D
9:05:15,JSMR,RG,3770,500,D,AG,LG,D
9:05:15,JSMR,RG,3770,469,D,AG,LG,D
9:05:13,JSMR,RG,3780,2,D,XL,ZP,F
9:05:12,JSMR,RG,3770,6,D,AG,XC,D
9:05:00,JSMR,RG,3780,1,D,PD,ZP,F
9:04:56,JSMR,RG,3780,1,D,KK,ZP,F
9:04:48,JSMR,RG,3780,10,D,XL,ZP,F
9:04:21,JSMR,RG,3770,3,D,AG,PD,D
9:03:59,JSMR,RG,3780,42,D,PD,ZP,F
9:03:59,JSMR,RG,3780,3,D,PD,PD,D
9:03:59,JSMR,RG,3780,5,D,PD,CS,F
9:03:58,JSMR,RG,3780,1,D,NI,CS,F
9:03:05,JSMR,RG,3780,3,D,XL,CS,F
9:03:05,JSMR,RG,3780,1,D,XL,AO,D
9:03:05,JSMR,RG,3780,1,D,XL,NI,D
9:03:05,JSMR,RG,3780,1,D,XL,ZP,F
9:03:05,JSMR,RG,3780,6,D,XL,ZP,F
9:02:34,JSMR,RG,3780,6,D,YU,AK,F
9:02:33,JSMR,RG,3780,11,D,YU,ZP,F
9:02:33,JSMR,RG,3780,8,D,YU,ZP,F
9:02:33,JSMR,RG,3780,14,D,YU,NI,D
9:02:33,JSMR,RG,3780,10,D,DR,NI,D
9:02:33,JSMR,RG,3780,31,D,YU,NI,D
9:02:33,JSMR,RG,3780,14,D,AG,NI,D
9:02:15,JSMR,RG,3790,7,D,RX,ZP,F
9:02:15,JSMR,RG,3790,2,D,RX,ZP,F
9:02:15,JSMR,RG,3790,1,D,RX,KK,D
9:02:15,JSMR,RG,3790,13,D,RX,CS,F
9:02:15,JSMR,RG,3790,7,D,RX,ZP,F
9:02:15,JSMR,RG,3790,5,D,RX,CC,F
9:02:15,JSMR,RG,3790,2,D,RX,ZP,F
9:02:15,JSMR,RG,3790,12,D,RX,ZP,F
9:02:15,JSMR,RG,3780,16,D,AG,BK,F
9:02:14,JSMR,RG,3780,250,D,AG,BK,F
9:01:51,JSMR,RG,3780,10,D,AG,EP,D
9:01:45,JSMR,RG,3780,2,D,AG,XL,D
9:01:34,JSMR,RG,3790,2,D,RX,ZP,F
9:01:33,JSMR,RG,3790,2,D,RX,ZP,F
9:01:26,JSMR,RG,3780,5,D,AG,PD,D
9:01:09,JSMR,RG,3790,5,D,CC,ZP,F
9:00:52,JSMR,RG,3790,2,D,RX,ZP,F
9:00:52,JSMR,RG,3790,2,D,RX,ZP,F
9:00:49,JSMR,RG,3790,13,D,RX,ZP,F
9:00:49,JSMR,RG,3790,14,D,RX,ZP,F
9:00:46,JSMR,RG,3790,55,D,RX,ZP,F
9:00:46,JSMR,RG,3790,6,D,RX,ZP,F
9:00:46,JSMR,RG,3790,11,D,RX,CS,F
9:00:46,JSMR,RG,3790,1,D,RX,YP,D
9:00:46,JSMR,RG,3790,1,D,RX,ZP,F
9:00:46,JSMR,RG,3790,14,D,RX,PD,D
9:00:46,JSMR,RG,3790,77,D,RX,PD,D
9:00:43,JSMR,RG,3790,29,D,LG,PD,D
9:00:43,JSMR,RG,3790,1,D,LG,KK,D
9:00:31,JSMR,RG,3780,65,D,AG,PD,D
9:00:31,JSMR,RG,3780,2,D,AG,YP,D
9:00:20,JSMR,RG,3780,76,D,AG,YP,D
9:00:20,JSMR,RG,3780,4,D,AG,CS,F
9:00:19,JSMR,RG,3780,5,D,AG,YP,D
9:00:15,JSMR,RG,3780,19,D,AG,CC,D
9:00:12,JSMR,RG,3780,13,D,AG,XC,D
9:00:11,JSMR,RG,3780,4,D,AG,AK,F
9:00:11,JSMR,RG,3780,3,D,AG,ZP,F
9:00:11,JSMR,RG,3780,12,D,AG,EP,D
9:00:11,JSMR,RG,3770,1,D,AG,ZP,F
9:00:11,JSMR,RG,3770,1,D,AG,KK,D
9:00:11,JSMR,RG,3770,20,D,AG,CC,D
9:00:11,JSMR,RG,3760,12,D,AG,EP,D
9:00:11,JSMR,RG,3760,1,D,AG,ZP,F
9:00:11,JSMR,RG,3760,3,D,AG,CS,F
9:00:11,JSMR,RG,3750,4,D,AG,AK,F
9:00:11,JSMR,RG,3750,1,D,AG,PD,D
9:00:11,JSMR,RG,3740,180,D,AG,CC,D
9:00:10,JSMR,RG,3740,2,D,RX,CC,D
9:00:10,JSMR,RG,3740,2,D,RX,CC,D
9:00:10,JSMR,RG,3740,12,D,EP,CC,D
9:00:10,JSMR,RG,3750,2,D,BQ,CC,D
9:00:10,JSMR,RG,3750,1,D,RX,CC,D
9:00:09,JSMR,RG,3750,1,D,RX,ZP,F
9:00:08,JSMR,RG,3750,8,D,RX,BK,F
9:00:08,JSMR,RG,3750,8,D,RX,BK,F
9:00:08,JSMR,RG,3750,2,D,RX,YB,D
9:00:08,JSMR,RG,3760,2,D,RX,XC,D
9:00:08,JSMR,RG,3760,1,D,RX,ZP,F
9:00:08,JSMR,RG,3760,3,D,RX,AT,D
9:00:08,JSMR,RG,3750,10,D,RX,PD,D
9:00:07,JSMR,RG,3750,4,D,CC,PD,D
9:00:06,JSMR,RG,3750,13,D,PG,PD,D
9:00:06,JSMR,RG,3750,3,D,PG,PD,D
9:00:06,JSMR,RG,3750,2,D,PG,PD,D
9:00:06,JSMR,RG,3750,3,D,PG,ZP,F
9:00:06,JSMR,RG,3750,7,D,PG,ZP,F
9:00:04,JSMR,RG,3750,22,D,PG,SQ,D
9:00:04,JSMR,RG,3750,4,D,OD,SQ,D
9:00:04,JSMR,RG,3750,1,D,OD,KK,D
9:00:03,JSMR,RG,3750,1,D,XC,AT,D
9:00:03,JSMR,RG,3750,1,D,XC,AT,D
9:00:01,JSMR,RG,3800,75,D,YU,IT,D
