Time,Stock,Brd,Price,Qty,BT,BC,SC,ST
15:14:50,JSMR,RG,3560,50,D,YP,NI,D
15:14:49,JSMR,RG,3560,2,D,YP,HP,D
15:14:37,JSMR,RG,3560,31,D,YP,CC,D
15:14:10,JSMR,RG,3560,2,D,YP,GR,D
15:13:21,JSMR,RG,3560,5,D,YP,PD,D
15:13:18,JSMR,RG,3560,25,D,YP,EP,D
15:13:09,JSMR,RG,3560,1,D,YP,EP,D
15:13:09,JSMR,RG,3560,47,D,YP,CC,D
15:13:09,JSMR,RG,3560,10,D,YP,PD,D
15:13:09,JSMR,RG,3560,1,D,YP,PD,D
15:13:09,JSMR,RG,3560,25,D,YP,OK,D
15:13:09,JSMR,RG,3560,10,D,YP,AT,D
15:13:09,JSMR,RG,3560,2,D,YP,XC,D
15:13:09,JSMR,RG,3560,28,D,YP,CC,D
15:13:09,JSMR,RG,3560,1,D,YP,XC,D
15:13:09,JSMR,RG,3560,15,D,YP,HP,D
15:13:09,JSMR,RG,3560,60,D,YP,GR,D
15:13:09,JSMR,RG,3560,1,D,YP,HP,D
15:13:09,JSMR,RG,3560,1,D,YP,XL,D
15:13:09,JSMR,RG,3560,50,D,YP,OK,D
15:13:09,JSMR,RG,3560,519,D,YP,YP,D
15:13:09,JSMR,RG,3560,1,D,YP,XC,D
15:13:09,JSMR,RG,3560,7,D,YP,PD,D
15:13:09,JSMR,RG,3560,50,D,YP,SQ,D
15:11:50,JSMR,RG,3560,2,D,YB,SQ,D
15:10:22,JSMR,RG,3560,38,D,YB,SQ,D
15:10:22,JSMR,RG,3560,18,D,YB,CC,D
15:08:19,JSMR,RG,3560,2,D,YP,CC,D
15:08:19,JSMR,RG,3560,12,D,YP,MG,D
15:07:47,JSMR,RG,3560,5,D,NI,MG,D
15:07:25,JSMR,RG,3560,4,D,YP,MG,D
15:07:25,JSMR,RG,3560,2,D,PD,MG,D
15:07:16,JSMR,RG,3560,24,D,XC,MG,D
15:06:23,JSMR,RG,3560,1,D,KK,MG,D
15:06:22,JSMR,RG,3560,35,D,CC,MG,D
15:05:32,JSMR,RG,3560,2,D,IF,MG,D
15:05:22,JSMR,RG,3560,10,D,OD,MG,D
15:05:04,JSMR,RG,3560,10,D,GR,MG,D
15:04:53,JSMR,RG,3560,6,D,CC,MG,D
15:04:51,JSMR,RG,3560,2,D,CC,MG,D
15:04:22,JSMR,RG,3560,13,D,EP,MG,D
15:03:55,JSMR,RG,3560,10,D,HP,MG,D
15:02:18,JSMR,RG,3560,1,D,YP,MG,D
15:02:12,JSMR,RG,3560,3,D,YP,MG,D
15:01:57,JSMR,RG,3560,1,D,XA,MG,D
15:01:45,JSMR,RG,3560,2,D,YP,MG,D
15:01:39,JSMR,RG,3560,1,D,XC,MG,D
15:01:26,JSMR,RG,3560,5,D,OD,MG,D
15:01:26,JSMR,RG,3560,1,D,OD,YP,D
15:01:26,JSMR,RG,3560,1,D,OD,CC,D
15:01:26,JSMR,RG,3560,16,D,OD,DR,D
15:01:26,JSMR,RG,3560,4,D,OD,KK,D
15:01:26,JSMR,RG,3560,7,D,OD,CC,D
15:01:26,JSMR,RG,3560,5,D,OD,CC,D
15:01:26,JSMR,RG,3560,7,D,OD,CC,D
15:01:26,JSMR,RG,3560,35,D,OD,YP,D
15:01:26,JSMR,RG,3560,19,D,OD,AG,D
15:01:13,JSMR,RG,3560,2,D,YP,AG,D
15:00:00,JSMR,RG,3560,279,F,AK,AG,D
15:00:00,JSMR,RG,3560,2,F,AK,DR,D
15:00:00,JSMR,RG,3560,2,F,AK,YP,D
15:00:00,JSMR,RG,3560,5,F,AK,YP,D
15:00:00,JSMR,RG,3560,20,F,AK,PD,D
15:00:00,JSMR,RG,3560,92,F,AK,LS,D
15:00:00,JSMR,RG,3560,2,D,DR,LS,D
15:00:00,JSMR,RG,3560,5,D,YP,LS,D
15:00:00,JSMR,RG,3560,51,D,PD,LS,D
15:00:00,JSMR,RG,3560,28,D,YP,LS,D
15:00:00,JSMR,RG,3560,15,D,YP,LS,D
15:00:00,JSMR,RG,3560,7,D,PD,LS,D
15:00:00,JSMR,RG,3560,7,D,PD,YP,D
15:00:00,JSMR,RG,3560,50,D,PD,EP,D
15:00:00,JSMR,RG,3560,21,D,PD,YP,D
15:00:00,JSMR,RG,3560,2,D,KK,YP,D
15:00:00,JSMR,RG,3560,3,D,YP,YP,D
15:00:00,JSMR,RG,3560,3,D,AG,YP,D
15:00:00,JSMR,RG,3560,47,D,AG,DR,D
15:00:00,JSMR,RG,3560,6,D,CP,DR,D
15:00:00,JSMR,RG,3560,1,D,IF,DR,D
15:00:00,JSMR,RG,3560,3,D,EP,DR,D
15:00:00,JSMR,RG,3560,5,D,NI,DR,D
15:00:00,JSMR,RG,3560,5,D,XC,DR,D
15:00:00,JSMR,RG,3560,2,D,YP,DR,D
15:00:00,JSMR,RG,3560,1,D,DH,DR,D
15:00:00,JSMR,RG,3560,1,D,YP,DR,D
15:00:00,JSMR,RG,3560,11,D,PD,DR,D
15:00:00,JSMR,RG,3560,7,D,CC,DR,D
15:00:00,JSMR,RG,3560,1,D,NI,DR,D
15:00:00,JSMR,RG,3560,5,D,NI,DR,D
15:00:00,JSMR,RG,3560,20,D,DR,DR,D
15:00:00,JSMR,RG,3560,2,D,XA,DR,D
15:00:00,JSMR,RG,3560,10,D,SQ,DR,D
15:00:00,JSMR,RG,3560,400,D,RG,DR,D
15:00:00,JSMR,RG,3560,1,D,DR,DR,D
15:00:00,JSMR,RG,3560,50,D,PD,DR,D
15:00:00,JSMR,RG,3560,17,D,XC,DR,D
15:00:00,JSMR,RG,3560,2,D,XC,GR,D
15:00:00,JSMR,RG,3560,11,D,XC,KZ,D
15:00:00,JSMR,RG,3560,7,D,YP,KZ,D
15:00:00,JSMR,RG,3560,1,D,CC,KZ,D
15:00:00,JSMR,RG,3560,50,D,EP,KZ,D
15:00:00,JSMR,RG,3560,50,D,YP,KZ,D
15:00:00,JSMR,RG,3560,70,D,XA,KZ,D
15:00:00,JSMR,RG,3560,130,D,XA,KZ,D
15:00:00,JSMR,RG,3560,50,D,YP,KZ,D
15:00:00,JSMR,RG,3560,15,D,CC,KZ,D
15:00:00,JSMR,RG,3560,3,D,CC,KZ,D
15:00:00,JSMR,RG,3560,5,D,YP,KZ,D
15:00:00,JSMR,RG,3560,2,D,PD,KZ,D
15:00:00,JSMR,RG,3560,50,D,YP,KZ,D
15:00:00,JSMR,RG,3560,76,D,XA,KZ,D
15:00:00,JSMR,RG,3560,424,D,XA,RX,F
15:00:00,JSMR,RG,3560,50,D,YP,RX,F
15:00:00,JSMR,RG,3560,5,D,HP,RX,F
15:00:00,JSMR,RG,3560,94,F,BK,RX,F
14:49:56,JSMR,RG,3570,2,D,CC,PD,D
14:49:52,JSMR,RG,3560,1,D,PD,PD,D
14:49:49,JSMR,RG,3560,2,D,PD,CC,D
14:49:19,JSMR,RG,3570,4,D,BB,PD,D
14:49:15,JSMR,RG,3570,2,D,BB,YP,D
14:49:15,JSMR,RG,3570,2,D,BB,PD,D
14:49:12,JSMR,RG,3570,3,D,BB,PD,D
14:49:11,JSMR,RG,3570,2,D,BB,PD,D
14:49:11,JSMR,RG,3570,2,D,YP,PD,D
14:49:10,JSMR,RG,3570,1,D,IF,PD,D
14:49:00,JSMR,RG,3580,1,D,BK,YP,D
14:49:00,JSMR,RG,3570,1,D,BK,EP,D
14:48:59,JSMR,RG,3570,9,D,EP,EP,D
14:48:59,JSMR,RG,3570,10,D,EP,AG,D
14:48:59,JSMR,RG,3570,5,D,EP,YP,D
14:48:59,JSMR,RG,3570,26,D,EP,CP,D
14:48:59,JSMR,RG,3560,1,D,PD,AK,F
14:48:58,JSMR,RG,3560,5,D,PD,CC,D
14:48:57,JSMR,RG,3570,1,D,BB,CP,D
14:48:33,JSMR,RG,3570,12,D,KK,CP,D
14:48:32,JSMR,RG,3570,3,D,BK,CP,D
14:48:32,JSMR,RG,3570,1,D,BK,CP,D
14:48:32,JSMR,RG,3570,1,D,BK,CP,D
14:48:32,JSMR,RG,3570,1,D,BK,CP,D
14:48:32,JSMR,RG,3570,1,D,BK,CC,D
14:48:22,JSMR,RG,3570,3,D,BB,CC,D
14:48:21,JSMR,RG,3580,1,D,BB,YP,D
14:48:20,JSMR,RG,3570,15,D,BK,PD,D
14:48:15,JSMR,RG,3580,1,D,BB,YP,D
14:48:11,JSMR,RG,3580,1,D,BB,YP,D
14:48:11,JSMR,RG,3570,1,D,HP,YP,D
14:48:11,JSMR,RG,3570,24,D,HP,CC,D
14:48:05,JSMR,RG,3570,1,D,XC,CC,D
14:48:04,JSMR,RG,3570,5,D,BK,CC,D
14:48:04,JSMR,RG,3570,2,D,BK,YP,D
14:48:02,JSMR,RG,3570,10,D,NI,XC,D
14:48:02,JSMR,RG,3570,4,D,NI,YP,D
14:48:02,JSMR,RG,3570,2,D,NI,YP,D
14:47:55,JSMR,RG,3570,3,D,BB,YP,D
14:47:35,JSMR,RG,3560,2,D,PD,XL,D
14:47:15,JSMR,RG,3570,5,D,YP,YP,D
14:47:08,JSMR,RG,3570,3,D,BB,YP,D
14:47:08,JSMR,RG,3570,12,D,BK,YP,D
14:47:02,JSMR,RG,3580,2,D,BB,YP,D
14:46:46,JSMR,RG,3560,10,D,PD,CC,D
14:46:23,JSMR,RG,3560,1,D,PD,CC,D
14:46:22,JSMR,RG,3560,1,D,PD,PD,D
14:46:14,JSMR,RG,3560,1,D,PD,BK,F
14:46:11,JSMR,RG,3570,1,D,BK,BK,F
14:46:11,JSMR,RG,3570,1,D,XC,BK,F
14:46:11,JSMR,RG,3570,2,D,XC,BK,F
14:46:11,JSMR,RG,3570,1,D,YP,BK,F
14:46:11,JSMR,RG,3570,30,D,EP,BK,F
14:46:11,JSMR,RG,3570,3,D,BB,BK,F
14:46:11,JSMR,RG,3570,20,F,CC,BK,F
14:46:06,JSMR,RG,3570,26,F,CC,AK,F
14:46:06,JSMR,RG,3570,178,F,CC,AK,F
14:46:05,JSMR,RG,3570,276,F,CC,BK,F
14:46:04,JSMR,RG,3580,2,F,AK,YP,D
14:46:04,JSMR,RG,3580,140,D,ZP,YP,D
14:46:04,JSMR,RG,3580,3,D,EP,YP,D
14:46:04,JSMR,RG,3580,2,D,BK,YP,D
14:46:04,JSMR,RG,3580,2,D,YP,YP,D
14:46:04,JSMR,RG,3580,14,D,CC,YP,D
14:46:04,JSMR,RG,3580,9,D,BK,YP,D
14:46:04,JSMR,RG,3580,1,D,BK,YP,D
14:46:04,JSMR,RG,3580,2,D,HP,YP,D
14:46:04,JSMR,RG,3580,3,D,BB,YP,D
14:46:04,JSMR,RG,3580,1,D,YP,YP,D
14:46:04,JSMR,RG,3580,843,D,OD,YP,D
14:46:04,JSMR,RG,3580,453,D,OD,YP,D
14:46:02,JSMR,RG,3580,47,D,OD,XL,D
14:46:02,JSMR,RG,3580,13,D,EP,XL,D
14:45:58,JSMR,RG,3590,7,D,BK,MG,D
14:45:57,JSMR,RG,3590,6,D,BB,MG,D
14:45:55,JSMR,RG,3580,17,D,EP,KK,D
14:45:55,JSMR,RG,3580,36,D,LG,KK,D
14:45:43,JSMR,RG,3580,1,D,LG,XC,D
14:45:43,JSMR,RG,3590,50,D,KK,MG,D
14:45:33,JSMR,RG,3580,1,D,LG,YP,D
14:45:30,JSMR,RG,3590,7,D,BK,MG,D
14:45:26,JSMR,RG,3580,1,D,LG,PD,D
14:45:18,JSMR,RG,3580,2,D,LG,YP,D
14:45:17,JSMR,RG,3580,4,D,LG,CC,D
14:45:05,JSMR,RG,3590,2,D,BB,MG,D
14:45:04,JSMR,RG,3580,5,D,LG,DH,D
14:45:02,JSMR,RG,3580,1,D,LG,YP,D
14:44:51,JSMR,RG,3580,11,D,LG,YP,D
14:44:42,JSMR,RG,3580,2,D,LG,PD,D
14:44:37,JSMR,RG,3580,36,D,LG,NI,D
14:44:37,JSMR,RG,3580,6,D,BK,NI,D
14:44:37,JSMR,RG,3580,3,D,BB,NI,D
14:44:37,JSMR,RG,3580,5,D,OD,NI,D
14:44:35,JSMR,RG,3580,33,D,OD,EP,D
14:44:23,JSMR,RG,3590,3,D,NI,MG,D
14:44:19,JSMR,RG,3590,6,D,BB,MG,D
14:44:16,JSMR,RG,3590,3,D,YU,MG,D
14:44:16,JSMR,RG,3590,15,D,YU,MG,D
14:44:01,JSMR,RG,3590,17,D,YU,MG,D
14:44:00,JSMR,RG,3580,10,D,OD,CC,D
14:43:57,JSMR,RG,3580,5,D,OD,CC,D
14:43:50,JSMR,RG,3580,2,D,OD,CC,D
14:43:49,JSMR,RG,3580,60,D,OD,KK,D
14:43:48,JSMR,RG,3580,1,D,OD,YP,D
14:43:47,JSMR,RG,3580,3,D,OD,PD,D
14:43:41,JSMR,RG,3580,200,D,OD,ID,D
14:43:41,JSMR,RG,3590,16,D,YU,MG,D
14:43:41,JSMR,RG,3590,1,D,YU,YB,D
14:43:41,JSMR,RG,3580,2,D,OD,YP,D
14:43:34,JSMR,RG,3580,50,D,OD,YP,D
14:43:34,JSMR,RG,3580,1,D,OD,CC,F
14:43:34,JSMR,RG,3580,100,D,OD,LG,D
14:43:34,JSMR,RG,3580,20,D,OD,PD,D
14:43:34,JSMR,RG,3580,8,D,OD,BK,F
14:43:28,JSMR,RG,3580,3,D,YU,BK,F
14:43:27,JSMR,RG,3580,14,D,YU,BK,F
14:43:25,JSMR,RG,3580,15,D,YU,BK,F
14:43:25,JSMR,RG,3580,1,D,OD,BK,F
14:43:17,JSMR,RG,3580,103,F,CC,BK,F
14:43:17,JSMR,RG,3580,299,F,CC,OD,D
14:43:17,JSMR,RG,3580,10,F,CC,DR,D
14:43:17,JSMR,RG,3580,1,F,CC,YP,D
14:43:17,JSMR,RG,3580,50,F,CC,YP,D
14:43:17,JSMR,RG,3580,206,F,CC,BK,F
14:43:17,JSMR,RG,3580,10,F,CC,MU,D
14:43:17,JSMR,RG,3580,6,F,CC,NI,D
14:43:17,JSMR,RG,3580,28,F,CC,YB,D
14:43:17,JSMR,RG,3580,2,F,CC,NI,D
14:43:17,JSMR,RG,3580,3,F,CC,YP,D
14:43:17,JSMR,RG,3580,10,F,CC,CC,D
14:43:17,JSMR,RG,3580,2,F,CC,YP,D
14:43:17,JSMR,RG,3580,2,F,CC,YP,D
14:43:17,JSMR,RG,3580,3,F,CC,YP,D
14:43:17,JSMR,RG,3580,1,F,CC,YB,D
14:43:17,JSMR,RG,3580,1,F,CC,CC,D
14:43:17,JSMR,RG,3580,10,F,CC,OD,D
14:43:17,JSMR,RG,3580,200,F,CC,OD,D
14:43:17,JSMR,RG,3580,1,F,CC,YP,D
14:43:17,JSMR,RG,3580,1,F,CC,YP,D
14:43:17,JSMR,RG,3580,1,F,CC,CP,D
14:43:17,JSMR,RG,3580,10,F,CC,YP,D
14:43:17,JSMR,RG,3580,5,F,CC,CC,D
14:43:17,JSMR,RG,3580,10,F,CC,YP,D
14:43:17,JSMR,RG,3580,1,F,CC,XC,D
14:43:17,JSMR,RG,3580,100,F,CC,YP,D
14:43:17,JSMR,RG,3580,3,F,CC,PD,D
14:43:17,JSMR,RG,3580,60,F,CC,XC,D
14:43:17,JSMR,RG,3580,175,F,CC,PD,D
14:43:17,JSMR,RG,3580,10,F,CC,YP,D
14:43:17,JSMR,RG,3580,4,F,CC,CC,D
14:43:17,JSMR,RG,3580,172,F,CC,CC,D
14:43:17,JSMR,RG,3570,10,D,HP,PD,D
14:43:10,JSMR,RG,3570,1,D,HP,CC,D
14:43:10,JSMR,RG,3580,28,D,YP,CC,D
14:43:10,JSMR,RG,3580,7,D,YP,XC,D
14:43:10,JSMR,RG,3580,1,D,YP,PD,D
14:43:10,JSMR,RG,3580,1,D,YP,DH,D
14:43:10,JSMR,RG,3580,2,D,YP,YP,D
14:43:10,JSMR,RG,3580,20,D,YP,CC,D
14:43:10,JSMR,RG,3580,1,D,YP,YP,D
14:43:07,JSMR,RG,3570,2,D,HP,CC,D
14:43:07,JSMR,RG,3570,2,D,NI,CC,D
14:43:07,JSMR,RG,3570,7,D,BK,CC,D
14:43:04,JSMR,RG,3570,5,D,BK,CC,D
14:43:04,JSMR,RG,3570,1,D,BB,CC,D
14:43:04,JSMR,RG,3570,3,D,YU,CC,D
14:43:04,JSMR,RG,3570,1,D,XC,CC,D
14:42:42,JSMR,RG,3570,1,D,CC,YU,D
14:42:42,JSMR,RG,3570,3,D,YU,SQ,D
14:42:42,JSMR,RG,3570,13,D,YU,SQ,D
14:42:42,JSMR,RG,3570,4,D,BB,SQ,D
14:42:42,JSMR,RG,3570,13,D,BK,SQ,D
14:42:42,JSMR,RG,3570,8,D,OD,SQ,D
14:42:38,JSMR,RG,3580,15,D,YU,AK,F
14:42:37,JSMR,RG,3570,1,D,OD,XC,D
14:42:37,JSMR,RG,3570,40,D,OD,YP,D
14:42:34,JSMR,RG,3570,50,D,OD,YP,D
14:42:32,JSMR,RG,3570,100,D,OD,PD,D
14:42:30,JSMR,RG,3580,1,D,CC,AK,F
14:42:17,JSMR,RG,3580,15,D,YU,AK,F
14:42:17,JSMR,RG,3570,3,D,OD,CC,D
14:42:12,JSMR,RG,3570,3,D,OD,CC,D
14:42:12,JSMR,RG,3570,1,D,OD,TF,D
14:42:12,JSMR,RG,3570,2,D,OD,DH,D
14:42:12,JSMR,RG,3570,92,D,OD,AK,F
14:42:12,JSMR,RG,3570,6,D,OD,AK,F
14:42:12,JSMR,RG,3570,5,D,OD,SQ,D
14:42:12,JSMR,RG,3570,2,D,OD,CC,D
14:42:12,JSMR,RG,3570,100,D,OD,YP,D
14:42:12,JSMR,RG,3570,5,D,OD,IH,D
14:42:12,JSMR,RG,3570,48,D,OD,BK,F
14:42:12,JSMR,RG,3570,134,D,OD,CC,D
14:42:04,JSMR,RG,3570,30,D,EP,CC,D
14:41:59,JSMR,RG,3560,1,D,PD,TP,D
14:41:46,JSMR,RG,3560,1,D,PD,PD,D
14:41:37,JSMR,RG,3570,3,D,CC,CC,D
14:41:37,JSMR,RG,3570,3,D,YU,CC,D
14:41:37,JSMR,RG,3570,14,D,YU,CC,D
14:41:37,JSMR,RG,3570,3,D,BB,CC,D
14:41:37,JSMR,RG,3570,13,D,OD,CC,D
14:41:32,JSMR,RG,3570,40,D,OD,YP,D
14:41:32,JSMR,RG,3570,114,D,OD,BK,F
14:41:32,JSMR,RG,3570,333,D,OD,YP,D
14:41:31,JSMR,RG,3570,163,D,OD,YP,D
14:41:31,JSMR,RG,3570,14,D,OD,CC,D
14:41:31,JSMR,RG,3570,1,D,OD,OD,D
14:41:31,JSMR,RG,3570,1,D,OD,CC,F
14:41:31,JSMR,RG,3570,10,D,OD,CC,D
14:41:31,JSMR,RG,3570,123,D,OD,BK,F
14:41:31,JSMR,RG,3570,40,D,OD,YP,D
14:41:31,JSMR,RG,3570,148,D,OD,CC,D
14:41:22,JSMR,RG,3570,2,D,EP,CC,D
14:41:22,JSMR,RG,3570,1,D,EP,YP,D
14:41:13,JSMR,RG,3570,1,D,BB,YP,D
14:41:10,JSMR,RG,3570,16,D,YU,AK,F
14:41:10,JSMR,RG,3570,10,D,YU,AK,F
14:41:09,JSMR,RG,3570,3,D,YU,CC,D
14:41:09,JSMR,RG,3570,3,D,YU,CC,D
14:41:09,JSMR,RG,3570,38,D,BK,CC,D
14:41:09,JSMR,RG,3570,10,D,BB,CC,D
14:41:09,JSMR,RG,3570,96,D,OD,CC,D
14:41:05,JSMR,RG,3570,7,D,OD,NI,D
14:40:59,JSMR,RG,3580,15,D,YU,AK,F
14:40:52,JSMR,RG,3580,12,D,BK,AK,F
14:40:52,JSMR,RG,3580,1,D,BK,PD,D
14:40:48,JSMR,RG,3580,8,D,YU,PD,D
14:40:48,JSMR,RG,3580,7,D,YU,PD,D
14:40:47,JSMR,RG,3580,6,D,BB,PD,D
14:40:40,JSMR,RG,3570,10,D,OD,CC,D
14:40:34,JSMR,RG,3570,1,D,OD,LG,D
14:40:31,JSMR,RG,3570,10,D,OD,OD,D
14:40:28,JSMR,RG,3570,1,D,OD,YP,D
14:40:28,JSMR,RG,3580,17,D,YU,PD,D
14:40:28,JSMR,RG,3570,10,D,OD,XC,D
14:40:16,JSMR,RG,3580,24,D,YU,PD,D
14:40:15,JSMR,RG,3570,1,D,OD,YP,D
14:40:00,JSMR,RG,3570,10,D,OD,CC,D
14:39:56,JSMR,RG,3580,6,D,BB,PD,D
14:39:53,JSMR,RG,3580,9,D,PD,PD,D
14:39:51,JSMR,RG,3570,17,D,OD,XC,D
14:39:50,JSMR,RG,3570,20,D,OD,NI,D
14:39:49,JSMR,RG,3570,30,D,OD,NI,D
14:39:49,JSMR,RG,3570,201,D,OD,CC,D
14:39:49,JSMR,RG,3570,61,D,OD,XC,D
14:39:49,JSMR,RG,3570,2,D,OD,NI,D
14:39:49,JSMR,RG,3570,1,D,OD,CD,D
14:39:49,JSMR,RG,3570,1,D,OD,YP,D
14:39:49,JSMR,RG,3570,5,D,OD,KK,D
14:39:49,JSMR,RG,3570,50,D,OD,CC,D
14:39:49,JSMR,RG,3570,1,D,OD,PD,D
14:39:49,JSMR,RG,3570,1,D,OD,HP,D
14:39:49,JSMR,RG,3570,5,D,OD,YP,D
14:39:49,JSMR,RG,3570,300,D,OD,CC,D
14:39:49,JSMR,RG,3570,50,D,OD,OD,D
14:39:49,JSMR,RG,3570,25,D,OD,YP,D
14:39:49,JSMR,RG,3570,1,D,OD,YP,D
14:39:49,JSMR,RG,3570,5,D,OD,GR,D
14:39:49,JSMR,RG,3570,3,D,OD,YP,D
14:39:49,JSMR,RG,3570,10,D,OD,YP,D
14:39:49,JSMR,RG,3570,10,D,OD,CC,D
14:39:49,JSMR,RG,3570,2,D,OD,PD,D
14:39:49,JSMR,RG,3570,50,D,OD,YP,D
14:39:49,JSMR,RG,3570,3,D,OD,LG,D
14:39:44,JSMR,RG,3560,3,D,PD,KK,D
14:39:26,JSMR,RG,3570,19,D,YP,AK,F
14:39:26,JSMR,RG,3570,1,D,YP,YU,D
14:39:05,JSMR,RG,3570,6,D,BB,YU,D
14:39:03,JSMR,RG,3560,2,D,PD,YB,D
14:38:57,JSMR,RG,3570,1,D,CC,YU,D
14:38:56,JSMR,RG,3560,10,D,PD,LG,D
14:38:52,JSMR,RG,3560,1,D,PD,SQ,D
14:38:34,JSMR,RG,3570,11,D,PD,YU,D
14:38:13,JSMR,RG,3570,5,D,BB,YU,D
14:37:59,JSMR,RG,3560,10,D,PD,PD,D
14:37:32,JSMR,RG,3560,10,D,PD,CC,D
14:37:27,JSMR,RG,3570,3,D,BB,YU,D
14:37:25,JSMR,RG,3560,27,D,PD,AG,D
14:37:25,JSMR,RG,3560,173,F,CC,AG,D
14:37:24,JSMR,RG,3560,30,F,CC,KK,D
14:37:21,JSMR,RG,3560,1,F,CC,XC,D
14:37:19,JSMR,RG,3560,50,F,CC,YP,D
14:37:17,JSMR,RG,3560,1,F,CC,YP,D
14:37:14,JSMR,RG,3570,1,D,CC,YU,D
14:37:12,JSMR,RG,3560,3,F,CC,XC,D
14:37:12,JSMR,RG,3560,2,F,CC,YP,D
14:37:02,JSMR,RG,3560,2,F,CC,YP,D
14:36:59,JSMR,RG,3560,5,F,CC,NI,D
14:36:57,JSMR,RG,3560,30,F,CC,PD,D
14:36:55,JSMR,RG,3560,1,F,CC,PD,D
14:36:51,JSMR,RG,3560,7,F,CC,YP,D
14:36:35,JSMR,RG,3570,10,D,YP,YU,D
14:36:31,JSMR,RG,3570,462,D,CC,YU,D
14:36:31,JSMR,RG,3570,38,D,CC,YP,D
14:36:19,JSMR,RG,3570,5,D,XC,YP,D
14:36:18,JSMR,RG,3570,7,D,YU,YP,D
14:36:18,JSMR,RG,3570,35,D,YU,YP,D
14:36:18,JSMR,RG,3570,5,D,BB,YP,D
14:36:17,JSMR,RG,3570,6,D,YU,AK,F
14:36:17,JSMR,RG,3570,15,D,YU,AK,F
14:36:17,JSMR,RG,3570,7,D,YU,AK,F
14:36:16,JSMR,RG,3570,3,D,YU,YP,D
14:36:16,JSMR,RG,3570,35,D,CC,YP,D
14:36:16,JSMR,RG,3570,5,D,BB,YP,D
14:36:16,JSMR,RG,3570,15,D,BK,YP,D
14:36:16,JSMR,RG,3570,442,D,CC,YP,D
14:36:12,JSMR,RG,3580,31,D,YU,PD,D
14:36:12,JSMR,RG,3580,2,D,YU,CC,D
14:36:12,JSMR,RG,3580,5,D,YU,YP,D
14:36:12,JSMR,RG,3580,162,D,YU,XC,D
14:36:09,JSMR,RG,3570,1,D,CC,YP,D
14:36:04,JSMR,RG,3580,4,D,XC,XC,D
14:35:52,JSMR,RG,3580,34,D,CC,XC,D
14:35:52,JSMR,RG,3580,1,D,CC,YP,D
14:35:52,JSMR,RG,3580,20,D,CC,XC,D
14:35:52,JSMR,RG,3580,200,D,CC,YP,D
14:35:52,JSMR,RG,3580,5,D,CC,PD,D
14:35:52,JSMR,RG,3580,5,D,CC,CC,D
14:35:52,JSMR,RG,3580,10,D,CC,DH,D
14:35:52,JSMR,RG,3580,2,D,CC,CC,D
14:35:52,JSMR,RG,3580,40,D,CC,YB,D
14:35:52,JSMR,RG,3580,79,D,CC,AK,F
14:35:52,JSMR,RG,3580,1,D,CC,YP,D
14:35:52,JSMR,RG,3580,50,D,CC,YP,D
14:35:52,JSMR,RG,3580,50,D,CC,YP,D
14:35:52,JSMR,RG,3580,50,D,CC,YP,D
14:35:52,JSMR,RG,3580,1,D,CC,PD,D
14:35:52,JSMR,RG,3580,50,D,CC,YP,D
14:35:52,JSMR,RG,3580,50,D,CC,YP,D
14:35:52,JSMR,RG,3580,9,D,CC,XA,D
14:35:52,JSMR,RG,3580,50,D,CC,YP,D
14:35:52,JSMR,RG,3580,1,D,CC,YP,D
14:35:52,JSMR,RG,3580,101,D,CC,CC,D
14:35:52,JSMR,RG,3580,1,D,CC,DX,D
14:35:52,JSMR,RG,3580,2,D,CC,NI,D
14:35:52,JSMR,RG,3580,100,D,CC,XL,D
14:35:52,JSMR,RG,3580,2,D,CC,CC,D
14:35:52,JSMR,RG,3580,1,D,CC,XL,D
14:35:52,JSMR,RG,3580,1,D,CC,ZP,D
14:35:52,JSMR,RG,3580,1,D,CC,PD,D
14:35:52,JSMR,RG,3580,7,D,CC,XC,D
14:35:52,JSMR,RG,3580,2,D,CC,XC,D
14:35:52,JSMR,RG,3580,10,D,CC,NI,D
14:35:52,JSMR,RG,3580,2,D,CC,PD,D
14:35:52,JSMR,RG,3580,2,D,CC,CC,D
14:35:52,JSMR,RG,3580,75,D,CC,PD,D
14:35:52,JSMR,RG,3580,2,D,CC,CC,D
14:35:52,JSMR,RG,3580,3,D,CC,CC,D
14:35:52,JSMR,RG,3580,25,D,CC,CC,D
14:35:52,JSMR,RG,3580,1,D,CC,YP,D
14:35:52,JSMR,RG,3580,8,D,CC,LG,D
14:35:52,JSMR,RG,3580,12,D,CC,XC,D
14:35:52,JSMR,RG,3580,1,D,CC,LG,D
14:35:52,JSMR,RG,3580,7,D,CC,NI,D
14:35:52,JSMR,RG,3580,32,D,CC,XC,D
14:35:52,JSMR,RG,3580,3,D,CC,XC,D
14:35:52,JSMR,RG,3580,3,D,CC,XC,D
14:35:52,JSMR,RG,3580,1,D,CC,PD,D
14:35:52,JSMR,RG,3580,3,D,CC,NI,D
14:35:52,JSMR,RG,3580,50,D,CC,NI,D
14:35:52,JSMR,RG,3580,3,D,CC,YP,D
14:35:52,JSMR,RG,3580,5,D,CC,XC,D
14:35:52,JSMR,RG,3580,1,D,CC,YP,D
14:35:52,JSMR,RG,3580,1,D,CC,YP,D
14:35:52,JSMR,RG,3580,40,D,CC,NI,D
14:35:52,JSMR,RG,3580,20,D,CC,YP,D
14:35:52,JSMR,RG,3580,50,D,CC,AZ,D
14:35:52,JSMR,RG,3580,2,D,CC,KK,D
14:35:52,JSMR,RG,3580,5,D,CC,OD,D
14:35:52,JSMR,RG,3580,1,D,CC,YP,D
14:35:52,JSMR,RG,3580,2,D,CC,YP,D
14:35:52,JSMR,RG,3580,1,D,CC,YP,D
14:35:52,JSMR,RG,3580,20,D,CC,PD,D
14:35:52,JSMR,RG,3580,1,D,CC,PD,D
14:35:52,JSMR,RG,3580,1,D,CC,AT,D
14:35:52,JSMR,RG,3580,2,D,CC,YP,D
14:35:52,JSMR,RG,3580,50,D,CC,PD,D
14:35:52,JSMR,RG,3580,1,D,CC,YB,D
14:35:52,JSMR,RG,3580,50,D,CC,IP,D
14:35:52,JSMR,RG,3580,78,D,CC,KK,D
14:35:50,JSMR,RG,3570,10,D,CC,NI,D
14:35:43,JSMR,RG,3580,6,D,BB,KK,D
14:35:32,JSMR,RG,3570,100,D,CC,RB,D
14:35:32,JSMR,RG,3570,3,D,CC,CC,D
14:35:32,JSMR,RG,3570,5,D,CC,PD,D
14:35:32,JSMR,RG,3570,500,D,CC,PD,D
14:35:32,JSMR,RG,3570,5,D,CC,PD,D
14:35:32,JSMR,RG,3570,2,D,CC,YP,D
14:35:32,JSMR,RG,3570,2,D,CC,XC,D
14:35:32,JSMR,RG,3570,39,D,CC,CP,D
14:35:32,JSMR,RG,3570,20,D,CC,NI,D
14:35:32,JSMR,RG,3570,1,D,CC,CC,D
14:35:32,JSMR,RG,3570,10,D,CC,DH,D
14:35:32,JSMR,RG,3570,50,D,CC,XC,D
14:35:32,JSMR,RG,3570,500,D,CC,YP,D
14:35:32,JSMR,RG,3570,10,D,CC,CC,D
14:35:32,JSMR,RG,3570,300,D,CC,AG,D
14:35:21,JSMR,RG,3560,2,F,CC,YP,D
14:35:21,JSMR,RG,3560,1,F,CC,PD,D
14:35:21,JSMR,RG,3560,1,F,CC,YP,D
14:35:21,JSMR,RG,3560,3,F,CC,TP,D
14:35:21,JSMR,RG,3560,2,F,CC,CC,D
14:35:21,JSMR,RG,3560,1,F,CC,YP,D
14:35:21,JSMR,RG,3560,5,F,CC,PD,D
14:35:21,JSMR,RG,3560,5,F,CC,XC,D
14:35:21,JSMR,RG,3560,9,F,CC,XL,D
14:35:21,JSMR,RG,3560,1,F,CC,NI,D
14:35:21,JSMR,RG,3560,165,F,CC,DR,D
14:34:57,JSMR,RG,3560,335,D,CC,DR,D
14:34:57,JSMR,RG,3560,157,D,CC,AZ,D
14:34:57,JSMR,RG,3560,8,D,CC,NI,D
14:34:55,JSMR,RG,3560,2,D,CC,NI,D
14:34:55,JSMR,RG,3560,50,D,CC,DX,D
14:34:55,JSMR,RG,3560,5,D,CC,CC,D
14:34:55,JSMR,RG,3560,10,D,CC,EP,D
14:34:55,JSMR,RG,3560,2,D,CC,CC,D
14:34:55,JSMR,RG,3560,2,D,CC,XC,D
14:34:55,JSMR,RG,3560,200,D,CC,YP,D
14:34:55,JSMR,RG,3560,50,D,CC,AZ,D
14:34:55,JSMR,RG,3560,86,D,CC,AK,F
14:34:55,JSMR,RG,3560,4,D,CC,XC,D
14:34:55,JSMR,RG,3560,11,D,CC,YP,D
14:34:55,JSMR,RG,3560,75,D,CC,AG,D
14:34:55,JSMR,RG,3550,3,D,CC,YP,D
14:34:47,JSMR,RG,3560,2,D,BB,AG,D
14:34:46,JSMR,RG,3550,3,D,BB,CC,D
14:34:13,JSMR,RG,3550,1,D,YU,PD,D
14:34:13,JSMR,RG,3550,11,D,BK,PD,D
14:34:13,JSMR,RG,3550,1,D,BB,PD,D
14:34:13,JSMR,RG,3550,4,D,YU,PD,D
14:34:13,JSMR,RG,3550,8,F,CC,PD,D
14:33:55,JSMR,RG,3560,6,D,BB,AG,D
14:33:46,JSMR,RG,3550,7,F,CC,YP,D
14:33:42,JSMR,RG,3550,1,F,CC,CC,D
14:33:36,JSMR,RG,3550,5,F,CC,PD,D
14:33:29,JSMR,RG,3550,28,F,CC,YP,D
14:33:24,JSMR,RG,3550,32,F,CC,PD,D
14:33:19,JSMR,RG,3550,2,F,CC,YP,D
14:33:19,JSMR,RG,3550,1,D,BB,YP,D
14:33:19,JSMR,RG,3550,8,D,YU,YP,D
14:33:19,JSMR,RG,3550,9,D,KK,YP,D
14:33:13,JSMR,RG,3550,16,D,KK,AK,F
14:33:13,JSMR,RG,3550,49,D,YU,AK,F
14:33:12,JSMR,RG,3550,3,D,YU,KK,D
14:33:12,JSMR,RG,3550,26,D,YU,CC,D
14:33:12,JSMR,RG,3550,200,D,YU,CC,D
14:33:12,JSMR,RG,3550,22,D,YU,CC,D
14:33:12,JSMR,RG,3550,5,D,YU,CC,D
14:33:12,JSMR,RG,3550,1,D,BB,CC,D
14:33:12,JSMR,RG,3550,2,D,CC,CC,D
14:33:12,JSMR,RG,3550,50,D,YP,CC,D
14:33:12,JSMR,RG,3550,13,D,BK,CC,D
14:33:12,JSMR,RG,3550,81,D,OD,CC,D
14:33:02,JSMR,RG,3550,5,D,OD,PD,D
14:33:01,JSMR,RG,3560,8,D,BB,AG,D
14:32:55,JSMR,RG,3550,5,D,OD,KK,D
14:32:50,JSMR,RG,3550,9,D,OD,YP,D
14:32:39,JSMR,RG,3550,66,D,OD,CC,D
14:32:30,JSMR,RG,3550,1,D,OD,CC,D
14:32:23,JSMR,RG,3550,30,D,OD,PD,D
14:31:59,JSMR,RG,3560,4,D,BB,AG,D
14:31:55,JSMR,RG,3550,200,D,OD,AG,D
14:31:55,JSMR,RG,3550,1,D,OD,PD,D
14:31:55,JSMR,RG,3550,100,D,OD,DH,D
14:31:55,JSMR,RG,3550,1,D,OD,CC,F
14:31:55,JSMR,RG,3550,1,D,OD,DH,D
14:31:28,JSMR,RG,3550,15,D,YP,DH,D
14:31:06,JSMR,RG,3550,1,D,DR,DH,D
14:30:34,JSMR,RG,3550,4,D,YU,DH,D
14:30:34,JSMR,RG,3550,25,D,YU,DH,D
14:30:34,JSMR,RG,3550,1,D,YP,DH,D
14:30:34,JSMR,RG,3550,41,D,YU,DH,D
14:30:34,JSMR,RG,3550,12,D,BK,DH,D
14:30:34,JSMR,RG,3550,25,F,BK,DH,D
14:30:34,JSMR,RG,3550,8,D,BB,DH,D
14:30:34,JSMR,RG,3550,200,D,PD,DH,D
14:30:34,JSMR,RG,3550,20,D,XC,DH,D
14:30:34,JSMR,RG,3550,500,D,OD,DH,D
14:30:34,JSMR,RG,3550,5,D,YU,DH,D
14:30:34,JSMR,RG,3550,1,D,YP,DH,D
14:30:10,JSMR,RG,3560,10,D,XC,AG,D
14:29:57,JSMR,RG,3560,4,D,BB,AG,D
14:28:55,JSMR,RG,3560,1,D,CC,AG,D
14:28:46,JSMR,RG,3560,6,D,BB,AG,D
14:28:46,JSMR,RG,3560,81,D,PD,AG,D
14:28:46,JSMR,RG,3560,103,D,YU,AG,D
14:28:43,JSMR,RG,3560,8,D,YU,AK,F
14:28:43,JSMR,RG,3560,61,D,OD,AK,F
14:28:43,JSMR,RG,3560,439,D,OD,AG,D
14:28:43,JSMR,RG,3560,18,D,YU,AG,D
14:28:43,JSMR,RG,3560,3,D,YU,AG,D
14:28:43,JSMR,RG,3560,11,D,YU,AG,D
14:28:43,JSMR,RG,3560,14,D,YU,AG,D
14:28:43,JSMR,RG,3560,8,D,YU,AG,D
14:28:43,JSMR,RG,3560,7,D,BB,AG,D
14:28:38,JSMR,RG,3570,4,D,PD,YP,D
14:28:33,JSMR,RG,3570,1,D,PD,IP,D
14:28:32,JSMR,RG,3570,5,D,PD,PD,D
14:28:28,JSMR,RG,3580,1,D,CC,KK,D
14:28:24,JSMR,RG,3580,15,D,BB,KK,D
14:28:14,JSMR,RG,3570,49,D,BK,AK,F
14:28:14,JSMR,RG,3570,400,D,CC,YP,D
14:28:13,JSMR,RG,3570,300,D,CC,CC,D
14:28:11,JSMR,RG,3580,1,D,PD,YJ,D
14:28:07,JSMR,RG,3570,1,D,CC,KK,D
14:28:06,JSMR,RG,3570,1,D,CC,YP,D
14:28:06,JSMR,RG,3570,70,D,CC,YP,D
14:28:06,JSMR,RG,3570,3,D,CC,AI,D
14:28:06,JSMR,RG,3570,2,D,CC,PD,D
14:28:06,JSMR,RG,3570,1,D,CC,PD,D
14:28:06,JSMR,RG,3570,27,D,CC,YP,D
14:28:06,JSMR,RG,3570,5,D,CC,PD,D
14:28:06,JSMR,RG,3570,2,D,CC,CC,D
14:28:06,JSMR,RG,3570,1,D,CC,OD,D
14:28:06,JSMR,RG,3570,140,D,CC,GR,D
14:28:06,JSMR,RG,3570,100,D,CC,DH,D
14:27:57,JSMR,RG,3560,5,D,CC,PD,D
14:27:57,JSMR,RG,3560,30,D,CC,YP,D
14:27:52,JSMR,RG,3570,2,F,CC,KK,D
14:27:52,JSMR,RG,3570,1,F,CC,YP,D
14:27:52,JSMR,RG,3570,5,F,CC,YP,D
14:27:52,JSMR,RG,3570,2,F,CC,XC,D
14:27:52,JSMR,RG,3570,1,F,CC,NI,D
14:27:52,JSMR,RG,3570,2,F,CC,NI,D
14:27:52,JSMR,RG,3570,2,F,CC,KK,D
14:27:52,JSMR,RG,3570,10,F,CC,SQ,D
14:27:52,JSMR,RG,3570,1,F,CC,PD,D
14:27:52,JSMR,RG,3570,2,F,CC,CC,D
14:27:52,JSMR,RG,3570,3,F,CC,YP,D
14:27:52,JSMR,RG,3570,56,F,CC,XC,D
14:27:52,JSMR,RG,3570,10,F,CC,GR,D
14:27:52,JSMR,RG,3570,355,F,CC,YP,D
14:27:52,JSMR,RG,3570,1,F,CC,YB,D
14:27:52,JSMR,RG,3570,8,F,CC,SQ,D
14:27:52,JSMR,RG,3570,10,F,CC,NI,D
14:27:52,JSMR,RG,3570,1,F,CC,PD,D
14:27:52,JSMR,RG,3570,1,F,CC,OD,D
14:27:52,JSMR,RG,3570,1,F,CC,YP,D
14:27:52,JSMR,RG,3570,71,F,CC,LG,D
14:27:52,JSMR,RG,3570,10,F,CC,YP,D
14:27:52,JSMR,RG,3570,4,F,CC,PD,D
14:27:52,JSMR,RG,3570,2,F,CC,PD,D
14:27:52,JSMR,RG,3570,2,F,CC,NI,D
14:27:52,JSMR,RG,3570,25,F,CC,NI,D
14:27:52,JSMR,RG,3570,100,F,CC,BQ,D
14:27:52,JSMR,RG,3570,160,F,CC,TP,D
14:27:52,JSMR,RG,3570,1,F,CC,YP,D
14:27:52,JSMR,RG,3570,1,F,CC,KK,D
14:27:52,JSMR,RG,3570,1,F,CC,YP,D
14:27:52,JSMR,RG,3570,110,F,CC,YP,D
14:27:52,JSMR,RG,3570,3,F,CC,XC,D
14:27:52,JSMR,RG,3570,2,F,CC,LS,D
14:27:52,JSMR,RG,3570,8,F,CC,YP,D
14:27:52,JSMR,RG,3570,5,F,CC,CC,D
14:27:52,JSMR,RG,3570,2,F,CC,CC,D
14:27:52,JSMR,RG,3570,45,F,CC,DH,D
14:27:52,JSMR,RG,3570,13,F,CC,KK,D
14:27:52,JSMR,RG,3570,11,F,CC,XL,D
14:27:52,JSMR,RG,3570,300,F,CC,YP,D
14:27:52,JSMR,RG,3570,1,F,CC,YP,D
14:27:52,JSMR,RG,3570,1,F,CC,YP,D
14:27:52,JSMR,RG,3570,1,F,CC,YP,D
14:27:52,JSMR,RG,3570,5,F,CC,PD,D
14:27:52,JSMR,RG,3570,2,F,CC,YP,D
14:27:52,JSMR,RG,3570,100,F,CC,LG,D
14:27:52,JSMR,RG,3570,1,F,CC,PD,D
14:27:52,JSMR,RG,3570,2,F,CC,YU,D
14:27:52,JSMR,RG,3570,30,F,CC,KK,D
14:27:52,JSMR,RG,3570,1,F,CC,YB,D
14:27:52,JSMR,RG,3570,1,F,CC,KK,D
14:27:52,JSMR,RG,3570,5,F,CC,CP,D
14:27:45,JSMR,RG,3560,25,D,CC,CC,D
14:27:42,JSMR,RG,3560,2,D,CC,CC,D
14:27:27,JSMR,RG,3560,4,D,CC,YP,D
14:27:13,JSMR,RG,3560,100,D,CC,YP,D
14:27:13,JSMR,RG,3560,1,D,CC,CC,F
14:27:13,JSMR,RG,3560,1,D,CC,YP,D
14:27:13,JSMR,RG,3560,369,D,CC,YP,D
14:27:09,JSMR,RG,3560,500,F,CC,YP,D
14:26:56,JSMR,RG,3560,1000,D,CC,YP,D
14:26:52,JSMR,RG,3550,2,D,YU,YP,D
14:26:47,JSMR,RG,3560,5,D,CC,YP,D
14:26:36,JSMR,RG,3560,126,D,CC,YP,D
14:26:36,JSMR,RG,3560,3,D,CC,YP,D
14:26:36,JSMR,RG,3560,1,D,CC,CC,D
14:26:36,JSMR,RG,3560,55,D,CC,CP,D
14:26:36,JSMR,RG,3560,12,D,CC,CC,D
14:26:36,JSMR,RG,3560,1,D,CC,SQ,D
14:26:36,JSMR,RG,3560,317,D,CC,YP,D
14:26:26,JSMR,RG,3560,6,D,BB,YP,D
14:26:15,JSMR,RG,3550,29,D,YU,YP,D
14:26:15,JSMR,RG,3550,4,D,CC,YP,D
14:26:15,JSMR,RG,3550,41,D,OD,YP,D
14:26:15,JSMR,RG,3550,6,D,OD,YP,D
14:26:00,JSMR,RG,3550,27,D,OD,NI,D
14:25:57,JSMR,RG,3550,6,D,OD,XA,D
14:25:57,JSMR,RG,3550,360,D,OD,CC,D
14:25:25,JSMR,RG,3550,10,D,OD,GR,D
14:25:15,JSMR,RG,3550,6,D,OD,CC,D
14:25:12,JSMR,RG,3550,2,D,OD,DR,D
14:25:01,JSMR,RG,3550,4,D,OD,KK,D
14:24:42,JSMR,RG,3550,1,D,OD,CC,D
14:24:30,JSMR,RG,3560,2,D,BB,YP,D
14:24:20,JSMR,RG,3550,37,D,OD,CC,D
14:24:20,JSMR,RG,3550,8,D,EP,CC,D
14:24:20,JSMR,RG,3550,4,D,YU,CC,D
14:24:20,JSMR,RG,3550,1,D,BK,CC,D
14:24:12,JSMR,RG,3550,12,D,BK,CC,D
14:24:12,JSMR,RG,3550,50,D,YP,CC,D
14:24:12,JSMR,RG,3550,10,D,BQ,CC,D
14:24:12,JSMR,RG,3550,4,D,BB,CC,D
14:24:12,JSMR,RG,3550,424,D,CC,CC,D
14:24:02,JSMR,RG,3560,286,D,OD,CC,F
14:24:02,JSMR,RG,3560,10,D,OD,YU,D
14:24:02,JSMR,RG,3560,1,D,OD,YP,D
14:24:02,JSMR,RG,3560,30,D,OD,YJ,D
14:24:02,JSMR,RG,3560,7,D,OD,YP,D
14:24:02,JSMR,RG,3560,1,D,OD,CC,D
14:24:02,JSMR,RG,3560,10,D,OD,CC,D
14:24:02,JSMR,RG,3560,6,D,OD,XC,D
14:24:02,JSMR,RG,3560,149,D,OD,KK,D
14:24:02,JSMR,RG,3560,451,D,OD,KK,D
14:24:02,JSMR,RG,3560,1,D,OD,XC,D
14:24:02,JSMR,RG,3560,1,D,OD,YP,D
14:24:02,JSMR,RG,3560,2,D,OD,GR,D
14:24:02,JSMR,RG,3560,45,D,OD,CC,D
14:23:44,JSMR,RG,3550,60,D,CC,YP,D
14:23:42,JSMR,RG,3550,15,D,CC,LG,D
14:23:41,JSMR,RG,3560,6,D,BB,CC,D
14:23:17,JSMR,RG,3560,61,D,YU,CC,D
14:23:17,JSMR,RG,3560,87,F,CC,CC,D
14:23:17,JSMR,RG,3560,1,D,YP,CC,D
14:23:17,JSMR,RG,3560,49,D,YP,CC,D
14:23:17,JSMR,RG,3560,13,D,BK,CC,D
14:23:17,JSMR,RG,3560,19,D,YU,CC,D
14:23:17,JSMR,RG,3560,7,D,YU,CC,D
14:23:17,JSMR,RG,3560,26,D,YU,CC,D
14:23:17,JSMR,RG,3560,16,D,YU,CC,D
14:23:17,JSMR,RG,3560,69,D,YU,CC,D
14:23:17,JSMR,RG,3560,1,F,CC,CC,D
14:22:55,JSMR,RG,3570,15,F,AK,CP,D
14:22:54,JSMR,RG,3560,2,F,CC,CC,D
14:22:54,JSMR,RG,3560,1,F,CC,YP,D
14:22:54,JSMR,RG,3560,10,F,CC,YP,D
14:22:54,JSMR,RG,3560,1,F,CC,SQ,D
14:22:54,JSMR,RG,3560,100,F,CC,CC,D
14:22:54,JSMR,RG,3560,2,F,CC,YP,D
14:22:54,JSMR,RG,3560,30,F,CC,YP,D
14:22:54,JSMR,RG,3560,3,F,CC,NI,D
14:22:54,JSMR,RG,3560,10,F,CC,SQ,D
14:22:54,JSMR,RG,3560,1,F,CC,XC,D
14:22:54,JSMR,RG,3560,9,F,CC,YP,D
14:22:54,JSMR,RG,3560,1,F,CC,CP,D
14:22:54,JSMR,RG,3560,13,F,CC,SQ,D
14:22:54,JSMR,RG,3560,5,F,CC,PD,D
14:22:54,JSMR,RG,3560,11,F,CC,YP,D
14:22:54,JSMR,RG,3560,1,F,CC,XL,D
14:22:54,JSMR,RG,3560,5,F,CC,HP,D
14:22:54,JSMR,RG,3560,30,F,CC,NI,D
14:22:54,JSMR,RG,3560,2,F,CC,DR,D
14:22:54,JSMR,RG,3560,2,F,CC,DH,D
14:22:54,JSMR,RG,3560,50,F,CC,DX,D
14:22:54,JSMR,RG,3560,1,F,CC,KK,D
14:22:54,JSMR,RG,3560,2,F,CC,XC,D
14:22:54,JSMR,RG,3560,93,F,CC,YP,D
14:22:54,JSMR,RG,3560,6,F,CC,PD,D
14:22:54,JSMR,RG,3560,35,F,CC,XA,D
14:22:54,JSMR,RG,3560,1,F,CC,CC,D
14:22:54,JSMR,RG,3560,29,F,CC,XA,D
14:22:54,JSMR,RG,3560,1,F,CC,PD,D
14:22:54,JSMR,RG,3560,30,F,CC,XA,D
14:22:54,JSMR,RG,3560,9,F,CC,KK,D
14:22:54,JSMR,RG,3560,1,F,CC,ZP,D
14:22:54,JSMR,RG,3560,2,F,CC,OD,D
14:22:45,JSMR,RG,3560,6,D,BB,OD,D
14:22:40,JSMR,RG,3560,2,F,AK,OD,D
14:22:38,JSMR,RG,3550,50,D,CC,DX,D
14:22:22,JSMR,RG,3560,1,F,AK,YP,D
14:22:22,JSMR,RG,3560,5,F,AK,YP,D
14:22:22,JSMR,RG,3560,1,F,AK,YB,D
14:22:22,JSMR,RG,3560,5,F,AK,PD,D
14:22:22,JSMR,RG,3560,1,F,AK,OD,D
14:22:21,JSMR,RG,3550,1,D,CC,DH,D
14:22:21,JSMR,RG,3550,2,D,CC,CC,D
14:22:21,JSMR,RG,3550,300,D,CC,CC,D
14:22:21,JSMR,RG,3550,1,D,CC,PD,D
14:22:21,JSMR,RG,3550,1,D,CC,YP,D
14:22:21,JSMR,RG,3550,20,D,CC,YP,D
14:22:21,JSMR,RG,3550,1,D,CC,YP,D
14:22:21,JSMR,RG,3550,125,D,CC,MG,D
14:21:56,JSMR,RG,3550,5,D,BB,MG,D
14:21:10,JSMR,RG,3550,4,D,BB,MG,D
14:20:59,JSMR,RG,3540,5,D,PD,YP,D
14:20:55,JSMR,RG,3550,1,D,CC,MG,D
14:20:51,JSMR,RG,3550,2,D,BB,MG,D
14:20:51,JSMR,RG,3550,48,D,CC,MG,D
14:20:48,JSMR,RG,3550,9,D,CC,AK,F
14:20:48,JSMR,RG,3550,138,D,CC,AK,F
14:20:47,JSMR,RG,3550,100,D,CC,SQ,D
14:20:36,JSMR,RG,3550,10,D,CC,CC,D
14:20:34,JSMR,RG,3550,100,D,CC,SQ,D
14:20:32,JSMR,RG,3550,29,D,CC,EP,D
14:20:32,JSMR,RG,3550,20,D,CC,SQ,D
14:20:32,JSMR,RG,3550,10,D,CC,CC,D
14:20:32,JSMR,RG,3550,1,D,CC,PD,D
14:20:32,JSMR,RG,3550,6,D,CC,XC,D
14:20:23,JSMR,RG,3550,6,D,BB,XC,D
14:20:12,JSMR,RG,3550,5,D,YP,XC,D
14:19:59,JSMR,RG,3550,3,D,XC,XC,D
14:19:31,JSMR,RG,3560,33,D,BB,AK,F
14:19:30,JSMR,RG,3560,2,D,BB,AK,F
14:19:29,JSMR,RG,3550,1,D,BB,PD,D
14:19:29,JSMR,RG,3550,1,D,BB,CC,F
14:19:04,JSMR,RG,3560,1,D,YP,CC,F
14:18:44,JSMR,RG,3560,1,D,IP,YB,D
14:18:25,JSMR,RG,3530,217,D,OD,IF,D
14:18:25,JSMR,RG,3530,10,D,CC,IF,D
14:18:25,JSMR,RG,3530,23,F,CC,IF,D
14:18:25,JSMR,RG,3530,385,D,CC,IF,D
14:18:25,JSMR,RG,3530,365,D,CC,IF,D
14:18:05,JSMR,RG,3530,66,D,CC,AK,F
14:18:05,JSMR,RG,3530,1,D,CC,AK,F
14:18:05,JSMR,RG,3530,5,D,CC,AK,F
14:18:02,JSMR,RG,3500,6468,D,YP,KZ,D
14:18:02,JSMR,RG,3500,3606,D,YP,KZ,D
14:18:02,JSMR,RG,3500,1,D,DH,KZ,D
14:18:02,JSMR,RG,3500,1,D,PD,KZ,D
14:18:02,JSMR,RG,3500,10,D,XC,KZ,D
14:18:02,JSMR,RG,3500,3,D,CC,KZ,D
14:18:02,JSMR,RG,3500,15,D,AZ,KZ,D
14:18:02,JSMR,RG,3500,1,D,YP,KZ,D
14:18:02,JSMR,RG,3500,10,D,SQ,KZ,D
14:18:02,JSMR,RG,3500,2,D,CC,KZ,D
14:18:02,JSMR,RG,3500,2,D,CC,KZ,D
14:18:02,JSMR,RG,3500,6,D,CC,KZ,D
14:18:02,JSMR,RG,3500,10,D,EP,KZ,D
14:18:02,JSMR,RG,3500,100,D,PO,KZ,D
14:18:02,JSMR,RG,3500,2,D,PD,KZ,D
14:18:02,JSMR,RG,3500,3,D,YP,KZ,D
14:18:02,JSMR,RG,3500,35,D,YP,KZ,D
14:18:02,JSMR,RG,3500,2,D,EP,KZ,D
14:18:02,JSMR,RG,3500,1,D,PD,KZ,D
14:18:02,JSMR,RG,3500,20,D,GR,KZ,D
14:18:02,JSMR,RG,3500,4,D,PD,KZ,D
14:18:02,JSMR,RG,3500,3,D,XC,KZ,D
14:18:02,JSMR,RG,3500,1,D,DR,KZ,D
14:18:02,JSMR,RG,3500,1,D,KK,KZ,D
14:18:02,JSMR,RG,3500,3,D,KK,KZ,D
14:18:02,JSMR,RG,3500,5,D,SH,KZ,D
14:18:02,JSMR,RG,3500,3,D,SQ,KZ,D
14:18:02,JSMR,RG,3500,2,D,YP,KZ,D
14:18:02,JSMR,RG,3500,5,D,YP,KZ,D
14:18:02,JSMR,RG,3500,5,D,YP,KZ,D
14:18:02,JSMR,RG,3500,1,D,PD,KZ,D
14:18:02,JSMR,RG,3500,1,D,XC,KZ,D
14:18:02,JSMR,RG,3500,5,D,CC,KZ,D
14:18:02,JSMR,RG,3500,10,D,SQ,KZ,D
14:18:02,JSMR,RG,3500,5,D,XL,KZ,D
14:18:02,JSMR,RG,3500,10,D,DR,KZ,D
14:18:02,JSMR,RG,3500,3,D,YP,KZ,D
14:18:02,JSMR,RG,3500,100,D,IT,KZ,D
14:18:02,JSMR,RG,3500,1000,D,IF,KZ,D
14:18:02,JSMR,RG,3500,5,D,CC,KZ,D
14:18:02,JSMR,RG,3500,1,D,YP,KZ,D
14:18:02,JSMR,RG,3500,2,D,KK,KZ,D
14:18:02,JSMR,RG,3500,1,D,CC,KZ,D
14:18:02,JSMR,RG,3500,1,D,YP,KZ,D
14:18:02,JSMR,RG,3500,20,D,GR,KZ,D
14:18:02,JSMR,RG,3500,1,D,KK,KZ,D
14:18:02,JSMR,RG,3500,10,D,DH,KZ,D
14:18:02,JSMR,RG,3500,10,D,YP,KZ,D
14:18:02,JSMR,RG,3500,1,D,TF,KZ,D
14:18:02,JSMR,RG,3500,10,D,YP,KZ,D
14:18:02,JSMR,RG,3500,6,D,YP,KZ,D
14:18:02,JSMR,RG,3510,1,D,DH,KZ,D
14:18:02,JSMR,RG,3510,1,D,PD,KZ,D
14:18:02,JSMR,RG,3510,1,D,XL,KZ,D
14:18:02,JSMR,RG,3510,500,F,CC,KZ,D
14:18:02,JSMR,RG,3510,500,F,CC,KZ,D
14:18:02,JSMR,RG,3510,5,D,PD,KZ,D
14:18:02,JSMR,RG,3510,3,D,KK,KZ,D
14:18:02,JSMR,RG,3510,30,D,DR,KZ,D
14:18:02,JSMR,RG,3510,2,D,CC,KZ,D
14:18:02,JSMR,RG,3510,2,D,CC,KZ,D
14:18:02,JSMR,RG,3510,10,D,PD,KZ,D
14:18:02,JSMR,RG,3510,2,D,KK,KZ,D
14:18:02,JSMR,RG,3510,30,D,YP,KZ,D
14:18:02,JSMR,RG,3510,50,D,IT,KZ,D
14:18:02,JSMR,RG,3510,10,D,PD,KZ,D
14:18:02,JSMR,RG,3510,1,D,PD,KZ,D
14:18:02,JSMR,RG,3510,2,D,YP,KZ,D
14:18:02,JSMR,RG,3510,2,D,KK,KZ,D
14:18:02,JSMR,RG,3510,1,D,KK,KZ,D
14:18:02,JSMR,RG,3510,100,D,YB,KZ,D
14:18:02,JSMR,RG,3510,5,D,PD,KZ,D
14:18:02,JSMR,RG,3510,5,D,CC,KZ,D
14:18:02,JSMR,RG,3510,25,D,YP,KZ,D
14:18:02,JSMR,RG,3510,1,D,XL,KZ,D
14:18:02,JSMR,RG,3510,2,D,KK,KZ,D
14:18:02,JSMR,RG,3510,5,D,CC,KZ,D
14:18:02,JSMR,RG,3510,100,D,YP,KZ,D
14:18:02,JSMR,RG,3510,5,D,PD,KZ,D
14:18:02,JSMR,RG,3510,1,D,YP,KZ,D
14:18:02,JSMR,RG,3510,2,D,KK,KZ,D
14:18:02,JSMR,RG,3510,3,D,YP,KZ,D
14:18:02,JSMR,RG,3510,200,D,AG,KZ,D
14:18:02,JSMR,RG,3520,40,D,PD,KZ,D
14:18:02,JSMR,RG,3520,147,D,EP,KZ,D
14:18:02,JSMR,RG,3520,5,D,YP,KZ,D
14:18:02,JSMR,RG,3520,14,D,PD,KZ,D
14:18:02,JSMR,RG,3520,10,D,YP,KZ,D
14:18:02,JSMR,RG,3520,15,D,YP,KZ,D
14:18:02,JSMR,RG,3520,3,D,PD,KZ,D
14:18:02,JSMR,RG,3520,1,D,DH,KZ,D
14:18:02,JSMR,RG,3520,142,D,DR,KZ,D
14:18:02,JSMR,RG,3520,1,D,PD,KZ,D
14:18:02,JSMR,RG,3520,250,D,NI,KZ,D
14:18:02,JSMR,RG,3520,5,D,PD,KZ,D
14:18:02,JSMR,RG,3520,3,D,KK,KZ,D
14:18:02,JSMR,RG,3520,30,D,GR,KZ,D
14:18:02,JSMR,RG,3520,10,D,YP,KZ,D
14:18:02,JSMR,RG,3520,2,D,CC,KZ,D
14:18:02,JSMR,RG,3520,1,D,DH,KZ,D
14:18:02,JSMR,RG,3520,2,D,KK,KZ,D
14:18:02,JSMR,RG,3520,2,D,EP,KZ,D
14:18:02,JSMR,RG,3520,10,D,YP,KZ,D
14:18:02,JSMR,RG,3520,10,D,YP,KZ,D
14:18:02,JSMR,RG,3520,1,D,PD,KZ,D
14:18:02,JSMR,RG,3520,5,D,AI,KZ,D
14:18:02,JSMR,RG,3520,2,D,YP,KZ,D
14:18:02,JSMR,RG,3520,5,D,AI,KZ,D
14:18:02,JSMR,RG,3520,4,D,XC,KZ,D
14:18:02,JSMR,RG,3520,5,D,AI,KZ,D
14:18:02,JSMR,RG,3520,2,D,KK,KZ,D
14:18:02,JSMR,RG,3520,15,D,NI,KZ,D
14:18:02,JSMR,RG,3520,1,D,KK,KZ,D
14:18:02,JSMR,RG,3520,2,D,YP,KZ,D
14:18:02,JSMR,RG,3520,3,D,YP,KZ,D
14:18:02,JSMR,RG,3520,1,D,NI,KZ,D
14:18:02,JSMR,RG,3520,2,D,YP,KZ,D
14:18:02,JSMR,RG,3520,5,D,PD,KZ,D
14:18:02,JSMR,RG,3520,1,D,PD,KZ,D
14:18:02,JSMR,RG,3520,20,D,DR,KZ,D
14:18:02,JSMR,RG,3520,10,D,GR,KZ,D
14:18:02,JSMR,RG,3520,1,D,SQ,KZ,D
14:18:02,JSMR,RG,3520,2,D,KK,KZ,D
14:18:02,JSMR,RG,3520,3,D,XL,KZ,D
14:18:02,JSMR,RG,3520,56,D,YP,KZ,D
14:18:02,JSMR,RG,3520,1,D,PD,KZ,D
14:18:02,JSMR,RG,3520,2,D,XC,KZ,D
14:18:02,JSMR,RG,3520,3,D,YP,KZ,D
14:18:02,JSMR,RG,3520,5,D,CC,KZ,D
14:18:02,JSMR,RG,3520,8,D,XC,KZ,D
14:18:02,JSMR,RG,3520,2,D,YP,KZ,D
14:18:02,JSMR,RG,3530,1,D,PD,KZ,D
14:18:02,JSMR,RG,3530,99,D,CC,KZ,D
14:18:02,JSMR,RG,3530,1,D,YP,KZ,D
14:18:02,JSMR,RG,3530,1,D,PD,KZ,D
14:18:02,JSMR,RG,3530,18,D,HP,KZ,D
14:18:02,JSMR,RG,3530,93,D,CC,KZ,D
14:18:02,JSMR,RG,3530,1,D,XC,KZ,D
14:18:02,JSMR,RG,3530,3,D,KK,KZ,D
14:18:02,JSMR,RG,3530,1,D,KK,KZ,D
14:18:02,JSMR,RG,3530,15,D,YP,KZ,D
14:18:02,JSMR,RG,3530,135,D,CC,KZ,D
14:18:02,JSMR,RG,3530,300,D,OD,KZ,D
14:18:02,JSMR,RG,3530,1,D,XC,KZ,D
14:18:02,JSMR,RG,3530,2,D,YP,KZ,D
14:18:02,JSMR,RG,3530,10,D,EP,KZ,D
14:18:02,JSMR,RG,3530,176,D,OD,KZ,D
14:18:02,JSMR,RG,3540,3,D,YU,KZ,D
14:18:02,JSMR,RG,3540,3,D,YU,KZ,D
14:18:02,JSMR,RG,3540,1,D,BB,KZ,D
14:18:02,JSMR,RG,3540,300,D,OD,KZ,D
14:18:02,JSMR,RG,3540,1,D,KK,KZ,D
14:18:02,JSMR,RG,3550,3,D,YP,KZ,D
14:18:02,JSMR,RG,3550,20,D,BK,KZ,D
14:18:02,JSMR,RG,3550,7,D,YU,KZ,D
14:18:02,JSMR,RG,3550,8,D,BB,KZ,D
14:18:02,JSMR,RG,3550,5,D,YU,KZ,D
14:18:02,JSMR,RG,3550,1,D,XC,KZ,D
14:18:02,JSMR,RG,3550,50,F,YU,KZ,D
14:18:02,JSMR,RG,3550,1,D,YP,KZ,D
14:18:02,JSMR,RG,3550,1,D,XC,KZ,D
14:18:02,JSMR,RG,3550,10,D,PD,KZ,D
14:18:02,JSMR,RG,3550,986,D,YP,KZ,D
14:18:02,JSMR,RG,3560,11,D,BK,KZ,D
14:18:02,JSMR,RG,3560,27,D,NI,KZ,D
14:18:02,JSMR,RG,3560,200,F,CC,KZ,D
14:18:02,JSMR,RG,3560,465,D,OD,KZ,D
14:18:02,JSMR,RG,3560,2,D,OD,CC,D
14:17:58,JSMR,RG,3560,1,D,OD,YB,D
14:17:47,JSMR,RG,3560,2,D,OD,AK,F
14:17:47,JSMR,RG,3560,10,D,OD,NI,D
14:17:47,JSMR,RG,3560,1,D,OD,PD,D
14:17:47,JSMR,RG,3560,19,D,OD,AK,F
14:17:41,JSMR,RG,3560,15,D,BB,AK,F
14:17:40,JSMR,RG,3550,1,D,YP,PD,D
14:17:40,JSMR,RG,3560,26,F,CC,AK,F
14:17:40,JSMR,RG,3560,88,F,CC,AK,F
14:17:40,JSMR,RG,3560,150,F,CC,PD,D
14:17:40,JSMR,RG,3560,36,F,CC,CC,D
14:17:29,JSMR,RG,3560,3,D,YU,CC,D
14:17:28,JSMR,RG,3560,7,D,YU,CC,D
14:17:28,JSMR,RG,3560,4,D,YU,CC,D
14:17:28,JSMR,RG,3560,12,D,BK,CC,D
14:17:28,JSMR,RG,3560,38,D,YP,CC,D
14:17:24,JSMR,RG,3560,2,D,YP,AK,F
14:17:24,JSMR,RG,3560,67,D,YP,AK,F
14:17:24,JSMR,RG,3560,5,D,YP,AK,F
14:17:23,JSMR,RG,3560,4,D,YP,AK,F
14:17:22,JSMR,RG,3560,24,D,YP,XC,D
14:17:22,JSMR,RG,3560,1,D,YP,PD,D
14:17:22,JSMR,RG,3560,300,D,YP,CC,D
14:17:16,JSMR,RG,3560,100,D,YP,CC,D
14:17:12,JSMR,RG,3560,54,D,YP,AK,F
14:17:11,JSMR,RG,3560,144,D,YP,YP,D
14:17:11,JSMR,RG,3560,5,D,YU,YP,D
14:17:11,JSMR,RG,3560,40,D,YU,YP,D
14:17:11,JSMR,RG,3560,11,D,PD,YP,D
14:17:05,JSMR,RG,3560,4,D,PD,CC,D
14:17:05,JSMR,RG,3560,11,D,YU,CC,D
14:17:05,JSMR,RG,3560,5,D,YP,CC,D
14:17:02,JSMR,RG,3560,1,D,YP,YP,D
14:17:01,JSMR,RG,3560,50,D,YP,YP,D
14:16:58,JSMR,RG,3560,10,D,YP,CC,D
14:16:40,JSMR,RG,3560,9,D,YP,PD,D
14:16:37,JSMR,RG,3560,1,D,YP,DR,D
14:16:32,JSMR,RG,3560,4,D,YP,XC,D
14:16:25,JSMR,RG,3560,31,D,YP,AK,F
14:16:24,JSMR,RG,3560,169,D,YP,AK,F
14:16:22,JSMR,RG,3550,58,D,YP,AK,F
14:16:21,JSMR,RG,3550,248,D,YP,CC,D
14:16:21,JSMR,RG,3560,52,D,OD,CC,D
14:16:21,JSMR,RG,3560,14,D,OD,XC,D
14:16:16,JSMR,RG,3560,15,D,OD,PD,D
14:16:12,JSMR,RG,3560,20,D,OD,AK,F
14:16:11,JSMR,RG,3560,97,D,OD,AK,F
14:16:11,JSMR,RG,3560,2,D,OD,LS,D
14:16:11,JSMR,RG,3560,51,D,OD,AK,F
14:16:11,JSMR,RG,3560,1,D,OD,AK,F
14:16:11,JSMR,RG,3560,20,D,OD,NI,D
14:16:11,JSMR,RG,3560,97,D,OD,AK,F
14:16:11,JSMR,RG,3560,3,D,OD,YP,D
14:16:11,JSMR,RG,3560,1,D,OD,YP,D
14:16:11,JSMR,RG,3560,100,D,OD,CC,D
14:16:11,JSMR,RG,3560,27,D,OD,PD,D
14:16:02,JSMR,RG,3560,2,D,NI,PD,D
14:15:54,JSMR,RG,3560,12,D,BK,PD,D
14:15:54,JSMR,RG,3560,1,D,NI,PD,D
14:15:54,JSMR,RG,3560,28,D,RO,PD,D
14:15:50,JSMR,RG,3560,1,D,RO,YP,D
14:15:45,JSMR,RG,3560,18,D,RO,AK,F
14:15:44,JSMR,RG,3560,100,D,RO,YP,D
14:15:39,JSMR,RG,3560,3,D,RO,AK,F
14:15:38,JSMR,RG,3560,1,D,BB,AK,F
14:15:37,JSMR,RG,3560,51,D,YU,AK,F
14:15:36,JSMR,RG,3560,2,D,YU,CC,D
14:15:36,JSMR,RG,3560,31,D,YU,CC,D
14:15:36,JSMR,RG,3560,72,D,DR,CC,D
14:15:36,JSMR,RG,3560,1,D,CC,CC,D
14:15:36,JSMR,RG,3560,1,D,CC,CC,D
14:15:36,JSMR,RG,3560,1,D,YP,CC,D
14:15:36,JSMR,RG,3560,12,D,BK,CC,D
14:15:36,JSMR,RG,3560,39,D,BB,CC,D
14:15:36,JSMR,RG,3560,141,F,CC,CC,D
14:15:35,JSMR,RG,3560,2,F,CC,AK,F
14:15:34,JSMR,RG,3560,1,F,CC,SQ,D
14:15:34,JSMR,RG,3560,10,F,CC,NI,D
14:15:30,JSMR,RG,3560,5,F,CC,AK,F
14:15:29,JSMR,RG,3560,25,F,CC,YP,D
14:15:28,JSMR,RG,3560,1,F,CC,AK,F
14:15:27,JSMR,RG,3560,10,F,CC,CC,D
14:15:18,JSMR,RG,3560,1,F,CC,YP,D
14:15:13,JSMR,RG,3560,5,F,CC,CC,D
14:15:11,JSMR,RG,3560,1,F,CC,CC,D
14:15:06,JSMR,RG,3560,1,F,CC,CC,D
14:15:06,JSMR,RG,3560,10,F,CC,PD,D
14:15:06,JSMR,RG,3560,10,F,CC,PD,D
14:15:06,JSMR,RG,3560,1,F,CC,XL,D
14:15:06,JSMR,RG,3560,26,F,CC,SQ,D
14:15:06,JSMR,RG,3560,100,F,CC,YP,D
14:15:06,JSMR,RG,3560,150,F,CC,SQ,D
14:15:02,JSMR,RG,3550,30,D,YP,CC,D
14:15:01,JSMR,RG,3560,1,D,CC,YP,D
14:15:01,JSMR,RG,3560,1,D,CC,EP,D
14:15:01,JSMR,RG,3560,4,D,CC,XC,D
14:15:01,JSMR,RG,3560,28,D,CC,YB,D
14:15:01,JSMR,RG,3560,9,D,CC,YP,D
14:15:01,JSMR,RG,3560,20,D,CC,PD,D
14:15:01,JSMR,RG,3560,30,D,CC,CC,D
14:15:01,JSMR,RG,3560,1,D,CC,YP,D
14:15:01,JSMR,RG,3560,7,D,CC,KK,D
14:15:01,JSMR,RG,3560,200,D,CC,YP,D
14:15:01,JSMR,RG,3560,30,D,CC,DR,D
14:15:01,JSMR,RG,3560,30,D,CC,DH,D
14:15:01,JSMR,RG,3560,10,D,CC,YP,D
14:15:01,JSMR,RG,3560,2,D,CC,CC,D
14:15:01,JSMR,RG,3560,35,D,CC,PD,D
14:15:01,JSMR,RG,3560,1,D,CC,OD,D
14:15:01,JSMR,RG,3560,5,D,CC,CC,D
14:15:01,JSMR,RG,3560,1,D,CC,PD,D
14:15:01,JSMR,RG,3560,50,D,CC,NI,D
14:15:01,JSMR,RG,3560,50,D,CC,YP,D
14:15:01,JSMR,RG,3560,44,D,CC,YP,D
14:15:01,JSMR,RG,3560,3,D,CC,YP,D
14:15:01,JSMR,RG,3560,3,D,CC,YP,D
14:15:01,JSMR,RG,3560,5,D,CC,YP,D
14:15:01,JSMR,RG,3560,1,D,CC,YP,D
14:15:01,JSMR,RG,3560,1,D,CC,YP,D
14:15:01,JSMR,RG,3560,10,D,CC,CC,D
14:15:01,JSMR,RG,3560,2,D,CC,YP,D
14:15:01,JSMR,RG,3560,1,D,CC,PD,D
14:15:01,JSMR,RG,3560,1,D,CC,PD,D
14:15:01,JSMR,RG,3560,1,D,CC,PD,D
14:15:01,JSMR,RG,3560,1,D,CC,YB,D
14:15:00,JSMR,RG,3550,15,D,YP,GR,D
14:14:57,JSMR,RG,3550,6,D,YP,XC,D
14:14:57,JSMR,RG,3550,15,D,YP,KK,D
14:14:57,JSMR,RG,3550,5,D,YP,LS,D
14:14:57,JSMR,RG,3550,1,D,YP,YP,D
14:14:57,JSMR,RG,3550,1,D,YP,XC,D
14:14:57,JSMR,RG,3550,1,D,YP,PD,D
14:14:57,JSMR,RG,3550,100,D,YP,YP,D
14:14:57,JSMR,RG,3550,1,D,YP,PD,D
14:14:57,JSMR,RG,3550,1,D,YP,YP,D
14:14:57,JSMR,RG,3550,2,D,YP,CC,D
14:14:57,JSMR,RG,3550,20,D,YP,YP,D
14:14:57,JSMR,RG,3550,1,D,YP,XC,D
14:14:57,JSMR,RG,3550,59,D,YP,PD,D
14:14:57,JSMR,RG,3550,6,D,YP,CC,D
14:14:57,JSMR,RG,3550,20,D,YP,YP,D
14:14:57,JSMR,RG,3550,17,D,YP,XL,D
14:14:57,JSMR,RG,3550,2,D,YP,CC,D
14:14:57,JSMR,RG,3550,5,D,YP,CP,D
14:14:57,JSMR,RG,3550,3,D,YP,NI,D
14:14:57,JSMR,RG,3550,28,D,YP,YP,D
14:14:55,JSMR,RG,3550,2,D,OD,YP,D
14:14:55,JSMR,RG,3550,1,D,OD,YP,D
14:14:55,JSMR,RG,3550,15,D,OD,XL,D
14:14:55,JSMR,RG,3550,10,D,OD,PD,D
14:14:55,JSMR,RG,3550,1,D,OD,PD,D
14:14:55,JSMR,RG,3550,2,D,OD,XC,D
14:14:55,JSMR,RG,3550,20,D,OD,CC,D
14:14:55,JSMR,RG,3550,50,D,OD,XC,D
14:14:55,JSMR,RG,3550,2,D,OD,PD,D
14:14:55,JSMR,RG,3550,2,D,OD,PD,D
14:14:55,JSMR,RG,3550,10,D,OD,CP,D
14:14:55,JSMR,RG,3550,4,D,OD,EP,D
14:14:55,JSMR,RG,3550,20,D,OD,SH,D
14:14:55,JSMR,RG,3550,10,D,OD,NI,D
14:14:55,JSMR,RG,3550,50,D,OD,CC,D
14:14:55,JSMR,RG,3550,10,D,OD,NI,D
14:14:55,JSMR,RG,3550,1,D,OD,AO,D
14:14:55,JSMR,RG,3550,10,D,OD,GR,D
14:14:55,JSMR,RG,3550,100,D,OD,YP,D
14:14:55,JSMR,RG,3550,30,D,OD,CC,D
14:14:55,JSMR,RG,3550,25,D,OD,NI,D
14:14:55,JSMR,RG,3550,1,D,OD,XC,D
14:14:55,JSMR,RG,3550,24,D,OD,PD,D
14:14:55,JSMR,RG,3550,9,D,OD,PD,D
14:14:55,JSMR,RG,3550,25,D,OD,NI,D
14:14:55,JSMR,RG,3550,10,D,OD,PD,D
14:14:55,JSMR,RG,3550,20,D,OD,CC,D
14:14:55,JSMR,RG,3550,2,D,OD,PD,D
14:14:55,JSMR,RG,3550,2,D,OD,XC,D
14:14:55,JSMR,RG,3550,32,D,OD,XC,D
14:14:55,JSMR,RG,3550,34,D,OD,XC,D
14:14:55,JSMR,RG,3550,9,D,OD,EP,D
14:14:55,JSMR,RG,3550,3,D,OD,XC,D
14:14:55,JSMR,RG,3550,1,D,OD,DH,D
14:14:55,JSMR,RG,3550,1,D,OD,KK,D
14:14:55,JSMR,RG,3550,50,D,OD,IT,D
14:14:55,JSMR,RG,3550,5,D,OD,KK,D
14:14:55,JSMR,RG,3550,5,D,OD,YP,D
14:14:55,JSMR,RG,3550,5,D,OD,GR,D
14:14:55,JSMR,RG,3550,10,D,OD,YP,D
14:14:55,JSMR,RG,3550,9,D,OD,XC,D
14:14:55,JSMR,RG,3550,50,D,OD,YP,D
14:14:55,JSMR,RG,3550,2,D,OD,XC,D
14:14:55,JSMR,RG,3550,50,D,OD,KK,D
14:14:55,JSMR,RG,3550,3,D,OD,XC,D
14:14:55,JSMR,RG,3550,1,D,OD,NI,D
14:14:55,JSMR,RG,3550,40,D,OD,OD,D
14:14:55,JSMR,RG,3550,5,D,OD,YP,D
14:14:55,JSMR,RG,3550,40,D,OD,YP,D
14:14:55,JSMR,RG,3550,50,D,OD,CC,D
14:14:55,JSMR,RG,3550,10,D,OD,CC,D
14:14:55,JSMR,RG,3550,1,D,OD,YP,D
14:14:55,JSMR,RG,3550,30,D,OD,CC,D
14:14:55,JSMR,RG,3550,15,D,OD,CC,D
14:14:55,JSMR,RG,3550,1,D,OD,YP,D
14:14:55,JSMR,RG,3550,4,D,OD,CC,D
14:14:55,JSMR,RG,3550,1,D,OD,YP,D
14:14:55,JSMR,RG,3550,5,D,OD,PD,D
14:14:55,JSMR,RG,3550,2,D,OD,YP,D
14:14:55,JSMR,RG,3550,2,D,OD,XC,D
14:14:55,JSMR,RG,3550,30,D,OD,YP,D
14:14:55,JSMR,RG,3550,2,D,OD,YP,D
14:14:55,JSMR,RG,3550,24,D,OD,YU,D
14:14:53,JSMR,RG,3550,26,D,DR,YU,D
14:14:53,JSMR,RG,3550,5,D,DR,AT,D
14:14:53,JSMR,RG,3550,100,D,DR,PD,D
14:14:53,JSMR,RG,3550,50,D,DR,IT,D
14:14:53,JSMR,RG,3550,1,D,DR,PD,D
14:14:53,JSMR,RG,3550,250,D,DR,IT,D
14:14:53,JSMR,RG,3550,163,D,DR,IT,D
14:14:49,JSMR,RG,3550,1,D,KK,IT,D
14:14:28,JSMR,RG,3540,10,D,YP,CC,D
14:14:26,JSMR,RG,3540,3,D,YP,XL,D
14:14:25,JSMR,RG,3540,60,D,YP,CC,D
14:14:12,JSMR,RG,3540,1,D,YP,YP,D
14:13:58,JSMR,RG,3540,7,D,YP,CC,D
14:13:58,JSMR,RG,3540,9,D,YP,PD,D
14:13:51,JSMR,RG,3540,1,D,DH,PD,D
14:13:47,JSMR,RG,3540,22,D,YU,CC,F
14:13:47,JSMR,RG,3540,3,D,YU,CC,F
14:13:47,JSMR,RG,3540,5,D,YU,CC,F
14:13:47,JSMR,RG,3540,23,D,YU,CC,F
14:13:47,JSMR,RG,3540,7,D,YU,CC,F
14:13:47,JSMR,RG,3540,8,D,YU,CC,F
14:13:47,JSMR,RG,3540,149,D,YU,CC,F
14:13:47,JSMR,RG,3540,5,D,YP,CC,F
14:13:47,JSMR,RG,3540,25,D,BK,CC,F
14:13:47,JSMR,RG,3540,54,D,CC,CC,F
14:13:46,JSMR,RG,3540,100,D,CC,CC,D
14:13:40,JSMR,RG,3540,50,D,CC,DX,D
14:13:38,JSMR,RG,3540,5,D,CC,PD,D
14:13:17,JSMR,RG,3540,9,D,CC,AK,F
14:13:17,JSMR,RG,3540,53,D,CC,AK,F
14:13:16,JSMR,RG,3540,100,D,CC,KK,D
14:13:10,JSMR,RG,3540,1,D,CC,YP,D
14:13:02,JSMR,RG,3540,50,D,CC,YP,D
14:13:01,JSMR,RG,3540,1,D,CC,CC,D
14:12:59,JSMR,RG,3540,1,D,CC,YP,D
14:12:59,JSMR,RG,3540,98,D,CC,PD,D
14:12:51,JSMR,RG,3540,62,D,CC,PD,D
14:12:51,JSMR,RG,3540,150,D,CC,LG,D
14:12:51,JSMR,RG,3540,5,D,CC,YP,D
14:12:51,JSMR,RG,3540,25,D,CC,YP,D
14:12:51,JSMR,RG,3540,8,D,CC,PD,D
14:12:51,JSMR,RG,3540,10,D,CC,CC,D
14:12:51,JSMR,RG,3540,2,D,CC,PD,D
14:12:51,JSMR,RG,3540,180,D,CC,LG,D
14:12:51,JSMR,RG,3540,2,D,CC,LS,D
14:12:51,JSMR,RG,3540,37,D,CC,CC,D
14:12:51,JSMR,RG,3540,1,D,CC,KK,D
14:12:51,JSMR,RG,3540,1,D,CC,XC,D
14:12:51,JSMR,RG,3540,17,D,CC,LG,D
14:12:13,JSMR,RG,3530,1,D,OD,XC,D
14:12:08,JSMR,RG,3530,100,D,OD,CD,D
14:12:05,JSMR,RG,3530,3,D,OD,YP,D
14:11:29,JSMR,RG,3530,15,D,OD,ZP,D
14:11:13,JSMR,RG,3530,1,D,OD,YP,D
14:11:12,JSMR,RG,3530,4,D,OD,DR,D
14:11:00,JSMR,RG,3530,1,D,CC,DR,D
14:11:00,JSMR,RG,3530,1,D,CC,DR,D
14:10:58,JSMR,RG,3530,2,D,BB,DR,D
14:10:56,JSMR,RG,3530,3,D,CC,DR,D
14:10:56,JSMR,RG,3530,3,D,CC,DR,D
14:10:54,JSMR,RG,3530,24,D,YU,DR,D
14:10:54,JSMR,RG,3530,5,D,CC,DR,D
14:10:54,JSMR,RG,3530,11,D,CC,DR,D
14:10:54,JSMR,RG,3530,22,D,YU,DR,D
14:10:54,JSMR,RG,3530,10,D,YU,DR,D
14:10:54,JSMR,RG,3530,1,D,PD,DR,D
14:10:54,JSMR,RG,3530,6,D,CC,DR,D
14:10:54,JSMR,RG,3530,26,D,YU,DR,D
14:10:54,JSMR,RG,3530,12,D,BK,DR,D
14:10:54,JSMR,RG,3530,33,D,CC,DR,D
14:10:54,JSMR,RG,3530,33,D,CC,DR,D
14:10:54,JSMR,RG,3530,66,D,YU,DR,D
14:10:54,JSMR,RG,3530,3,D,KK,DR,D
14:10:54,JSMR,RG,3530,30,D,EP,DR,D
14:10:54,JSMR,RG,3530,4,D,BB,DR,D
14:09:30,JSMR,RG,3540,47,D,GR,LG,D
14:09:23,JSMR,RG,3540,86,F,CC,LG,D
14:09:23,JSMR,RG,3540,10,F,CC,NI,D
14:09:23,JSMR,RG,3540,60,F,CC,CC,D
14:09:23,JSMR,RG,3540,25,F,CC,CC,D
14:09:23,JSMR,RG,3540,2,F,CC,NI,D
14:09:23,JSMR,RG,3540,1,F,CC,GR,D
14:09:16,JSMR,RG,3540,4,F,CC,GR,D
14:09:16,JSMR,RG,3540,1,F,CC,LG,D
14:09:16,JSMR,RG,3540,4,F,CC,EP,D
14:09:16,JSMR,RG,3540,150,F,CC,LG,D
14:09:16,JSMR,RG,3540,15,F,CC,KK,D
14:09:16,JSMR,RG,3540,90,F,CC,AK,F
14:09:16,JSMR,RG,3540,10,F,CC,NI,D
14:09:16,JSMR,RG,3540,37,F,CC,DH,D
14:09:16,JSMR,RG,3540,15,F,CC,EP,D
14:09:16,JSMR,RG,3540,1,F,CC,YB,D
14:09:16,JSMR,RG,3540,1,F,CC,EP,D
14:09:16,JSMR,RG,3540,1,F,CC,YB,D
14:09:16,JSMR,RG,3540,25,F,CC,YP,D
14:09:16,JSMR,RG,3540,1,F,CC,YB,D
14:09:16,JSMR,RG,3540,10,F,CC,NI,D
14:09:16,JSMR,RG,3540,1,F,CC,DX,D
14:09:16,JSMR,RG,3540,54,F,CC,NI,D
14:09:16,JSMR,RG,3540,30,F,CC,CC,D
14:09:16,JSMR,RG,3540,13,F,CC,PD,D
14:09:16,JSMR,RG,3540,2,F,CC,YP,D
14:09:16,JSMR,RG,3540,35,F,CC,CC,D
14:09:05,JSMR,RG,3530,3,D,BB,XC,D
14:08:40,JSMR,RG,3530,4,D,BB,SQ,D
14:08:40,JSMR,RG,3530,6,D,PD,SQ,D
14:08:34,JSMR,RG,3530,9,D,PD,ZP,D
14:08:34,JSMR,RG,3530,7,D,PD,ZP,D
14:08:25,JSMR,RG,3530,15,D,PD,KK,D
14:08:17,JSMR,RG,3530,3,D,PD,XC,D
14:08:17,JSMR,RG,3530,12,D,XC,XC,D
14:08:14,JSMR,RG,3540,20,D,BB,CC,D
14:08:12,JSMR,RG,3530,1,D,XC,XC,D
14:08:00,JSMR,RG,3530,6,D,XC,CC,D
14:07:56,JSMR,RG,3530,10,D,XC,KK,D
14:07:54,JSMR,RG,3530,1,D,XC,CC,D
14:07:54,JSMR,RG,3530,5,D,PD,CC,D
14:07:54,JSMR,RG,3530,1,D,YP,CC,D
14:07:54,JSMR,RG,3530,3,D,YU,CC,D
14:07:54,JSMR,RG,3530,2,D,KK,CC,D
14:07:54,JSMR,RG,3530,12,D,BK,CC,D
14:07:54,JSMR,RG,3530,27,D,CC,CC,D
14:07:54,JSMR,RG,3530,27,D,CC,CC,D
14:07:54,JSMR,RG,3530,122,D,OD,CC,D
14:07:50,JSMR,RG,3530,1,D,OD,CC,D
14:06:50,JSMR,RG,3530,100,D,OD,YP,D
14:06:40,JSMR,RG,3530,20,D,OD,KK,D
14:06:21,JSMR,RG,3530,1,D,OD,XC,D
14:06:09,JSMR,RG,3530,50,D,OD,CC,D
14:06:09,JSMR,RG,3530,6,D,OD,DX,D
14:05:54,JSMR,RG,3530,1,D,CC,DX,D
14:05:54,JSMR,RG,3530,1,D,CC,DX,D
14:05:53,JSMR,RG,3530,2,D,CC,DX,D
14:05:53,JSMR,RG,3530,2,D,CC,DX,D
14:05:53,JSMR,RG,3530,1,D,CC,DX,D
14:05:52,JSMR,RG,3530,19,D,CC,DX,D
14:05:52,JSMR,RG,3530,6,D,CC,DX,D
14:05:51,JSMR,RG,3530,3,D,YU,DX,D
14:05:51,JSMR,RG,3530,5,D,CC,DX,D
14:05:51,JSMR,RG,3530,16,D,YU,DX,D
14:05:51,JSMR,RG,3530,29,D,ZP,DX,D
14:05:51,JSMR,RG,3530,6,D,XC,DX,D
14:05:51,JSMR,RG,3530,3,D,CC,DX,D
14:05:50,JSMR,RG,3530,3,D,CC,CC,D
14:05:50,JSMR,RG,3530,5,D,YU,CC,D
14:05:50,JSMR,RG,3530,12,F,BK,CC,D
14:05:37,JSMR,RG,3530,5,F,BK,YP,D
14:05:37,JSMR,RG,3530,1,D,CC,YP,D
14:05:37,JSMR,RG,3530,1,D,CC,YP,D
14:05:31,JSMR,RG,3530,6,D,CC,AK,F
14:05:31,JSMR,RG,3530,5,D,CC,AK,F
14:05:31,JSMR,RG,3530,24,D,YU,AK,F
14:05:31,JSMR,RG,3530,16,D,YU,YU,D
14:05:31,JSMR,RG,3530,4,D,BB,YU,D
14:05:31,JSMR,RG,3530,11,D,YP,YU,D
14:05:31,JSMR,RG,3530,47,D,YU,YU,D
14:05:31,JSMR,RG,3530,2,D,XL,YU,D
14:05:31,JSMR,RG,3530,9,D,CC,YU,D
14:05:31,JSMR,RG,3530,19,D,BK,YU,D
14:05:31,JSMR,RG,3530,1,D,CC,YU,D
14:05:31,JSMR,RG,3530,1,D,GR,YU,D
14:05:31,JSMR,RG,3530,10,D,ZP,YU,D
14:05:31,JSMR,RG,3530,55,D,CC,YU,D
14:05:31,JSMR,RG,3530,2,D,AZ,YU,D
14:05:31,JSMR,RG,3530,5,D,CC,YU,D
14:05:31,JSMR,RG,3530,2,D,YP,YU,D
14:05:31,JSMR,RG,3530,3,D,CC,YU,D
14:05:31,JSMR,RG,3530,2,D,KK,YU,D
14:05:31,JSMR,RG,3530,3,D,YU,YU,D
14:05:31,JSMR,RG,3530,1,D,EP,YU,D
14:05:31,JSMR,RG,3530,109,D,CC,YU,D
14:05:31,JSMR,RG,3530,10,D,XC,YU,D
14:05:31,JSMR,RG,3530,142,D,DR,YU,D
14:05:31,JSMR,RG,3530,11,D,YP,YU,D
14:05:31,JSMR,RG,3530,15,D,EP,YU,D
14:05:31,JSMR,RG,3530,10,D,PD,YU,D
14:05:31,JSMR,RG,3530,3,D,YU,YU,D
14:05:31,JSMR,RG,3530,138,D,CC,YU,D
14:05:31,JSMR,RG,3530,65,D,CC,YU,D
14:05:31,JSMR,RG,3530,2,D,YP,YU,D
14:05:31,JSMR,RG,3530,3,D,YP,YU,D
14:05:31,JSMR,RG,3530,299,F,CC,YU,D
14:05:22,JSMR,RG,3530,1,F,CC,DH,D
14:05:22,JSMR,RG,3530,2,D,PD,DH,D
14:05:18,JSMR,RG,3540,1,D,HP,CC,D
14:05:10,JSMR,RG,3540,30,D,XC,CC,D
14:05:07,JSMR,RG,3530,1,D,PD,XL,D
14:05:07,JSMR,RG,3530,4,D,PD,XL,D
14:05:05,JSMR,RG,3540,17,D,BB,CC,D
14:04:22,JSMR,RG,3540,5,D,CC,CC,D
14:03:51,JSMR,RG,3540,40,D,YP,CC,D
14:03:44,JSMR,RG,3540,1,D,PD,CC,D
14:03:42,JSMR,RG,3540,2,D,YP,CC,D
14:03:30,JSMR,RG,3540,5,D,DR,CC,D
14:03:25,JSMR,RG,3540,4,D,BB,CC,D
14:03:25,JSMR,RG,3540,34,D,YU,CC,D
14:03:25,JSMR,RG,3540,3,D,CC,CC,D
14:03:25,JSMR,RG,3540,28,D,DR,CC,D
14:03:25,JSMR,RG,3540,5,D,DH,CC,D
14:03:25,JSMR,RG,3540,81,D,YU,CC,D
14:03:25,JSMR,RG,3540,10,D,HP,CC,D
14:03:25,JSMR,RG,3540,29,D,KK,CC,D
14:03:19,JSMR,RG,3540,71,D,KK,TF,D
14:03:19,JSMR,RG,3540,13,D,BK,TF,D
14:03:19,JSMR,RG,3540,23,D,YU,TF,D
14:03:19,JSMR,RG,3540,3,D,YU,TF,D
14:03:19,JSMR,RG,3540,23,D,YU,TF,D
14:03:19,JSMR,RG,3540,5,D,YU,TF,D
14:03:19,JSMR,RG,3540,4,D,BB,TF,D
14:03:19,JSMR,RG,3540,58,D,OD,TF,D
14:03:12,JSMR,RG,3540,5,D,OD,NI,D
14:03:09,JSMR,RG,3540,14,D,OD,NI,D
14:03:04,JSMR,RG,3540,5,D,OD,YU,D
14:03:01,JSMR,RG,3540,1,D,OD,YP,D
14:02:24,JSMR,RG,3540,198,D,OD,PD,D
14:02:14,JSMR,RG,3550,2,D,CC,IT,D
14:02:13,JSMR,RG,3540,8,D,OD,NI,D
14:02:13,JSMR,RG,3540,11,D,OD,YP,D
14:02:06,JSMR,RG,3540,2,D,EP,YP,D
14:02:02,JSMR,RG,3540,5,D,YP,YP,D
14:01:55,JSMR,RG,3540,15,D,ZP,YP,D
14:01:55,JSMR,RG,3540,1,D,HP,YP,D
14:01:54,JSMR,RG,3540,16,D,LG,YP,D
14:01:54,JSMR,RG,3540,7,D,LG,PD,D
14:01:54,JSMR,RG,3540,5,D,LG,AI,D
14:01:54,JSMR,RG,3540,1,D,LG,CC,F
14:01:54,JSMR,RG,3540,10,D,LG,LS,D
14:01:54,JSMR,RG,3540,11,D,LG,CC,D
14:01:54,JSMR,RG,3540,21,D,BB,CC,D
14:01:50,JSMR,RG,3540,1,D,AZ,CC,D
14:01:30,JSMR,RG,3540,2,D,XC,CC,D
14:01:11,JSMR,RG,3540,3,D,HP,CC,D
14:01:01,JSMR,RG,3540,12,D,OD,CC,D
14:00:55,JSMR,RG,3540,1,D,OD,PD,D
14:00:54,JSMR,RG,3540,1,D,OD,CC,D
14:00:54,JSMR,RG,3540,30,D,OD,YP,D
14:00:54,JSMR,RG,3540,75,D,OD,CC,D
14:00:54,JSMR,RG,3540,10,D,OD,CC,D
14:00:54,JSMR,RG,3540,20,D,OD,KK,D
14:00:54,JSMR,RG,3540,151,D,OD,AZ,D
14:00:53,JSMR,RG,3540,1,D,XC,AZ,D
14:00:49,JSMR,RG,3540,2,D,EP,AZ,D
14:00:38,JSMR,RG,3540,1,D,PD,AZ,D
14:00:37,JSMR,RG,3540,45,D,XC,AZ,D
14:00:37,JSMR,RG,3540,8,D,XC,NI,D
14:00:37,JSMR,RG,3540,7,D,XC,IH,D
14:00:29,JSMR,RG,3540,10,D,PD,IH,D
14:00:20,JSMR,RG,3530,96,D,PD,RO,D
14:00:20,JSMR,RG,3530,2,D,YP,RO,D
14:00:20,JSMR,RG,3530,1,D,CC,RO,D
14:00:20,JSMR,RG,3530,1,D,DR,RO,D
14:00:20,JSMR,RG,3530,84,D,DR,RO,D
14:00:20,JSMR,RG,3530,2,D,CC,RO,D
14:00:20,JSMR,RG,3530,14,D,CC,RO,D
13:59:43,JSMR,RG,3540,2,D,CC,IH,D
13:59:39,JSMR,RG,3540,36,D,YU,IH,D
13:59:39,JSMR,RG,3540,13,D,BK,IH,D
13:59:39,JSMR,RG,3540,56,D,DR,IH,D
13:59:39,JSMR,RG,3540,100,D,PD,IH,D
13:59:39,JSMR,RG,3540,59,D,YU,IH,D
13:59:32,JSMR,RG,3540,2,D,YU,YU,D
13:59:23,JSMR,RG,3550,1,D,DR,IT,D
13:59:22,JSMR,RG,3550,2,D,CC,IT,D
13:59:17,JSMR,RG,3540,9,D,YU,CC,D
13:59:17,JSMR,RG,3540,91,F,CC,CC,D
13:59:09,JSMR,RG,3540,20,F,CC,CC,D
13:59:09,JSMR,RG,3540,1,F,CC,YP,D
13:59:09,JSMR,RG,3540,190,F,CC,CC,D
13:59:09,JSMR,RG,3540,1,F,CC,NI,D
13:59:09,JSMR,RG,3540,50,F,CC,PD,D
13:59:09,JSMR,RG,3540,29,F,CC,EP,D
13:59:09,JSMR,RG,3540,1,F,CC,DH,D
13:59:09,JSMR,RG,3540,30,F,CC,CC,D
13:59:09,JSMR,RG,3540,1,F,CC,XC,D
13:59:09,JSMR,RG,3540,40,F,CC,NI,D
13:59:09,JSMR,RG,3540,8,F,CC,YP,D
13:59:09,JSMR,RG,3540,75,F,CC,YP,D
13:59:09,JSMR,RG,3540,15,F,CC,YP,D
13:59:09,JSMR,RG,3540,5,F,CC,AR,D
13:59:09,JSMR,RG,3540,10,F,CC,YP,D
13:59:09,JSMR,RG,3540,2,F,CC,TP,D
13:59:09,JSMR,RG,3540,90,F,CC,XC,D
13:59:09,JSMR,RG,3540,5,F,CC,PD,D
13:59:09,JSMR,RG,3540,16,F,CC,KK,D
13:59:09,JSMR,RG,3540,9,F,CC,EP,D
13:59:09,JSMR,RG,3540,2,F,CC,LS,D
13:59:09,JSMR,RG,3540,6,F,CC,EP,D
13:59:09,JSMR,RG,3540,3,F,CC,PD,D
13:59:09,JSMR,RG,3540,300,F,CC,XC,D
13:59:07,JSMR,RG,3530,2,D,CC,YP,D
13:59:01,JSMR,RG,3530,1,D,CC,KK,D
13:59:00,JSMR,RG,3540,13,D,HP,AK,F
13:59:00,JSMR,RG,3540,2,D,HP,CP,D
13:58:50,JSMR,RG,3530,1,D,CC,PD,D
13:58:49,JSMR,RG,3540,7,D,BB,CP,D
13:58:46,JSMR,RG,3540,1,D,XL,CP,D
13:58:39,JSMR,RG,3530,1,D,CC,EP,D
13:58:39,JSMR,RG,3530,25,D,CC,NI,D
13:58:39,JSMR,RG,3530,2,D,CC,NI,D
13:58:39,JSMR,RG,3530,20,D,CC,PD,D
13:58:39,JSMR,RG,3530,22,D,CC,IH,D
13:58:39,JSMR,RG,3530,1,D,CC,IH,D
13:58:39,JSMR,RG,3530,1,D,CC,IH,D
13:58:38,JSMR,RG,3530,326,D,DR,IH,D
13:58:38,JSMR,RG,3530,5,D,DR,EP,D
13:58:38,JSMR,RG,3530,68,D,DR,CC,D
13:58:38,JSMR,RG,3530,7,D,DR,XC,D
13:58:33,JSMR,RG,3530,1,D,CC,XC,D
13:58:33,JSMR,RG,3530,1,D,CC,XC,D
13:58:33,JSMR,RG,3530,1,D,CC,XC,D
13:58:33,JSMR,RG,3530,1,D,CC,LS,D
13:58:31,JSMR,RG,3530,1,D,CC,LS,D
13:58:31,JSMR,RG,3530,1,D,CC,CC,D
13:58:31,JSMR,RG,3530,2,D,CC,CC,D
13:58:31,JSMR,RG,3530,7,D,CC,CC,D
13:58:31,JSMR,RG,3530,1,D,CC,GR,D
13:58:31,JSMR,RG,3530,8,D,CC,GR,D
13:58:30,JSMR,RG,3530,21,D,PD,GR,D
13:58:30,JSMR,RG,3530,3,D,PD,YP,D
13:58:30,JSMR,RG,3530,70,D,PD,PD,D
13:58:30,JSMR,RG,3530,3,D,PD,YP,D
13:58:30,JSMR,RG,3530,3,D,PD,PD,D
13:58:28,JSMR,RG,3530,1,D,CC,PD,D
13:58:28,JSMR,RG,3530,1,D,CC,PD,D
13:58:27,JSMR,RG,3530,1,D,CC,PD,D
13:58:27,JSMR,RG,3530,1,D,CC,PD,D
13:58:27,JSMR,RG,3530,1,D,CC,PD,D
13:58:27,JSMR,RG,3530,1,D,CC,PD,D
13:58:26,JSMR,RG,3530,6,D,XC,PD,D
13:58:26,JSMR,RG,3530,1,D,XC,XC,D
13:58:26,JSMR,RG,3530,7,D,XC,CC,D
13:58:25,JSMR,RG,3530,3,D,CC,CC,D
13:58:25,JSMR,RG,3530,3,D,CC,CC,D
13:58:24,JSMR,RG,3520,29,D,OD,EP,D
13:58:06,JSMR,RG,3520,1,D,OD,KK,D
13:57:53,JSMR,RG,3520,1,D,OD,YP,D
13:57:52,JSMR,RG,3520,1,D,OD,XC,D
13:57:47,JSMR,RG,3530,2,D,CC,CC,D
13:57:47,JSMR,RG,3530,2,D,CC,CC,D
13:57:46,JSMR,RG,3530,14,D,YP,CC,D
13:57:44,JSMR,RG,3530,1,D,CC,CC,D
13:57:44,JSMR,RG,3530,1,D,CC,CC,D
13:57:44,JSMR,RG,3530,1,D,CC,CC,D
13:57:44,JSMR,RG,3530,1,D,CC,CC,D
13:57:43,JSMR,RG,3530,5,D,DR,CC,D
13:57:43,JSMR,RG,3530,15,D,DR,IF,D
13:57:42,JSMR,RG,3530,1,D,CC,IF,D
13:57:42,JSMR,RG,3530,1,D,CC,IF,D
13:57:41,JSMR,RG,3530,1,D,CC,IF,D
13:57:41,JSMR,RG,3530,1,D,CC,IF,D
13:57:40,JSMR,RG,3530,8,D,CC,IF,D
13:57:40,JSMR,RG,3530,8,D,CC,IF,D
13:57:39,JSMR,RG,3530,1,D,PD,IF,D
13:57:38,JSMR,RG,3530,1,D,DH,IF,D
13:57:38,JSMR,RG,3530,1,D,CC,IF,D
13:57:38,JSMR,RG,3530,1,D,CC,IF,D
13:57:38,JSMR,RG,3530,75,D,XC,IF,D
13:57:37,JSMR,RG,3530,3,D,CC,IF,D
13:57:37,JSMR,RG,3530,3,D,CC,IF,D
13:57:37,JSMR,RG,3530,1,D,CC,IF,D
13:57:37,JSMR,RG,3530,1,D,CC,IF,D
13:57:35,JSMR,RG,3530,5,D,KK,IF,D
13:57:35,JSMR,RG,3530,1,D,CC,IF,D
13:57:35,JSMR,RG,3530,28,D,XC,IF,D
13:57:35,JSMR,RG,3530,1,D,CC,IF,D
13:57:35,JSMR,RG,3530,1,D,CC,IF,D
13:57:35,JSMR,RG,3530,1,D,CC,IF,D
13:57:35,JSMR,RG,3530,7,D,XC,IF,D
13:57:34,JSMR,RG,3530,7,D,CC,IF,D
13:57:34,JSMR,RG,3530,7,D,CC,IF,D
13:57:34,JSMR,RG,3530,3,D,CC,IF,D
13:57:34,JSMR,RG,3530,3,D,CC,IF,D
13:57:33,JSMR,RG,3530,1,D,XL,IF,D
13:57:32,JSMR,RG,3530,7,D,YP,IF,D
13:57:32,JSMR,RG,3530,29,D,CC,IF,D
13:57:32,JSMR,RG,3530,29,D,CC,IF,D
13:57:32,JSMR,RG,3530,31,D,CC,IF,D
13:57:31,JSMR,RG,3530,31,D,CC,IF,D
13:57:30,JSMR,RG,3530,61,F,AK,IF,D
13:57:30,JSMR,RG,3530,5,D,CC,IF,D
13:57:30,JSMR,RG,3530,220,D,OD,IF,D
13:57:30,JSMR,RG,3530,280,D,OD,OD,D
13:57:26,JSMR,RG,3530,1,D,PD,OD,D
13:57:24,JSMR,RG,3530,2,D,CC,OD,D
13:57:24,JSMR,RG,3530,2,D,CC,OD,D
13:57:23,JSMR,RG,3520,20,D,OD,YP,D
13:57:21,JSMR,RG,3530,1,D,CC,OD,D
13:57:21,JSMR,RG,3530,1,D,CC,OD,D
13:57:19,JSMR,RG,3530,1,D,SQ,OD,D
13:57:18,JSMR,RG,3530,1,D,CC,OD,D
13:57:18,JSMR,RG,3530,1,D,CC,OD,D
13:57:17,JSMR,RG,3530,6,D,CC,OD,D
13:57:17,JSMR,RG,3530,6,D,CC,OD,D
13:57:17,JSMR,RG,3530,4,D,CC,OD,D
13:57:16,JSMR,RG,3530,4,D,CC,OD,D
13:57:15,JSMR,RG,3530,15,D,PD,OD,D
13:57:15,JSMR,RG,3530,45,F,AK,OD,D
13:57:15,JSMR,RG,3530,34,D,CC,OD,D
13:57:15,JSMR,RG,3530,34,D,CC,OD,D
13:57:14,JSMR,RG,3520,300,D,OD,IH,D
13:57:13,JSMR,RG,3520,1,D,CC,IH,D
13:57:13,JSMR,RG,3520,1,D,CC,IH,D
13:57:13,JSMR,RG,3520,1,D,CC,IH,D
13:57:12,JSMR,RG,3520,1,D,XC,IH,D
13:57:12,JSMR,RG,3520,2,D,KK,IH,D
13:57:12,JSMR,RG,3520,5,D,YP,IH,D
13:57:11,JSMR,RG,3520,1,D,CC,IH,D
13:57:11,JSMR,RG,3520,1,D,CC,IH,D
13:57:10,JSMR,RG,3520,1,D,CC,IH,D
13:57:10,JSMR,RG,3520,1,D,CC,IH,D
13:57:09,JSMR,RG,3520,5,D,YP,IH,D
13:57:08,JSMR,RG,3520,1,D,CC,IH,D
13:57:08,JSMR,RG,3520,1,D,CC,IH,D
13:57:08,JSMR,RG,3520,14,D,YB,IH,D
13:57:07,JSMR,RG,3520,1,D,PD,IH,D
13:57:07,JSMR,RG,3520,5,D,CC,IH,D
13:57:07,JSMR,RG,3520,5,D,CC,IH,D
13:57:05,JSMR,RG,3520,1,D,CC,IH,D
13:57:05,JSMR,RG,3520,1,D,CC,IH,D
13:57:05,JSMR,RG,3520,50,D,XC,IH,D
13:57:04,JSMR,RG,3520,1,D,CC,IH,D
13:57:04,JSMR,RG,3520,1,D,CC,IH,D
13:57:03,JSMR,RG,3520,1,D,CC,IH,D
13:57:03,JSMR,RG,3520,1,D,CC,IH,D
13:57:03,JSMR,RG,3520,1,D,CC,IH,D
13:57:03,JSMR,RG,3520,1,D,CC,IH,D
13:57:03,JSMR,RG,3520,10,D,CC,IH,D
13:57:01,JSMR,RG,3520,3,D,NI,IH,D
13:57:01,JSMR,RG,3520,6,D,CC,IH,D
13:57:01,JSMR,RG,3520,6,D,CC,IH,D
13:57:01,JSMR,RG,3520,3,D,CC,IH,D
13:57:01,JSMR,RG,3520,3,D,CC,IH,D
13:57:00,JSMR,RG,3520,3,D,YP,IH,D
13:56:59,JSMR,RG,3520,1,D,CC,IH,D
13:56:59,JSMR,RG,3520,20,F,AK,IH,D
13:56:59,JSMR,RG,3520,10,D,KK,IH,D
13:56:59,JSMR,RG,3520,1,D,CC,IH,D
13:56:59,JSMR,RG,3520,29,D,YP,IH,D
13:56:59,JSMR,RG,3520,21,D,YP,DR,D
13:56:58,JSMR,RG,3520,10,D,YP,DR,D
13:56:56,JSMR,RG,3520,2,D,CC,DR,D
13:56:56,JSMR,RG,3520,2,D,CC,DR,D
13:56:55,JSMR,RG,3520,15,D,DR,DR,D
13:56:35,JSMR,RG,3530,1,D,CC,OD,D
13:56:35,JSMR,RG,3530,1,D,CC,OD,D
13:56:34,JSMR,RG,3530,7,D,CC,OD,D
13:56:34,JSMR,RG,3530,7,D,CC,OD,D
13:56:34,JSMR,RG,3530,2,D,CC,OD,D
13:56:34,JSMR,RG,3530,2,D,CC,OD,D
13:56:33,JSMR,RG,3530,15,D,CC,OD,D
13:56:33,JSMR,RG,3530,15,D,CC,OD,D
13:56:33,JSMR,RG,3530,35,D,CC,OD,D
13:56:33,JSMR,RG,3530,20,D,CC,OD,D
13:56:33,JSMR,RG,3520,15,D,CC,IH,D
13:56:32,JSMR,RG,3520,13,F,AK,IH,D
13:56:32,JSMR,RG,3520,7,D,YU,IH,D
13:56:32,JSMR,RG,3520,19,D,YU,IH,D
13:56:32,JSMR,RG,3520,5,D,YU,IH,D
13:56:32,JSMR,RG,3520,52,D,YU,IH,D
13:56:32,JSMR,RG,3520,20,D,NI,IH,D
13:56:32,JSMR,RG,3520,13,D,BK,IH,D
13:56:32,JSMR,RG,3520,2,F,AK,IH,D
13:56:32,JSMR,RG,3520,36,F,AK,IH,D
13:56:32,JSMR,RG,3520,1,D,NI,IH,D
13:56:32,JSMR,RG,3520,317,D,OD,IH,D
13:55:58,JSMR,RG,3530,1,D,CC,OD,D
13:55:58,JSMR,RG,3530,1,D,CC,OD,D
13:55:57,JSMR,RG,3530,7,D,CC,OD,D
13:55:57,JSMR,RG,3530,7,D,CC,OD,D
13:55:57,JSMR,RG,3530,1,D,CC,OD,D
13:55:57,JSMR,RG,3530,1,D,CC,OD,D
13:55:56,JSMR,RG,3530,11,D,CC,OD,D
13:55:56,JSMR,RG,3530,11,D,CC,OD,D
13:55:56,JSMR,RG,3530,5,D,CC,OD,D
13:55:56,JSMR,RG,3530,5,D,CC,OD,D
13:55:56,JSMR,RG,3530,12,F,AK,OD,D
13:55:56,JSMR,RG,3530,21,D,CC,OD,D
13:55:56,JSMR,RG,3530,21,D,CC,OD,D
13:55:55,JSMR,RG,3530,50,D,CC,OD,D
13:55:55,JSMR,RG,3530,50,D,CC,OD,D
13:55:55,JSMR,RG,3530,57,F,AK,OD,D
13:55:55,JSMR,RG,3530,10,F,AK,OD,D
13:55:55,JSMR,RG,3530,1,F,AK,OD,D
13:55:54,JSMR,RG,3520,1,D,OD,YP,D
13:55:54,JSMR,RG,3520,10,D,OD,CC,D
13:55:54,JSMR,RG,3520,172,D,OD,AK,F
13:55:54,JSMR,RG,3520,57,D,OD,AK,F
13:55:54,JSMR,RG,3520,443,D,OD,CC,D
13:55:46,JSMR,RG,3520,1,D,CC,CC,D
13:55:37,JSMR,RG,3520,1,D,CC,CC,D
13:55:29,JSMR,RG,3510,3,D,OD,CC,D
13:55:24,JSMR,RG,3520,1,F,AK,CC,D
13:55:23,JSMR,RG,3520,2,D,CC,CC,D
13:55:23,JSMR,RG,3520,2,D,CC,CC,D
13:55:22,JSMR,RG,3510,11,D,OD,PD,D
13:55:05,JSMR,RG,3510,1,D,KK,SQ,D
13:54:50,JSMR,RG,3510,1,D,KK,XC,D
13:54:33,JSMR,RG,3510,1,D,CC,YP,D
13:54:33,JSMR,RG,3510,1,D,YP,YP,D
13:54:06,JSMR,RG,3520,1,D,CC,CC,D
13:54:06,JSMR,RG,3520,1,D,CC,CC,D
13:54:06,JSMR,RG,3520,1,D,CC,CC,D
13:54:06,JSMR,RG,3520,1,D,CC,CC,D
13:54:04,JSMR,RG,3520,3,D,CC,CC,D
13:54:04,JSMR,RG,3520,3,D,CC,CC,D
13:54:04,JSMR,RG,3520,3,D,CC,CC,D
13:54:04,JSMR,RG,3520,3,D,CC,CC,D
13:54:03,JSMR,RG,3520,2,F,AK,CC,D
13:54:02,JSMR,RG,3520,33,D,CC,CC,D
13:54:02,JSMR,RG,3520,33,D,CC,CC,D
13:54:02,JSMR,RG,3520,14,D,CC,CC,D
13:54:02,JSMR,RG,3520,14,D,CC,CC,D
13:54:00,JSMR,RG,3520,1,F,AK,CC,D
13:54:00,JSMR,RG,3520,7,D,YU,CC,D
13:54:00,JSMR,RG,3520,14,D,YU,CC,D
13:54:00,JSMR,RG,3520,33,D,YU,CC,D
13:54:00,JSMR,RG,3520,13,D,BK,CC,D
13:54:00,JSMR,RG,3520,1,F,AK,CC,D
13:54:00,JSMR,RG,3520,8,F,AK,CC,D
13:54:00,JSMR,RG,3520,226,F,CC,CC,D
13:54:00,JSMR,RG,3520,3,D,YU,CC,D
13:54:00,JSMR,RG,3520,2,D,KK,CC,D
13:54:00,JSMR,RG,3520,3,D,HP,CC,D
13:54:00,JSMR,RG,3520,127,D,OD,CC,D
13:53:25,JSMR,RG,3530,1,D,CC,OD,D
13:53:25,JSMR,RG,3530,1,D,CC,OD,D
13:53:23,JSMR,RG,3520,10,D,OD,YU,D
13:53:01,JSMR,RG,3530,1,D,CC,OD,D
13:53:01,JSMR,RG,3530,1,D,CC,OD,D
13:52:59,JSMR,RG,3530,6,D,CC,OD,D
13:52:59,JSMR,RG,3530,6,D,CC,OD,D
13:52:57,JSMR,RG,3530,50,D,YP,OD,D
13:52:47,JSMR,RG,3530,1,D,CC,OD,D
13:52:47,JSMR,RG,3530,1,D,CC,OD,D
13:52:45,JSMR,RG,3520,10,D,OD,PD,D
13:52:44,JSMR,RG,3520,2,D,OD,XC,D
13:52:30,JSMR,RG,3530,1,D,CC,OD,D
13:52:30,JSMR,RG,3530,1,D,CC,OD,D
13:52:28,JSMR,RG,3530,1,D,CC,OD,D
13:52:28,JSMR,RG,3530,1,D,CC,OD,D
13:52:28,JSMR,RG,3530,2,D,CC,OD,D
13:52:28,JSMR,RG,3530,2,D,CC,OD,D
13:52:28,JSMR,RG,3530,2,D,CC,OD,D
13:52:28,JSMR,RG,3530,2,D,CC,OD,D
13:52:27,JSMR,RG,3530,4,D,CC,OD,D
13:52:27,JSMR,RG,3530,4,D,CC,OD,D
13:52:26,JSMR,RG,3530,22,D,CC,OD,D
13:52:26,JSMR,RG,3530,22,D,CC,OD,D
13:52:25,JSMR,RG,3520,51,D,OD,YP,D
13:52:25,JSMR,RG,3520,3,D,YP,YP,D
13:52:25,JSMR,RG,3520,1,D,CC,YP,D
13:52:25,JSMR,RG,3520,200,D,AG,YP,D
13:52:23,JSMR,RG,3530,1,D,CC,OD,D
13:52:22,JSMR,RG,3530,1,D,CC,OD,D
13:52:22,JSMR,RG,3530,1,D,CC,OD,D
13:52:22,JSMR,RG,3530,1,D,CC,OD,D
13:52:21,JSMR,RG,3530,7,D,YU,OD,D
13:52:20,JSMR,RG,3530,1,D,PD,OD,D
13:52:20,JSMR,RG,3530,8,D,CC,OD,D
13:52:20,JSMR,RG,3530,8,D,CC,OD,D
13:52:20,JSMR,RG,3530,25,D,YU,OD,D
13:52:20,JSMR,RG,3530,7,D,YU,YP,D
13:52:20,JSMR,RG,3530,1,D,YP,YP,D
13:52:20,JSMR,RG,3530,2,D,KK,YP,D
13:52:20,JSMR,RG,3530,3,D,OD,YP,D
13:52:20,JSMR,RG,3530,22,D,YU,YP,D
13:52:20,JSMR,RG,3530,2,F,CC,YP,D
13:52:20,JSMR,RG,3530,14,D,CC,YP,D
13:52:20,JSMR,RG,3530,14,D,CC,YP,D
13:52:20,JSMR,RG,3530,3,D,YP,YP,D
13:52:20,JSMR,RG,3530,12,D,BK,YP,D
13:52:20,JSMR,RG,3530,45,D,CC,YP,D
13:52:08,JSMR,RG,3530,68,D,CC,CC,D
13:52:08,JSMR,RG,3530,113,D,CC,CC,D
13:52:08,JSMR,RG,3530,3,D,YU,CC,D
13:52:08,JSMR,RG,3530,1,D,CC,CC,D
13:52:08,JSMR,RG,3530,16,D,BB,CC,D
13:52:08,JSMR,RG,3530,99,D,AG,CC,D
13:51:58,JSMR,RG,3540,3,D,OD,YP,D
13:51:37,JSMR,RG,3540,1,D,CC,YP,D
13:51:21,JSMR,RG,3540,80,D,OD,YP,D
13:51:21,JSMR,RG,3540,5,D,OD,AI,D
13:51:17,JSMR,RG,3540,10,D,OD,EP,D
13:51:17,JSMR,RG,3540,105,D,OD,AK,F
13:51:16,JSMR,RG,3540,115,D,OD,AK,F
13:51:16,JSMR,RG,3540,85,D,OD,CC,D
13:51:14,JSMR,RG,3540,5,D,HP,CC,D
13:51:10,JSMR,RG,3540,85,F,CC,CC,D
13:51:10,JSMR,RG,3540,5,F,CC,PD,D
13:51:10,JSMR,RG,3540,1,F,CC,HP,D
13:51:10,JSMR,RG,3540,1,F,CC,CC,D
13:51:10,JSMR,RG,3540,25,F,CC,LS,D
13:51:10,JSMR,RG,3540,2,F,CC,NI,D
13:51:10,JSMR,RG,3540,50,F,CC,CC,D
13:51:10,JSMR,RG,3540,179,F,CC,AK,F
13:51:10,JSMR,RG,3540,15,F,CC,YP,D
13:51:10,JSMR,RG,3540,37,F,CC,YP,D
13:51:09,JSMR,RG,3530,90,D,AG,NI,D
13:51:08,JSMR,RG,3530,1,D,AG,AZ,D
13:51:00,JSMR,RG,3540,1,D,IF,YP,D
13:50:49,JSMR,RG,3530,5,D,AG,KK,D
13:50:47,JSMR,RG,3530,5,D,AG,DH,D
13:50:42,JSMR,RG,3530,5,D,YP,CC,D
13:50:42,JSMR,RG,3530,31,D,CC,CC,D
13:50:42,JSMR,RG,3530,14,D,CC,CC,D
13:50:37,JSMR,RG,3530,17,D,CC,CC,D
13:50:37,JSMR,RG,3530,33,F,CC,CC,D
13:50:35,JSMR,RG,3530,207,F,CC,AK,F
13:50:30,JSMR,RG,3540,3,D,YU,YP,D
13:50:29,JSMR,RG,3540,28,F,BK,YP,D
13:50:29,JSMR,RG,3540,16,D,BB,YP,D
13:50:29,JSMR,RG,3540,35,D,YU,YP,D
13:50:29,JSMR,RG,3540,14,D,YU,YP,D
13:50:29,JSMR,RG,3540,5,D,YU,YP,D
13:50:29,JSMR,RG,3540,61,D,YU,YP,D
13:50:29,JSMR,RG,3540,10,D,YU,EP,D
13:50:28,JSMR,RG,3540,13,D,YU,CC,D
13:50:26,JSMR,RG,3540,22,D,YU,AK,F
13:50:26,JSMR,RG,3540,50,D,CC,AK,F
13:50:26,JSMR,RG,3540,80,D,LG,AK,F
13:50:26,JSMR,RG,3540,25,D,DR,AK,F
13:50:26,JSMR,RG,3540,8,D,CC,AK,F
13:50:26,JSMR,RG,3540,65,D,DR,AK,F
13:50:25,JSMR,RG,3540,5,D,DR,CC,D
13:50:25,JSMR,RG,3540,35,D,BK,CC,D
13:50:25,JSMR,RG,3540,251,F,BK,CC,D
13:50:25,JSMR,RG,3540,5,D,SQ,CC,D
13:50:25,JSMR,RG,3540,2,F,CC,CC,D
13:50:25,JSMR,RG,3540,2,D,XC,CC,D
13:50:25,JSMR,RG,3540,41,D,BB,CC,D
13:50:25,JSMR,RG,3540,59,D,OD,CC,D
13:50:24,JSMR,RG,3550,19,F,BK,IT,D
13:50:23,JSMR,RG,3540,10,D,OD,CC,D
13:50:22,JSMR,RG,3540,5,D,OD,DH,D
13:50:21,JSMR,RG,3540,101,D,OD,PD,D
13:50:15,JSMR,RG,3540,1,D,OD,EP,D
13:50:05,JSMR,RG,3550,1,D,NI,IT,D
13:50:04,JSMR,RG,3550,1,D,CC,IT,D
13:50:03,JSMR,RG,3550,22,F,BK,IT,D
13:50:01,JSMR,RG,3540,24,D,OD,YU,D
13:50:01,JSMR,RG,3540,76,D,AG,YU,D
13:49:59,JSMR,RG,3550,16,F,BK,IT,D
13:49:57,JSMR,RG,3540,20,D,AG,YP,D
13:49:57,JSMR,RG,3550,22,F,BK,IT,D
13:49:57,JSMR,RG,3550,1,F,BK,YB,D
13:49:53,JSMR,RG,3540,10,D,AG,OD,D
13:49:53,JSMR,RG,3540,9,D,AG,EP,D
13:49:53,JSMR,RG,3540,1,D,AG,YP,D
13:49:53,JSMR,RG,3540,50,D,AG,YP,D
13:49:53,JSMR,RG,3540,1,D,AG,YP,D
13:49:53,JSMR,RG,3540,6,D,AG,XC,D
13:49:53,JSMR,RG,3540,2,D,AG,YP,D
13:49:53,JSMR,RG,3540,18,D,AG,KK,D
13:49:53,JSMR,RG,3540,7,D,AG,OD,D
13:49:53,JSMR,RG,3540,18,F,BK,OD,D
13:49:53,JSMR,RG,3540,20,F,BK,CC,D
13:49:50,JSMR,RG,3540,30,D,PD,CC,D
13:49:49,JSMR,RG,3540,3,F,BK,DH,D
13:49:49,JSMR,RG,3540,4,F,BK,YP,D
13:49:49,JSMR,RG,3540,5,F,BK,YP,D
13:49:49,JSMR,RG,3540,6,F,BK,CC,D
13:49:49,JSMR,RG,3540,1,F,BK,YP,D
13:49:49,JSMR,RG,3540,1,F,BK,YP,D
13:49:49,JSMR,RG,3540,2,F,BK,YP,D
13:49:49,JSMR,RG,3540,5,F,BK,PD,D
13:49:49,JSMR,RG,3540,3,F,BK,KK,D
13:49:49,JSMR,RG,3540,1,F,BK,YB,D
13:49:49,JSMR,RG,3540,182,F,BK,IF,D
13:49:47,JSMR,RG,3540,200,D,OD,IF,D
13:49:47,JSMR,RG,3540,200,D,OD,IF,D
13:49:46,JSMR,RG,3540,1000,D,AG,IF,D
13:49:45,JSMR,RG,3540,2,D,PD,IF,D
13:49:41,JSMR,RG,3540,11,F,BK,IF,D
13:49:39,JSMR,RG,3530,1,F,CC,EP,D
13:49:39,JSMR,RG,3540,5,D,NI,IF,D
13:49:35,JSMR,RG,3530,1,F,CC,YP,D
13:49:29,JSMR,RG,3530,2,F,CC,DH,D
13:49:27,JSMR,RG,3540,5,D,YP,IF,D
13:49:24,JSMR,RG,3530,20,F,CC,CC,D
13:49:23,JSMR,RG,3540,1,D,DX,IF,D
13:49:22,JSMR,RG,3540,11,F,BK,IF,D
13:49:20,JSMR,RG,3530,5,F,CC,EP,D
13:49:18,JSMR,RG,3540,18,F,BK,IF,D
13:49:18,JSMR,RG,3530,1,F,CC,CC,D
13:49:16,JSMR,RG,3540,115,F,BK,IF,D
13:49:15,JSMR,RG,3530,4,F,CC,CC,D
13:49:13,JSMR,RG,3530,2,F,CC,NI,D
13:49:13,JSMR,RG,3530,1,F,CC,YP,D
13:49:13,JSMR,RG,3530,2,F,CC,LS,D
13:49:13,JSMR,RG,3530,10,F,CC,YB,D
13:49:13,JSMR,RG,3530,10,F,CC,PD,D
13:49:13,JSMR,RG,3530,5,F,CC,CC,D
13:49:13,JSMR,RG,3530,10,F,CC,HP,D
13:49:13,JSMR,RG,3530,3,F,CC,PD,D
13:49:13,JSMR,RG,3530,100,F,CC,YP,D
13:49:13,JSMR,RG,3530,5,F,CC,YP,D
13:49:13,JSMR,RG,3530,10,F,CC,SQ,D
13:49:13,JSMR,RG,3530,50,F,CC,CC,D
13:49:13,JSMR,RG,3530,3,F,CC,CC,D
13:49:13,JSMR,RG,3530,100,F,CC,IT,D
13:49:13,JSMR,RG,3530,250,F,CC,IF,D
13:49:13,JSMR,RG,3530,40,F,CC,BQ,D
13:49:13,JSMR,RG,3530,125,F,CC,IF,D
13:49:13,JSMR,RG,3520,5,D,BK,XL,D
13:49:13,JSMR,RG,3520,5,D,NI,XL,D
13:49:13,JSMR,RG,3530,18,F,BK,IF,D
13:49:13,JSMR,RG,3530,1,D,CC,IF,D
13:49:13,JSMR,RG,3530,1,D,CC,IF,D
13:49:11,JSMR,RG,3530,7,D,CC,IF,D
13:49:11,JSMR,RG,3530,7,D,CC,IF,D
13:49:11,JSMR,RG,3530,3,D,CC,IF,D
13:49:11,JSMR,RG,3530,3,D,CC,IF,D
13:49:11,JSMR,RG,3530,1,D,CC,IF,D
13:49:11,JSMR,RG,3530,1,D,CC,IF,D
13:49:10,JSMR,RG,3530,63,F,BK,IF,D
13:49:09,JSMR,RG,3530,7,D,CC,IF,D
13:49:09,JSMR,RG,3530,7,D,CC,IF,D
13:49:09,JSMR,RG,3530,6,D,CC,IF,D
13:49:09,JSMR,RG,3530,1,D,CC,YP,D
13:49:09,JSMR,RG,3530,2,D,CC,YP,D
13:49:09,JSMR,RG,3530,9,D,CC,YP,D
13:49:09,JSMR,RG,3530,2,D,CC,YP,D
13:49:09,JSMR,RG,3530,1,D,CC,KK,D
13:49:09,JSMR,RG,3530,1,D,CC,XL,D
13:49:09,JSMR,RG,3530,1,D,CC,YP,D
13:49:09,JSMR,RG,3530,1,D,CC,CC,D
13:49:09,JSMR,RG,3530,6,D,CC,CC,D
13:49:08,JSMR,RG,3530,53,D,CC,CC,D
13:49:08,JSMR,RG,3530,1,D,CC,PD,D
13:49:08,JSMR,RG,3530,1,D,CC,YP,D
13:49:08,JSMR,RG,3530,20,D,CC,SQ,D
13:49:08,JSMR,RG,3530,2,D,CC,YP,D
13:49:08,JSMR,RG,3530,1,D,CC,PD,D
13:49:08,JSMR,RG,3530,79,D,CC,HP,D
13:49:07,JSMR,RG,3530,157,D,CC,HP,D
13:49:07,JSMR,RG,3530,54,D,CC,HP,D
13:49:07,JSMR,RG,3530,1,D,CC,PD,D
13:49:07,JSMR,RG,3530,1,D,CC,YB,D
13:49:06,JSMR,RG,3520,10,D,NI,DR,D
13:49:06,JSMR,RG,3520,1,D,NI,YP,D
13:49:06,JSMR,RG,3520,1,D,NI,EP,D
13:49:06,JSMR,RG,3520,10,D,NI,CC,D
13:49:06,JSMR,RG,3520,3,D,NI,YP,D
13:48:53,JSMR,RG,3520,2,D,CC,YP,D
13:48:47,JSMR,RG,3520,13,F,BK,YP,D
13:48:44,JSMR,RG,3520,1,D,YP,YP,D
13:48:43,JSMR,RG,3520,23,F,BK,YP,D
13:48:40,JSMR,RG,3520,8,F,BK,YP,D
13:48:40,JSMR,RG,3520,1,F,BK,CC,D
13:48:40,JSMR,RG,3520,75,F,BK,XC,D
13:48:40,JSMR,RG,3520,50,F,BK,AI,D
13:48:40,JSMR,RG,3520,1,F,BK,XC,D
13:48:40,JSMR,RG,3520,1,F,BK,YP,D
13:48:40,JSMR,RG,3520,12,F,BK,OD,D
13:48:36,JSMR,RG,3520,38,D,XC,OD,D
13:48:36,JSMR,RG,3520,1,D,XC,YP,D
13:48:36,JSMR,RG,3520,1,D,XC,YP,D
13:48:36,JSMR,RG,3520,1,D,XC,XC,D
13:48:36,JSMR,RG,3520,1,D,XC,OD,D
13:48:36,JSMR,RG,3520,3,D,XC,NI,D
13:48:36,JSMR,RG,3520,10,D,XC,LS,D
13:48:36,JSMR,RG,3520,50,D,XC,CC,D
13:48:36,JSMR,RG,3520,400,D,XC,AG,D
13:48:36,JSMR,RG,3520,2,D,XC,XC,D
13:48:36,JSMR,RG,3520,1,D,XC,KK,D
13:48:36,JSMR,RG,3520,1,D,XC,YP,D
13:48:36,JSMR,RG,3520,5,D,XC,XC,D
13:48:36,JSMR,RG,3520,1,D,XC,YP,D
13:48:36,JSMR,RG,3520,1,D,XC,YP,D
13:48:36,JSMR,RG,3520,1,D,XC,YP,D
13:48:36,JSMR,RG,3520,10,D,XC,HP,D
13:48:36,JSMR,RG,3520,1,D,XC,XC,D
13:48:36,JSMR,RG,3520,1,D,XC,XC,D
13:48:36,JSMR,RG,3520,10,D,XC,KK,D
13:48:36,JSMR,RG,3520,325,D,XC,YU,D
13:48:36,JSMR,RG,3520,25,D,XC,YP,D
13:48:36,JSMR,RG,3520,70,D,XC,KK,D
13:48:36,JSMR,RG,3520,10,D,XC,NI,D
13:48:36,JSMR,RG,3520,10,D,XC,NI,D
13:48:36,JSMR,RG,3520,15,D,XC,PD,D
13:48:36,JSMR,RG,3520,100,D,XC,CC,D
13:48:36,JSMR,RG,3520,1,D,XC,YP,D
13:48:36,JSMR,RG,3520,17,D,XC,NI,D
13:48:36,JSMR,RG,3520,3,D,XC,XC,D
13:48:36,JSMR,RG,3520,30,D,XC,PD,D
13:48:36,JSMR,RG,3520,30,D,XC,YP,D
13:48:36,JSMR,RG,3520,25,D,XC,YP,D
13:48:34,JSMR,RG,3510,15,D,CC,BQ,D
13:48:20,JSMR,RG,3510,5,D,CC,CC,D
13:48:20,JSMR,RG,3510,34,D,CC,YP,D
13:48:19,JSMR,RG,3510,6,F,CC,YP,D
13:48:19,JSMR,RG,3510,1,F,CC,YP,D
13:48:19,JSMR,RG,3510,493,F,CC,CC,D
13:47:51,JSMR,RG,3510,1,D,CC,CC,D
13:47:51,JSMR,RG,3510,1,D,CC,CC,D
13:47:50,JSMR,RG,3510,3,D,CC,CC,D
13:47:50,JSMR,RG,3510,2,D,CC,CC,D
13:47:50,JSMR,RG,3510,1,D,CC,YP,D
13:47:50,JSMR,RG,3510,2,D,CC,YP,D
13:47:50,JSMR,RG,3510,2,D,CC,YP,D
13:47:48,JSMR,RG,3510,23,D,YP,XC,D
13:47:48,JSMR,RG,3510,1,D,YP,YP,D
13:47:48,JSMR,RG,3510,2,D,YP,LS,D
13:47:48,JSMR,RG,3510,24,D,YP,CC,D
13:47:05,JSMR,RG,3510,1,D,CC,CC,D
13:47:05,JSMR,RG,3510,1,D,CC,CC,D
13:47:04,JSMR,RG,3510,2,D,CC,CC,D
13:47:03,JSMR,RG,3510,2,D,CC,CC,D
13:47:02,JSMR,RG,3510,2,D,CC,CC,D
13:47:02,JSMR,RG,3510,2,D,CC,CC,D
13:47:02,JSMR,RG,3510,1,D,CC,CC,D
13:47:02,JSMR,RG,3510,1,D,CC,CC,D
13:47:02,JSMR,RG,3510,14,D,PD,CC,D
13:47:02,JSMR,RG,3510,1,D,PD,CC,D
13:47:00,JSMR,RG,3510,24,D,YP,CC,D
13:47:00,JSMR,RG,3510,6,D,YP,YP,D
13:46:16,JSMR,RG,3510,3,D,CC,YP,D
13:46:16,JSMR,RG,3510,3,D,CC,YP,D
13:46:15,JSMR,RG,3510,25,D,LG,YP,D
13:46:08,JSMR,RG,3510,2,D,CC,YP,D
13:46:04,JSMR,RG,3510,1,D,CC,YP,D
13:46:03,JSMR,RG,3510,2,D,CC,YP,D
13:46:03,JSMR,RG,3510,1,D,CC,YP,D
13:46:03,JSMR,RG,3510,1,D,CC,YP,D
13:46:00,JSMR,RG,3510,1,D,CC,PD,D
13:46:00,JSMR,RG,3510,2,D,CC,PD,D
13:45:59,JSMR,RG,3510,7,D,ZP,PD,D
13:45:59,JSMR,RG,3510,1,D,ZP,YP,D
13:45:59,JSMR,RG,3510,22,D,ZP,CC,D
13:45:54,JSMR,RG,3510,1,D,CC,CC,D
13:45:54,JSMR,RG,3510,1,D,CC,CC,D
13:45:53,JSMR,RG,3500,1,D,YP,PD,D
13:45:53,JSMR,RG,3500,2,D,BB,PD,D
13:45:53,JSMR,RG,3500,1,D,BB,YP,D
13:45:45,JSMR,RG,3510,1,D,CC,CC,D
13:45:45,JSMR,RG,3510,1,D,CC,CC,D
13:45:45,JSMR,RG,3510,1,D,CC,CC,D
13:45:44,JSMR,RG,3510,9,D,YU,CC,D
13:45:44,JSMR,RG,3510,2,D,CC,CC,D
13:45:44,JSMR,RG,3510,13,D,CC,CC,D
13:45:44,JSMR,RG,3510,13,F,BK,CC,D
13:45:44,JSMR,RG,3510,4,D,YU,CC,D
13:45:44,JSMR,RG,3510,12,D,CC,CC,D
13:45:44,JSMR,RG,3510,2,D,CC,CC,D
13:45:44,JSMR,RG,3510,18,D,LG,CC,D
13:45:29,JSMR,RG,3510,25,D,LG,DH,D
13:45:28,JSMR,RG,3510,7,D,LG,BQ,D
13:45:28,JSMR,RG,3510,17,F,BK,BQ,D
13:45:25,JSMR,RG,3510,5,F,BK,XC,D
13:45:25,JSMR,RG,3510,6,F,BK,EP,D
13:45:25,JSMR,RG,3510,9,D,YU,EP,D
13:45:25,JSMR,RG,3510,15,D,CC,EP,D
13:45:23,JSMR,RG,3510,5,D,CC,PD,D
13:45:23,JSMR,RG,3510,20,D,CC,PD,D
13:45:23,JSMR,RG,3510,3,D,XL,PD,D
13:45:23,JSMR,RG,3510,1,D,PD,PD,D
13:45:23,JSMR,RG,3510,11,D,YU,PD,D
13:45:22,JSMR,RG,3510,20,D,YU,AZ,D
13:45:22,JSMR,RG,3510,1,D,IF,AZ,D
13:45:22,JSMR,RG,3510,105,D,CC,AZ,D
13:45:22,JSMR,RG,3510,30,D,YU,AZ,D
13:45:22,JSMR,RG,3510,105,D,CC,AZ,D
13:45:22,JSMR,RG,3510,16,D,BK,AZ,D
13:45:22,JSMR,RG,3510,56,F,BK,AZ,D
13:45:22,JSMR,RG,3510,300,D,KK,AZ,D
13:45:22,JSMR,RG,3510,17,D,DR,AZ,D
13:45:05,JSMR,RG,3510,1,D,DR,NI,D
13:45:02,JSMR,RG,3520,3,D,PD,YP,D
13:45:01,JSMR,RG,3510,1,D,DR,CC,D
13:44:59,JSMR,RG,3510,3,D,DR,YP,D
13:44:46,JSMR,RG,3510,5,D,DR,CC,D
13:44:37,JSMR,RG,3510,3,D,DR,XC,D
13:44:37,JSMR,RG,3510,1,D,DR,XC,D
13:44:21,JSMR,RG,3520,5,D,NI,YP,D
13:44:18,JSMR,RG,3510,9,D,DR,CC,D
13:44:18,JSMR,RG,3510,50,D,DR,CC,D
13:44:18,JSMR,RG,3510,33,F,BK,CC,D
13:44:18,JSMR,RG,3510,19,D,BK,CC,D
13:44:18,JSMR,RG,3510,109,D,YU,CC,D
13:44:18,JSMR,RG,3510,80,D,CC,CC,D
13:44:18,JSMR,RG,3510,80,D,CC,CC,D
13:44:18,JSMR,RG,3510,1,F,CC,CC,D
13:44:18,JSMR,RG,3510,10,D,YU,CC,D
13:44:18,JSMR,RG,3510,9,D,YU,CC,D
13:44:07,JSMR,RG,3520,3,D,NI,YP,D
13:44:02,JSMR,RG,3510,20,D,YU,CC,D
13:43:58,JSMR,RG,3520,2,D,NI,YP,D
13:43:57,JSMR,RG,3520,62,D,KK,YP,D
13:43:57,JSMR,RG,3520,1,D,KK,CC,D
13:43:57,JSMR,RG,3520,131,D,KK,PD,D
13:43:57,JSMR,RG,3520,1,D,KK,YP,D
13:43:57,JSMR,RG,3520,1,D,KK,YP,D
13:43:57,JSMR,RG,3520,2,D,KK,YP,D
13:43:57,JSMR,RG,3520,100,D,KK,LG,D
13:43:57,JSMR,RG,3520,1,D,KK,PD,D
13:43:57,JSMR,RG,3520,1,D,KK,KK,D
13:43:50,JSMR,RG,3510,5,D,YU,NI,D
13:43:34,JSMR,RG,3520,1,D,NI,YB,D
13:43:34,JSMR,RG,3510,7,D,YU,AK,F
13:43:34,JSMR,RG,3510,3,D,YU,AK,F
13:43:33,JSMR,RG,3510,55,D,YU,AK,F
13:43:33,JSMR,RG,3510,62,F,BK,AK,F
13:43:33,JSMR,RG,3510,2,D,CC,AK,F
13:43:33,JSMR,RG,3510,2,D,CC,AK,F
13:43:27,JSMR,RG,3510,138,F,CC,AK,F
13:43:27,JSMR,RG,3510,5,F,CC,CC,D
13:43:27,JSMR,RG,3510,50,F,CC,EP,D
13:43:27,JSMR,RG,3510,41,F,CC,YP,D
13:43:27,JSMR,RG,3510,5,F,CC,KK,D
13:43:27,JSMR,RG,3510,1,F,CC,YP,D
13:43:27,JSMR,RG,3510,30,F,CC,YP,D
13:43:27,JSMR,RG,3510,40,F,CC,EP,D
13:43:27,JSMR,RG,3510,1,F,CC,YP,D
13:43:27,JSMR,RG,3510,100,F,CC,CC,D
13:43:27,JSMR,RG,3510,2,F,CC,LS,D
13:43:27,JSMR,RG,3510,12,F,CC,CC,D
13:43:27,JSMR,RG,3510,30,F,CC,XL,D
13:43:27,JSMR,RG,3510,3,F,CC,YP,D
13:43:27,JSMR,RG,3510,1,F,CC,CC,D
13:43:27,JSMR,RG,3510,10,F,CC,NI,D
13:43:27,JSMR,RG,3510,10,F,CC,HP,D
13:43:27,JSMR,RG,3510,21,F,CC,CC,D
13:43:27,JSMR,RG,3510,1,D,CC,CC,D
13:43:27,JSMR,RG,3510,1,D,CC,CC,D
13:43:26,JSMR,RG,3510,2,D,HP,CC,D
13:43:25,JSMR,RG,3510,2,D,CC,CC,D
13:43:25,JSMR,RG,3510,2,D,CC,CC,D
13:43:25,JSMR,RG,3510,2,D,CC,CC,D
13:43:25,JSMR,RG,3510,2,D,CC,CC,D
13:43:23,JSMR,RG,3510,17,D,YU,CC,D
13:43:23,JSMR,RG,3510,16,D,YU,YP,D
13:43:17,JSMR,RG,3510,1,D,CC,YP,D
13:43:17,JSMR,RG,3510,1,D,CC,YP,D
13:43:15,JSMR,RG,3510,8,D,CC,YP,D
13:43:14,JSMR,RG,3510,8,D,CC,YP,D
13:43:14,JSMR,RG,3510,3,D,CC,YP,D
13:43:14,JSMR,RG,3510,3,D,CC,YP,D
13:43:12,JSMR,RG,3510,10,D,LG,YP,D
13:43:12,JSMR,RG,3510,2,D,LG,EP,D
13:43:12,JSMR,RG,3510,1,D,LG,PD,D
13:43:12,JSMR,RG,3510,2,D,LG,XC,D
13:43:12,JSMR,RG,3510,1,D,LG,PD,D
13:43:12,JSMR,RG,3510,5,D,LG,XA,D
13:43:12,JSMR,RG,3510,2,D,LG,SQ,D
13:43:12,JSMR,RG,3510,44,D,LG,PD,D
13:43:12,JSMR,RG,3510,5,D,LG,YP,D
13:43:12,JSMR,RG,3510,28,D,LG,YP,D
13:43:03,JSMR,RG,3510,2,D,CC,YP,D
13:43:03,JSMR,RG,3510,2,D,CC,YP,D
13:43:02,JSMR,RG,3510,20,D,CC,YP,D
13:43:01,JSMR,RG,3510,20,D,CC,YP,D
13:43:00,JSMR,RG,3510,177,D,CC,YP,D
13:43:00,JSMR,RG,3510,51,D,CC,YP,D
13:43:00,JSMR,RG,3510,126,D,CC,YP,D
13:42:43,JSMR,RG,3510,11,D,CC,YP,D
13:42:40,JSMR,RG,3500,5,D,BB,NI,D
13:42:37,JSMR,RG,3510,54,D,YP,YP,D
13:42:35,JSMR,RG,3510,34,D,YU,YP,D
13:42:25,JSMR,RG,3510,2,D,PD,YP,D
13:42:06,JSMR,RG,3510,63,D,YP,YP,D
13:42:06,JSMR,RG,3510,1,D,YP,YP,D
13:42:06,JSMR,RG,3510,1,D,YP,YP,D
13:42:06,JSMR,RG,3510,2,D,YP,YP,D
13:42:06,JSMR,RG,3510,44,D,YP,PD,D
13:42:01,JSMR,RG,3500,53,D,BB,CC,D
13:42:01,JSMR,RG,3500,268,F,BK,CC,D
13:42:01,JSMR,RG,3500,10,D,CC,CC,D
13:42:01,JSMR,RG,3500,86,D,YP,CC,D
13:42:01,JSMR,RG,3500,32,D,BK,CC,D
13:42:01,JSMR,RG,3500,132,D,CC,CC,D
13:42:01,JSMR,RG,3500,1,D,CC,CC,D
13:42:01,JSMR,RG,3500,1,D,CC,CC,D
13:42:01,JSMR,RG,3500,17,D,CC,CC,D
13:42:00,JSMR,RG,3510,25,F,BK,PD,D
13:42:00,JSMR,RG,3510,131,D,CC,PD,D
13:42:00,JSMR,RG,3510,6,D,CC,DH,D
13:41:58,JSMR,RG,3510,14,F,BK,DH,D
13:41:54,JSMR,RG,3510,80,F,BK,DH,D
13:41:54,JSMR,RG,3510,3,F,BK,PD,D
13:41:54,JSMR,RG,3510,1,F,BK,PD,D
13:41:51,JSMR,RG,3500,5,D,CC,AI,D
13:41:50,JSMR,RG,3500,1,D,CC,YP,D
13:41:50,JSMR,RG,3500,14,D,CC,YP,D
13:41:49,JSMR,RG,3500,12,F,CC,YP,D
13:41:49,JSMR,RG,3500,1,F,CC,YP,D
13:41:49,JSMR,RG,3500,1,F,CC,YP,D
13:41:49,JSMR,RG,3500,2,F,CC,PD,D
13:41:49,JSMR,RG,3500,50,F,CC,EP,D
13:41:49,JSMR,RG,3500,10,F,CC,YP,D
13:41:49,JSMR,RG,3500,10,F,CC,LG,D
13:41:49,JSMR,RG,3500,5,F,CC,YP,D
13:41:49,JSMR,RG,3500,15,F,CC,CC,D
13:41:49,JSMR,RG,3500,20,F,CC,SQ,D
13:41:49,JSMR,RG,3500,1,F,CC,CC,D
13:41:49,JSMR,RG,3500,10,F,CC,XL,D
13:41:49,JSMR,RG,3500,10,F,CC,XC,D
13:41:49,JSMR,RG,3500,1,F,CC,YP,D
13:41:49,JSMR,RG,3500,50,F,CC,BQ,D
13:41:49,JSMR,RG,3500,25,F,CC,EP,D
13:41:49,JSMR,RG,3500,5,F,CC,SQ,D
13:41:49,JSMR,RG,3500,8,F,CC,KK,D
13:41:49,JSMR,RG,3500,20,F,CC,EP,D
13:41:49,JSMR,RG,3500,10,F,CC,CC,D
13:41:49,JSMR,RG,3500,29,F,CC,PD,D
13:41:49,JSMR,RG,3500,10,F,CC,YP,D
13:41:49,JSMR,RG,3500,5,F,CC,CC,D
13:41:49,JSMR,RG,3500,50,F,CC,CC,D
13:41:49,JSMR,RG,3500,3,F,CC,XC,D
13:41:49,JSMR,RG,3500,10,F,CC,SQ,D
13:41:49,JSMR,RG,3500,8,F,CC,SQ,D
13:41:49,JSMR,RG,3500,119,F,CC,ZP,D
13:41:49,JSMR,RG,3500,1,D,CC,ZP,D
13:41:48,JSMR,RG,3500,1,D,CC,ZP,D
13:41:46,JSMR,RG,3500,12,F,BK,ZP,D
13:41:44,JSMR,RG,3500,1,D,CC,ZP,D
13:41:44,JSMR,RG,3500,1,D,CC,ZP,D
13:41:42,JSMR,RG,3500,3,D,CC,ZP,D
13:41:42,JSMR,RG,3500,3,D,CC,ZP,D
13:41:41,JSMR,RG,3500,2,D,YB,ZP,D
13:41:40,JSMR,RG,3500,1,D,CC,ZP,D
13:41:40,JSMR,RG,3500,1,D,CC,ZP,D
13:41:40,JSMR,RG,3500,33,D,YU,ZP,D
13:41:39,JSMR,RG,3500,3,D,CC,ZP,D
13:41:39,JSMR,RG,3500,3,D,CC,ZP,D
13:41:37,JSMR,RG,3500,30,D,LG,ZP,D
13:41:36,JSMR,RG,3500,2,D,CC,ZP,D
13:41:21,JSMR,RG,3500,1,D,CC,ZP,D
13:41:21,JSMR,RG,3500,1,D,CC,ZP,D
13:41:20,JSMR,RG,3500,1,D,CC,ZP,D
13:41:20,JSMR,RG,3500,1,D,CC,ZP,D
13:41:18,JSMR,RG,3500,4,D,CC,ZP,D
13:41:18,JSMR,RG,3500,4,D,CC,ZP,D
13:41:18,JSMR,RG,3500,12,F,BK,ZP,D
13:41:16,JSMR,RG,3500,30,D,GR,ZP,D
13:41:16,JSMR,RG,3500,1,D,KK,ZP,D
13:40:58,JSMR,RG,3500,1,D,CC,ZP,D
13:40:58,JSMR,RG,3500,1,D,CC,ZP,D
13:40:56,JSMR,RG,3500,1,D,CC,ZP,D
13:40:56,JSMR,RG,3500,1,D,CC,ZP,D
13:40:56,JSMR,RG,3500,4,D,CC,ZP,D
13:40:56,JSMR,RG,3500,4,D,CC,ZP,D
13:40:55,JSMR,RG,3500,12,F,BK,ZP,D
13:40:54,JSMR,RG,3500,36,D,YU,ZP,D
13:40:53,JSMR,RG,3500,2,D,PD,ZP,D
13:40:30,JSMR,RG,3500,1,D,CC,ZP,D
13:40:30,JSMR,RG,3500,1,D,CC,ZP,D
13:40:28,JSMR,RG,3500,5,D,CC,ZP,D
13:40:28,JSMR,RG,3500,5,D,CC,ZP,D
13:40:27,JSMR,RG,3500,50,D,DR,ZP,D
13:40:23,JSMR,RG,3500,1,D,CC,ZP,D
13:40:15,JSMR,RG,3500,1,D,CC,ZP,D
13:40:15,JSMR,RG,3500,1,D,CC,ZP,D
13:40:13,JSMR,RG,3500,2,D,CC,ZP,D
13:40:13,JSMR,RG,3500,2,D,CC,ZP,D
13:40:13,JSMR,RG,3500,1,D,CC,ZP,D
13:40:12,JSMR,RG,3500,22,F,BK,ZP,D
13:40:10,JSMR,RG,3500,1,D,CC,ZP,D
13:40:10,JSMR,RG,3500,1,D,CC,ZP,D
13:40:10,JSMR,RG,3500,1,D,CC,ZP,D
13:40:09,JSMR,RG,3500,1,D,CC,ZP,D
13:40:08,JSMR,RG,3500,1,D,CC,ZP,D
13:40:08,JSMR,RG,3500,1,D,CC,ZP,D
13:40:07,JSMR,RG,3500,1,D,CC,ZP,D
13:40:07,JSMR,RG,3500,15,F,BK,ZP,D
13:40:07,JSMR,RG,3500,1,D,CC,ZP,D
13:40:06,JSMR,RG,3500,2,D,AZ,ZP,D
13:40:05,JSMR,RG,3500,7,D,CC,ZP,D
13:40:05,JSMR,RG,3500,7,D,CC,ZP,D
13:40:05,JSMR,RG,3500,4,D,CC,ZP,D
13:40:05,JSMR,RG,3500,4,D,CC,ZP,D
13:40:04,JSMR,RG,3500,22,F,BK,ZP,D
13:40:04,JSMR,RG,3500,40,D,CC,ZP,D
13:40:04,JSMR,RG,3500,40,D,CC,ZP,D
13:40:04,JSMR,RG,3490,3,D,BK,XL,D
13:40:02,JSMR,RG,3500,26,D,YP,ZP,D
13:40:02,JSMR,RG,3500,1,D,YP,KK,D
13:40:02,JSMR,RG,3500,10,D,YP,XC,D
13:40:02,JSMR,RG,3500,363,D,YP,CC,D
13:39:59,JSMR,RG,3500,1,D,CC,CC,D
13:39:59,JSMR,RG,3500,1,D,CC,CC,D
13:39:58,JSMR,RG,3500,4,D,CC,CC,D
13:39:58,JSMR,RG,3500,4,D,CC,CC,D
13:39:58,JSMR,RG,3500,1,D,CC,CC,D
13:39:58,JSMR,RG,3500,1,D,CC,CC,D
13:39:57,JSMR,RG,3500,1,D,CC,CC,D
13:39:57,JSMR,RG,3500,1,D,CC,CC,D
13:39:56,JSMR,RG,3500,23,D,YU,CC,D
13:39:56,JSMR,RG,3500,1,D,YU,PD,D
13:39:56,JSMR,RG,3500,10,D,YU,YP,D
13:39:56,JSMR,RG,3500,1,D,CC,YP,D
13:39:56,JSMR,RG,3500,1,D,CC,YP,D
13:39:56,JSMR,RG,3500,10,D,CC,YP,D
13:39:55,JSMR,RG,3500,10,D,CC,YP,D
13:39:54,JSMR,RG,3500,18,F,CC,YP,D
13:39:54,JSMR,RG,3500,88,F,CC,YP,D
13:39:54,JSMR,RG,3500,1,F,CC,XC,D
13:39:54,JSMR,RG,3500,2,F,CC,XC,D
13:39:51,JSMR,RG,3500,1,D,CC,XC,D
13:39:50,JSMR,RG,3500,1,D,CC,CC,D
13:39:49,JSMR,RG,3500,2,D,YP,CC,D
13:39:48,JSMR,RG,3500,1,D,CC,CC,D
13:39:48,JSMR,RG,3500,1,D,CC,CC,D
13:39:47,JSMR,RG,3500,14,F,CC,CC,D
13:39:37,JSMR,RG,3500,1,D,CC,CC,D
13:39:37,JSMR,RG,3500,1,D,CC,CC,D
13:39:36,JSMR,RG,3500,9,F,CC,CC,D
13:39:36,JSMR,RG,3500,1,D,CC,IT,D
13:39:36,JSMR,RG,3500,1,D,CC,IT,D
13:39:34,JSMR,RG,3500,1,D,CC,IT,D
13:39:34,JSMR,RG,3500,1,D,CC,IT,D
13:39:33,JSMR,RG,3500,5,D,CC,IT,D
13:39:33,JSMR,RG,3500,5,D,CC,IT,D
13:39:33,JSMR,RG,3500,3,D,CC,IT,D
13:39:33,JSMR,RG,3500,3,D,CC,IT,D
13:39:32,JSMR,RG,3490,7,D,BK,YP,D
13:39:32,JSMR,RG,3490,25,D,PD,YP,D
13:39:32,JSMR,RG,3490,18,F,BK,YP,D
13:39:32,JSMR,RG,3490,25,F,CC,YP,D
13:39:28,JSMR,RG,3500,2,D,CC,IT,D
13:39:28,JSMR,RG,3500,2,D,CC,IT,D
13:39:27,JSMR,RG,3500,17,D,CC,IT,D
13:39:27,JSMR,RG,3500,17,D,CC,IT,D
13:39:26,JSMR,RG,3490,150,F,CC,CC,D
13:39:13,JSMR,RG,3500,1,D,CC,IT,D
13:39:13,JSMR,RG,3500,1,D,CC,IT,D
13:39:12,JSMR,RG,3500,10,D,YP,IT,D
13:39:03,JSMR,RG,3500,1,D,CC,IT,D
13:39:01,JSMR,RG,3500,4,D,CC,IT,D
13:39:01,JSMR,RG,3500,3,D,CC,IT,D
13:39:00,JSMR,RG,3500,22,D,CC,IT,D
13:39:00,JSMR,RG,3500,1,D,CC,CC,D
13:39:00,JSMR,RG,3500,16,D,CC,CC,D
13:39:00,JSMR,RG,3500,25,D,CC,YP,D
13:37:48,JSMR,RG,3500,1,D,IF,YP,D
13:37:47,JSMR,RG,3500,2,D,CC,YP,D
13:37:37,JSMR,RG,3500,1,D,CC,YP,D
13:37:36,JSMR,RG,3490,5,F,CC,GR,D
13:37:32,JSMR,RG,3500,1,D,CC,YP,D
13:37:31,JSMR,RG,3500,10,D,YP,YP,D
13:37:27,JSMR,RG,3500,19,D,CC,YP,D
13:37:27,JSMR,RG,3500,2,D,CC,YP,D
13:37:26,JSMR,RG,3500,139,D,PD,YP,D
13:37:26,JSMR,RG,3500,15,D,PD,CP,D
13:37:26,JSMR,RG,3500,6,D,PD,XC,D
13:37:26,JSMR,RG,3500,1,D,PD,YP,D
13:37:26,JSMR,RG,3500,1,D,PD,PD,D
13:37:26,JSMR,RG,3500,3,D,PD,PD,D
13:37:26,JSMR,RG,3500,7,D,PD,NI,D
13:37:26,JSMR,RG,3500,20,D,PD,KK,D
13:37:17,JSMR,RG,3500,3,D,CC,KK,D
13:37:15,JSMR,RG,3490,20,F,CC,NI,D
13:36:50,JSMR,RG,3500,2,D,YP,KK,D
13:36:47,JSMR,RG,3500,2,D,XC,KK,D
13:36:32,JSMR,RG,3500,3,D,NI,KK,D
13:36:29,JSMR,RG,3500,1,D,NI,KK,D
13:36:23,JSMR,RG,3500,2,D,CC,KK,D
13:36:21,JSMR,RG,3500,15,D,YP,KK,D
13:36:19,JSMR,RG,3500,1,D,CC,KK,D
13:36:17,JSMR,RG,3500,11,D,NI,KK,D
13:36:17,JSMR,RG,3500,1,D,NI,PD,D
13:36:00,JSMR,RG,3500,2,D,CC,YP,D
13:35:59,JSMR,RG,3490,15,D,YP,AI,D
13:35:57,JSMR,RG,3500,3,D,YP,YP,D
13:35:51,JSMR,RG,3500,2,D,CC,YP,D
13:35:49,JSMR,RG,3490,10,D,YP,EP,D
13:35:06,JSMR,RG,3490,1,D,YP,AK,F
13:35:00,JSMR,RG,3500,25,D,CC,YP,D
13:34:32,JSMR,RG,3490,20,D,YP,SQ,D
13:34:26,JSMR,RG,3490,3,D,YP,CC,D
13:34:26,JSMR,RG,3490,50,D,YP,CC,D
13:34:26,JSMR,RG,3490,148,D,YP,YP,D
13:34:26,JSMR,RG,3490,1,D,YP,KK,D
13:34:26,JSMR,RG,3490,7,D,YP,DR,D
13:34:12,JSMR,RG,3490,1,D,CC,DR,D
13:34:12,JSMR,RG,3490,1,D,CC,DR,D
13:34:11,JSMR,RG,3490,5,D,CC,DR,D
13:34:10,JSMR,RG,3490,5,D,CC,DR,D
13:34:09,JSMR,RG,3490,50,D,HP,DR,D
13:34:05,JSMR,RG,3490,1,D,CC,DR,D
13:34:05,JSMR,RG,3490,1,D,CC,DR,D
13:34:03,JSMR,RG,3490,1,D,CC,DR,D
13:34:03,JSMR,RG,3490,1,D,CC,DR,D
13:34:03,JSMR,RG,3490,1,D,CC,DR,D
13:34:03,JSMR,RG,3490,1,D,CC,DR,D
13:34:01,JSMR,RG,3490,15,D,NI,GR,D
13:34:01,JSMR,RG,3490,5,D,NI,CC,D
13:33:53,JSMR,RG,3490,1,D,YP,CC,D
13:33:44,JSMR,RG,3490,1,D,CC,CC,D
13:33:44,JSMR,RG,3490,1,D,CC,CC,D
13:33:44,JSMR,RG,3490,8,D,YU,CC,D
13:33:44,JSMR,RG,3490,3,D,CC,CC,D
13:33:44,JSMR,RG,3490,1,D,CC,CC,D
13:33:41,JSMR,RG,3490,5,D,YU,XC,D
13:33:41,JSMR,RG,3490,5,F,CC,XC,D
13:33:41,JSMR,RG,3490,4,D,YU,YP,D
13:33:41,JSMR,RG,3490,8,D,CC,YP,D
13:33:41,JSMR,RG,3490,137,D,CC,YP,D
13:33:41,JSMR,RG,3490,1,D,CC,KK,D
13:33:32,JSMR,RG,3490,10,D,CC,CC,D
13:33:31,JSMR,RG,3490,30,D,CC,LG,D
13:33:20,JSMR,RG,3490,2,D,CC,YP,D
13:33:18,JSMR,RG,3490,6,D,CC,HP,D
13:33:17,JSMR,RG,3490,44,D,CC,YU,D
13:33:16,JSMR,RG,3490,2,D,PD,YU,D
13:33:16,JSMR,RG,3490,11,F,BK,YU,D
13:33:16,JSMR,RG,3490,1,D,SQ,YU,D
13:33:16,JSMR,RG,3490,55,D,CP,YU,D
13:33:16,JSMR,RG,3490,1,D,PD,YU,D
13:33:16,JSMR,RG,3490,227,D,CC,YU,D
13:33:16,JSMR,RG,3490,182,D,YU,YU,D
13:33:16,JSMR,RG,3490,12,D,BK,YU,D
13:33:16,JSMR,RG,3490,53,D,YU,YU,D
13:33:16,JSMR,RG,3490,3,D,CC,YU,D
13:33:16,JSMR,RG,3490,9,D,BK,YU,D
13:33:05,JSMR,RG,3490,7,D,BK,PD,D
13:33:05,JSMR,RG,3490,23,F,BK,PD,D
13:32:58,JSMR,RG,3490,1,F,BK,KK,D
13:32:50,JSMR,RG,3490,10,F,BK,KK,D
13:32:50,JSMR,RG,3490,16,D,BK,KK,D
13:32:50,JSMR,RG,3490,15,D,CC,KK,D
13:32:50,JSMR,RG,3490,1,D,CC,KK,D
13:32:48,JSMR,RG,3500,11,F,BK,YP,D
13:32:44,JSMR,RG,3500,8,F,BK,YP,D
13:32:44,JSMR,RG,3500,5,F,BK,YP,D
13:32:44,JSMR,RG,3500,1,F,BK,YP,D
13:32:44,JSMR,RG,3500,7,F,BK,CC,D
13:32:42,JSMR,RG,3500,23,D,YU,CC,D
13:32:42,JSMR,RG,3500,1,D,YU,YP,D
13:32:42,JSMR,RG,3500,1,D,YU,YP,D
13:32:42,JSMR,RG,3500,5,D,YU,CC,D
13:32:42,JSMR,RG,3500,1,D,YU,YP,D
13:32:42,JSMR,RG,3500,4,D,YU,LG,D
13:32:41,JSMR,RG,3490,164,D,CC,AK,F
13:32:13,JSMR,RG,3500,21,F,BK,LG,D
13:32:09,JSMR,RG,3500,1,D,YP,LG,D
13:32:08,JSMR,RG,3500,16,F,BK,LG,D
13:32:03,JSMR,RG,3500,8,F,BK,LG,D
13:32:03,JSMR,RG,3500,2,F,BK,XL,D
13:32:03,JSMR,RG,3500,2,F,BK,YP,D
13:32:03,JSMR,RG,3500,4,F,BK,PD,D
13:32:03,JSMR,RG,3500,5,F,BK,PD,D
13:32:03,JSMR,RG,3500,70,F,BK,CC,D
13:31:59,JSMR,RG,3500,25,D,DH,CC,D
13:31:58,JSMR,RG,3500,5,F,CC,CC,D
13:31:58,JSMR,RG,3500,1,F,CC,XC,D
13:31:58,JSMR,RG,3500,100,F,CC,DH,D
13:31:58,JSMR,RG,3500,2,F,CC,PD,D
13:31:58,JSMR,RG,3500,5,F,CC,PD,D
13:31:58,JSMR,RG,3500,387,F,CC,CC,D
13:31:50,JSMR,RG,3500,1,D,PD,CC,D
13:31:50,JSMR,RG,3500,36,D,YU,CC,D
13:31:49,JSMR,RG,3500,1,D,YP,CC,D
13:31:44,JSMR,RG,3500,14,F,BK,CC,D
13:31:42,JSMR,RG,3500,2,D,CC,CC,D
13:31:39,JSMR,RG,3500,21,F,BK,CC,D
13:31:35,JSMR,RG,3500,38,F,BK,CC,D
13:31:35,JSMR,RG,3500,25,F,BK,KK,D
13:31:35,JSMR,RG,3500,50,F,BK,CC,D
13:31:35,JSMR,RG,3500,10,F,BK,HP,D
13:31:33,JSMR,RG,3490,2,D,CC,YB,D
13:31:33,JSMR,RG,3490,25,D,CC,YP,D
13:31:33,JSMR,RG,3490,100,D,CC,PD,D
13:31:33,JSMR,RG,3490,7,D,CC,CC,D
13:31:33,JSMR,RG,3490,1,D,CC,NI,D
13:31:33,JSMR,RG,3490,2,D,CC,LS,D
13:31:33,JSMR,RG,3490,100,D,CC,CC,D
13:31:33,JSMR,RG,3490,1,D,CC,YP,D
13:31:33,JSMR,RG,3490,23,D,CC,CC,D
13:31:33,JSMR,RG,3490,96,D,CC,CC,D
13:31:33,JSMR,RG,3490,150,D,CC,NI,D
13:31:33,JSMR,RG,3490,13,D,CC,YP,D
13:31:33,JSMR,RG,3490,4,D,CC,PD,D
13:31:33,JSMR,RG,3490,2,D,CC,NI,D
13:31:33,JSMR,RG,3490,15,D,CC,CC,D
13:31:33,JSMR,RG,3490,6,D,CC,CP,D
13:31:33,JSMR,RG,3490,2,D,CC,XC,D
13:31:33,JSMR,RG,3490,100,D,CC,PD,D
13:31:33,JSMR,RG,3490,2,D,CC,GR,D
13:31:33,JSMR,RG,3490,1,D,CC,YP,D
13:31:33,JSMR,RG,3490,1,D,CC,PD,D
13:31:33,JSMR,RG,3490,1,D,CC,YP,D
13:31:33,JSMR,RG,3490,2,D,CC,YP,D
13:31:33,JSMR,RG,3490,1,D,CC,YP,D
13:31:33,JSMR,RG,3490,5,D,CC,PD,D
13:31:33,JSMR,RG,3490,10,D,CC,HP,D
13:31:33,JSMR,RG,3490,30,D,CC,DH,D
13:31:33,JSMR,RG,3490,1,D,CC,DH,D
13:31:33,JSMR,RG,3490,1,D,CC,DH,D
13:31:31,JSMR,RG,3490,23,F,BK,DH,D
13:31:27,JSMR,RG,3490,45,F,BK,DH,D
13:31:27,JSMR,RG,3490,4,F,BK,PD,D
13:31:27,JSMR,RG,3490,1,F,BK,PD,D
13:31:27,JSMR,RG,3490,50,F,BK,CC,D
13:31:27,JSMR,RG,3490,4,F,BK,EP,D
13:31:22,JSMR,RG,3480,2,F,AK,XC,D
13:31:22,JSMR,RG,3480,1,F,AK,PD,D
13:31:22,JSMR,RG,3480,1,F,AK,XA,D
13:31:22,JSMR,RG,3480,2,F,AK,YP,D
13:31:22,JSMR,RG,3480,28,F,AK,YP,D
13:31:22,JSMR,RG,3480,2,F,AK,CC,D
13:31:22,JSMR,RG,3480,17,F,AK,EP,D
13:31:22,JSMR,RG,3480,1,F,AK,YP,D
13:31:22,JSMR,RG,3480,19,F,AK,CC,D
13:31:22,JSMR,RG,3480,1,F,AK,YP,D
13:31:22,JSMR,RG,3480,3,F,AK,XL,D
13:31:22,JSMR,RG,3480,1,F,AK,YP,D
13:31:22,JSMR,RG,3480,10,F,AK,KK,D
13:31:22,JSMR,RG,3480,100,F,AK,NI,D
13:31:22,JSMR,RG,3480,30,F,AK,YU,D
13:31:22,JSMR,RG,3480,10,F,AK,HP,D
13:31:22,JSMR,RG,3480,2,F,AK,OD,D
13:31:22,JSMR,RG,3480,254,F,AK,IF,D
13:31:21,JSMR,RG,3480,113,F,BK,IF,D
13:31:17,JSMR,RG,3480,200,D,PD,IF,D
13:31:17,JSMR,RG,3480,3,D,PD,IF,D
13:31:17,JSMR,RG,3480,29,D,PD,IF,D
13:31:17,JSMR,RG,3480,29,D,PD,IF,D
13:31:16,JSMR,RG,3480,28,D,YP,IF,D
13:31:16,JSMR,RG,3480,344,F,BK,IF,D
13:31:16,JSMR,RG,3480,10,F,BK,KK,D
13:31:13,JSMR,RG,3470,11,F,AK,YP,D
13:31:13,JSMR,RG,3470,50,F,AK,CC,D
13:31:13,JSMR,RG,3470,5,F,AK,YP,D
13:31:13,JSMR,RG,3470,50,F,AK,CC,D
13:31:13,JSMR,RG,3470,130,F,AK,AG,D
13:31:13,JSMR,RG,3470,1,F,AK,XC,D
13:31:13,JSMR,RG,3470,2,F,AK,XC,D
13:31:13,JSMR,RG,3470,3,F,AK,AZ,D
13:31:13,JSMR,RG,3470,4,F,AK,XC,D
13:31:13,JSMR,RG,3470,7,F,AK,XC,D
13:31:13,JSMR,RG,3470,1,F,AK,YP,D
13:31:13,JSMR,RG,3470,4,F,AK,KK,D
13:31:13,JSMR,RG,3470,1,F,AK,EP,D
13:31:13,JSMR,RG,3470,2,F,AK,EP,D
13:31:13,JSMR,RG,3470,1,F,AK,EP,D
13:31:13,JSMR,RG,3470,8,F,AK,XC,D
13:31:13,JSMR,RG,3470,3,F,AK,EP,D
13:31:13,JSMR,RG,3470,1,F,AK,XC,D
13:31:13,JSMR,RG,3470,2,F,AK,EP,D
13:31:13,JSMR,RG,3470,1,F,AK,YP,D
13:31:13,JSMR,RG,3470,1,F,AK,EP,D
13:31:13,JSMR,RG,3470,5,F,AK,SQ,D
13:31:13,JSMR,RG,3470,5,F,AK,YP,D
13:31:13,JSMR,RG,3470,5,F,AK,NI,D
13:31:13,JSMR,RG,3470,44,F,AK,NI,D
13:31:13,JSMR,RG,3470,10,F,AK,SQ,D
13:31:13,JSMR,RG,3470,10,F,AK,BQ,D
13:31:13,JSMR,RG,3470,15,F,AK,NI,D
13:31:13,JSMR,RG,3470,52,F,AK,PD,D
13:31:13,JSMR,RG,3470,1,F,AK,YP,D
13:31:13,JSMR,RG,3470,1,F,AK,YP,D
13:31:13,JSMR,RG,3470,10,F,AK,PD,D
13:31:13,JSMR,RG,3470,5,F,AK,PD,D
13:31:13,JSMR,RG,3470,1,F,AK,YP,D
13:31:13,JSMR,RG,3470,10,F,AK,HP,D
13:31:13,JSMR,RG,3470,50,F,AK,CC,D
13:31:13,JSMR,RG,3470,4,F,AK,EP,D
13:31:13,JSMR,RG,3470,219,F,AK,IF,D
13:31:12,JSMR,RG,3470,781,F,AK,IF,D
13:31:12,JSMR,RG,3470,219,F,AK,IF,D
13:31:11,JSMR,RG,3470,781,F,AK,IF,D
13:31:11,JSMR,RG,3470,219,F,AK,IF,D
13:31:09,JSMR,RG,3470,1,D,CC,IF,D
13:31:09,JSMR,RG,3470,1,D,CC,IF,D
13:31:09,JSMR,RG,3460,3,F,CC,CC,D
13:31:09,JSMR,RG,3470,1,D,CC,IF,D
13:31:09,JSMR,RG,3470,1,D,CC,IF,D
13:30:48,JSMR,RG,3470,4,D,CC,IF,D
13:30:48,JSMR,RG,3470,4,D,CC,IF,D
13:30:48,JSMR,RG,3470,4,D,CC,IF,D
13:30:48,JSMR,RG,3470,4,D,CC,IF,D
13:30:41,JSMR,RG,3470,3,D,CC,IF,D
13:30:41,JSMR,RG,3470,3,D,CC,IF,D
13:30:20,JSMR,RG,3470,40,D,CC,IF,D
13:30:20,JSMR,RG,3470,40,D,CC,IF,D
13:30:14,JSMR,RG,3470,25,D,NI,IF,D
13:30:09,JSMR,RG,3470,2,D,CC,IF,D
13:30:09,JSMR,RG,3470,8,D,CC,IF,D
13:30:08,JSMR,RG,3470,1,D,CC,IF,D
13:30:08,JSMR,RG,3470,1,D,CC,IF,D
13:30:07,JSMR,RG,3470,4,D,YP,IF,D
13:30:06,JSMR,RG,3470,29,D,XL,IF,D
13:30:05,JSMR,RG,3470,72,D,DR,IF,D
13:30:04,JSMR,RG,3470,36,D,DR,IF,D
13:30:02,JSMR,RG,3470,200,D,AZ,IF,D
13:30:01,JSMR,RG,3470,1,D,XC,IF,D
13:30:01,JSMR,RG,3470,50,D,XC,IF,D
13:30:01,JSMR,RG,3460,1,F,CC,PD,D
13:30:01,JSMR,RG,3470,3,D,EP,IF,D
13:30:01,JSMR,RG,3460,2,F,CC,PD,D
11:29:49,JSMR,RG,3470,1,D,BB,IF,D
11:29:46,JSMR,RG,3470,1,D,CC,IF,D
11:29:46,JSMR,RG,3470,1,D,CC,IF,D
11:29:44,JSMR,RG,3470,11,D,BK,IF,D
11:28:44,JSMR,RG,3460,1,F,CC,LG,D
11:28:41,JSMR,RG,3470,1,D,CC,IF,D
11:28:40,JSMR,RG,3470,1,D,CC,IF,D
11:28:39,JSMR,RG,3470,1,D,CC,IF,D
11:28:38,JSMR,RG,3470,1,D,CC,IF,D
11:28:37,JSMR,RG,3470,11,D,BK,IF,D
11:27:49,JSMR,RG,3470,1,D,CC,IF,D
11:27:49,JSMR,RG,3470,1,D,CC,IF,D
11:27:49,JSMR,RG,3470,2,D,CC,IF,D
11:27:49,JSMR,RG,3470,2,D,CC,IF,D
11:27:48,JSMR,RG,3460,8,F,CC,YP,D
11:27:48,JSMR,RG,3470,15,F,BK,IF,D
11:27:45,JSMR,RG,3470,1,D,CC,IF,D
11:27:45,JSMR,RG,3470,1,D,CC,IF,D
11:27:44,JSMR,RG,3470,10,D,BB,IF,D
11:27:20,JSMR,RG,3470,1,D,CC,IF,D
11:27:20,JSMR,RG,3470,1,D,CC,IF,D
11:27:19,JSMR,RG,3470,12,D,BK,IF,D
11:26:08,JSMR,RG,3470,1,D,CC,IF,D
11:26:08,JSMR,RG,3470,1,D,CC,IF,D
11:26:07,JSMR,RG,3470,1,D,CC,IF,D
11:26:07,JSMR,RG,3470,1,D,CC,IF,D
11:26:07,JSMR,RG,3470,1,D,CC,IF,D
11:26:07,JSMR,RG,3470,1,D,CC,IF,D
11:26:06,JSMR,RG,3470,12,F,BK,IF,D
11:26:06,JSMR,RG,3470,6,D,CC,IF,D
11:26:06,JSMR,RG,3470,6,D,CC,IF,D
11:26:05,JSMR,RG,3460,60,F,CC,YP,D
11:25:57,JSMR,RG,3470,1,D,CC,IF,D
11:25:57,JSMR,RG,3470,1,D,CC,IF,D
11:25:56,JSMR,RG,3470,1,D,CC,IF,D
11:25:56,JSMR,RG,3470,1,D,CC,IF,D
11:25:55,JSMR,RG,3470,13,D,BK,IF,D
11:25:55,JSMR,RG,3460,1,F,CC,LG,D
11:25:38,JSMR,RG,3470,1,D,CC,IF,D
11:25:38,JSMR,RG,3470,1,D,CC,IF,D
11:25:37,JSMR,RG,3470,1,D,CC,IF,D
11:25:37,JSMR,RG,3470,1,D,CC,IF,D
11:25:37,JSMR,RG,3470,1,D,CC,IF,D
11:25:37,JSMR,RG,3470,1,D,CC,IF,D
11:25:36,JSMR,RG,3470,16,F,BK,IF,D
11:25:36,JSMR,RG,3470,3,D,CC,IF,D
11:25:36,JSMR,RG,3470,3,D,CC,IF,D
11:25:36,JSMR,RG,3470,2,D,CC,IF,D
11:25:36,JSMR,RG,3470,2,D,CC,IF,D
11:25:35,JSMR,RG,3470,14,D,CC,IF,D
11:25:35,JSMR,RG,3470,14,D,CC,IF,D
11:25:35,JSMR,RG,3470,18,D,CC,IF,D
11:25:35,JSMR,RG,3470,18,D,CC,IF,D
11:25:34,JSMR,RG,3460,1,F,CC,YP,D
11:25:34,JSMR,RG,3460,2,F,CC,NI,D
11:25:34,JSMR,RG,3460,10,F,CC,KK,D
11:25:34,JSMR,RG,3460,5,F,CC,YP,D
11:25:34,JSMR,RG,3460,2,F,CC,CC,D
11:25:34,JSMR,RG,3460,2,F,CC,OD,D
11:25:34,JSMR,RG,3460,2,F,CC,YB,D
11:25:34,JSMR,RG,3460,1,F,CC,PD,D
11:25:34,JSMR,RG,3460,100,F,CC,GR,D
11:25:34,JSMR,RG,3460,15,F,CC,CC,D
11:25:34,JSMR,RG,3460,165,F,CC,YP,D
11:25:22,JSMR,RG,3460,2,D,CC,YP,D
11:25:22,JSMR,RG,3460,2,D,CC,YP,D
11:25:21,JSMR,RG,3460,10,D,EP,YP,D
11:25:02,JSMR,RG,3460,6,D,NI,YP,D
11:24:53,JSMR,RG,3460,1,D,BB,YP,D
11:24:36,JSMR,RG,3460,1,D,CC,YP,D
11:24:36,JSMR,RG,3460,1,D,CC,YP,D
11:24:34,JSMR,RG,3460,1,D,NI,YP,D
11:24:03,JSMR,RG,3460,3,D,CC,YP,D
11:24:03,JSMR,RG,3460,3,D,CC,YP,D
11:24:01,JSMR,RG,3460,27,D,NI,YP,D
11:21:55,JSMR,RG,3460,4,D,CC,YP,D
11:21:55,JSMR,RG,3460,4,D,CC,YP,D
11:21:54,JSMR,RG,3450,35,F,CC,YP,D
11:21:28,JSMR,RG,3460,1,D,AZ,YP,D
11:21:21,JSMR,RG,3460,1,D,CC,YP,D
11:21:21,JSMR,RG,3460,1,D,CC,YP,D
11:21:19,JSMR,RG,3460,8,D,PD,YP,D
11:20:24,JSMR,RG,3460,1,D,CC,YP,D
11:20:24,JSMR,RG,3460,1,D,CC,YP,D
11:20:22,JSMR,RG,3460,3,D,CC,YP,D
11:20:22,JSMR,RG,3460,3,D,CC,YP,D
11:20:21,JSMR,RG,3460,31,D,CC,YP,D
11:20:21,JSMR,RG,3460,31,D,CC,YP,D
11:20:19,JSMR,RG,3460,279,F,CC,YP,D
11:19:42,JSMR,RG,3460,1,D,CC,YP,D
11:19:42,JSMR,RG,3460,1,D,CC,YP,D
11:19:40,JSMR,RG,3460,1,D,CC,YP,D
11:19:40,JSMR,RG,3460,1,D,CC,YP,D
11:19:39,JSMR,RG,3460,6,D,CC,YP,D
11:19:39,JSMR,RG,3460,6,D,CC,YP,D
11:19:39,JSMR,RG,3460,1,D,CC,YP,D
11:19:39,JSMR,RG,3460,1,D,CC,YP,D
11:19:38,JSMR,RG,3460,10,D,CC,YP,D
11:19:37,JSMR,RG,3460,10,D,CC,YP,D
11:19:37,JSMR,RG,3460,22,D,CC,YP,D
11:19:37,JSMR,RG,3460,22,D,CC,YP,D
11:19:37,JSMR,RG,3460,13,D,BK,YP,D
11:19:36,JSMR,RG,3460,1,D,EP,YP,D
11:19:36,JSMR,RG,3460,10,D,YP,YP,D
11:19:36,JSMR,RG,3460,2,D,DH,YP,D
11:19:36,JSMR,RG,3460,2,F,CC,YP,D
11:19:36,JSMR,RG,3460,25,D,CC,YP,D
11:19:36,JSMR,RG,3460,3,D,YP,YP,D
11:19:36,JSMR,RG,3460,24,D,BB,YP,D
11:19:36,JSMR,RG,3460,15,D,BK,YP,D
11:19:36,JSMR,RG,3460,1,D,AZ,YP,D
11:19:36,JSMR,RG,3460,4,D,CC,YP,D
11:19:36,JSMR,RG,3460,30,D,SQ,YP,D
11:19:36,JSMR,RG,3460,198,F,BK,YP,D
11:17:41,JSMR,RG,3470,1,D,CC,IF,D
11:17:41,JSMR,RG,3470,1,D,CC,IF,D
11:17:40,JSMR,RG,3460,2,F,BK,YP,D
11:17:21,JSMR,RG,3460,1,F,BK,PD,D
11:17:01,JSMR,RG,3460,2,F,BK,YP,D
11:16:38,JSMR,RG,3470,3,D,YP,IF,D
11:16:11,JSMR,RG,3470,2,D,CC,IF,D
11:16:11,JSMR,RG,3470,2,D,CC,IF,D
11:16:10,JSMR,RG,3470,13,F,BK,IF,D
11:16:05,JSMR,RG,3470,3,D,CC,IF,D
11:16:05,JSMR,RG,3470,3,D,CC,IF,D
11:16:04,JSMR,RG,3470,22,F,BK,IF,D
11:16:02,JSMR,RG,3470,1,D,CC,IF,D
11:16:01,JSMR,RG,3470,1,D,CC,IF,D
11:16:00,JSMR,RG,3470,5,D,CC,IF,D
11:16:00,JSMR,RG,3470,5,D,CC,IF,D
11:16:00,JSMR,RG,3470,4,D,CC,IF,D
11:16:00,JSMR,RG,3470,4,D,CC,IF,D
11:15:59,JSMR,RG,3470,50,F,BK,IF,D
11:15:59,JSMR,RG,3470,33,D,CC,IF,D
11:15:59,JSMR,RG,3470,33,D,CC,IF,D
11:15:58,JSMR,RG,3470,300,D,LG,IF,D
11:15:45,JSMR,RG,3470,1,D,CC,IF,D
11:15:45,JSMR,RG,3470,1,D,CC,IF,D
11:15:44,JSMR,RG,3470,1,D,CC,IF,D
11:15:44,JSMR,RG,3470,1,D,CC,IF,D
11:15:43,JSMR,RG,3470,6,D,CC,IF,D
11:15:43,JSMR,RG,3470,6,D,CC,IF,D
11:15:43,JSMR,RG,3470,5,D,CC,IF,D
11:15:43,JSMR,RG,3470,5,D,CC,IF,D
11:15:42,JSMR,RG,3460,16,F,BK,CC,D
11:15:42,JSMR,RG,3460,43,D,BK,CC,D
11:15:42,JSMR,RG,3460,41,D,CC,CC,D
11:15:40,JSMR,RG,3470,2,D,CC,IF,D
11:15:40,JSMR,RG,3470,2,D,CC,IF,D
11:15:39,JSMR,RG,3470,15,F,BK,IF,D
11:15:35,JSMR,RG,3470,4,D,CC,IF,D
11:15:35,JSMR,RG,3470,4,D,CC,IF,D
11:15:34,JSMR,RG,3470,30,F,BK,IF,D
11:15:33,JSMR,RG,3470,1,D,CC,IF,D
11:15:32,JSMR,RG,3470,1,D,CC,IF,D
11:15:32,JSMR,RG,3470,1,D,CC,IF,D
11:15:32,JSMR,RG,3470,1,D,CC,IF,D
11:15:32,JSMR,RG,3470,1,D,CC,IF,D
11:15:31,JSMR,RG,3470,13,D,CC,IF,D
11:15:31,JSMR,RG,3470,13,D,CC,IF,D
11:15:31,JSMR,RG,3470,2,D,CC,IF,D
11:15:31,JSMR,RG,3470,2,D,CC,IF,D
11:15:31,JSMR,RG,3470,4,D,CC,IF,D
11:15:30,JSMR,RG,3470,4,D,CC,IF,D
11:15:30,JSMR,RG,3470,17,D,CC,IF,D
11:15:30,JSMR,RG,3470,17,D,CC,IF,D
11:15:30,JSMR,RG,3460,19,D,CC,AK,F
11:15:30,JSMR,RG,3460,4,D,CC,AK,F
11:15:30,JSMR,RG,3460,58,D,CC,AK,F
11:15:30,JSMR,RG,3470,24,F,BK,IF,D
11:15:29,JSMR,RG,3460,7,D,CC,CC,D
11:15:29,JSMR,RG,3460,40,D,BB,CC,D
11:15:29,JSMR,RG,3460,153,D,DH,CC,D
11:15:26,JSMR,RG,3470,3,D,CC,IF,D
11:15:26,JSMR,RG,3470,3,D,CC,IF,D
11:15:25,JSMR,RG,3470,1,D,CC,IF,D
11:15:25,JSMR,RG,3470,1,D,CC,IF,D
11:15:25,JSMR,RG,3470,21,F,BK,IF,D
11:15:24,JSMR,RG,3470,10,D,CC,IF,D
11:15:24,JSMR,RG,3470,10,D,CC,IF,D
11:15:23,JSMR,RG,3460,90,D,DH,DH,D
11:15:09,JSMR,RG,3470,1,D,CC,IF,D
11:15:09,JSMR,RG,3470,1,D,CC,IF,D
11:15:08,JSMR,RG,3470,10,D,YP,IF,D
11:15:03,JSMR,RG,3470,2,D,CC,IF,D
11:15:03,JSMR,RG,3470,2,D,CC,IF,D
11:15:02,JSMR,RG,3470,1,D,CC,IF,D
11:15:02,JSMR,RG,3470,19,F,BK,IF,D
11:15:01,JSMR,RG,3470,8,D,CC,IF,D
11:15:00,JSMR,RG,3470,73,D,CC,IF,D
11:14:06,JSMR,RG,3470,3,D,CC,IF,D
11:14:04,JSMR,RG,3470,21,F,BK,IF,D
11:14:00,JSMR,RG,3470,63,D,CC,IF,D
11:13:55,JSMR,RG,3470,23,F,BK,IF,D
11:13:49,JSMR,RG,3470,78,F,BK,IF,D
11:13:45,JSMR,RG,3460,2,D,DH,LS,D
11:13:45,JSMR,RG,3460,6,D,DH,CC,D
11:13:45,JSMR,RG,3460,2,D,DH,CC,D
11:13:45,JSMR,RG,3460,100,D,DH,CC,D
11:13:45,JSMR,RG,3460,1,D,DH,EP,D
11:13:45,JSMR,RG,3460,5,D,DH,DH,D
11:13:45,JSMR,RG,3460,2,D,DH,CC,D
11:13:45,JSMR,RG,3460,25,D,DH,CC,D
11:13:45,JSMR,RG,3460,1,D,DH,YP,D
11:13:45,JSMR,RG,3460,4,D,DH,XC,D
11:13:45,JSMR,RG,3460,1,D,DH,CC,D
11:13:45,JSMR,RG,3460,2,D,DH,XC,D
11:13:45,JSMR,RG,3460,45,D,DH,YP,D
11:13:45,JSMR,RG,3460,10,D,DH,CC,D
11:13:45,JSMR,RG,3460,3,D,DH,NI,D
11:13:45,JSMR,RG,3460,20,D,DH,ZP,D
11:13:45,JSMR,RG,3460,4,D,DH,XC,D
11:13:45,JSMR,RG,3460,21,D,DH,XL,D
11:13:45,JSMR,RG,3460,1,D,DH,NI,D
11:13:45,JSMR,RG,3460,50,D,DH,YP,D
11:13:45,JSMR,RG,3460,2,D,DH,SQ,D
11:13:45,JSMR,RG,3460,50,D,DH,CC,D
11:13:44,JSMR,RG,3460,65,F,BK,PD,D
11:13:44,JSMR,RG,3460,13,D,CC,PD,D
11:13:44,JSMR,RG,3460,13,D,CC,PD,D
11:13:44,JSMR,RG,3460,9,D,CC,PD,D
11:13:44,JSMR,RG,3460,1,D,CC,YP,D
11:13:44,JSMR,RG,3460,10,D,CC,DX,D
11:13:43,JSMR,RG,3460,2,D,CC,DX,D
11:13:43,JSMR,RG,3460,2,D,CC,DX,D
11:13:43,JSMR,RG,3460,3,D,CC,DX,D
11:13:43,JSMR,RG,3460,3,D,CC,DX,D
11:13:42,JSMR,RG,3460,110,D,CC,DX,D
11:13:42,JSMR,RG,3460,20,D,CC,DX,D
11:13:42,JSMR,RG,3460,90,D,CC,LG,D
11:13:42,JSMR,RG,3460,1,D,CC,LG,D
11:13:42,JSMR,RG,3460,1,D,CC,LG,D
11:13:41,JSMR,RG,3460,8,F,BK,LG,D
11:13:41,JSMR,RG,3460,1,F,BK,YP,D
11:13:41,JSMR,RG,3460,1,F,BK,YP,D
11:13:41,JSMR,RG,3460,8,F,BK,LG,D
11:13:41,JSMR,RG,3460,137,F,BK,IF,D
11:13:40,JSMR,RG,3460,863,F,CC,IF,D
11:13:40,JSMR,RG,3460,5,F,CC,DR,D
11:13:40,JSMR,RG,3460,124,F,CC,AK,F
11:13:40,JSMR,RG,3460,8,F,CC,HP,D
11:13:39,JSMR,RG,3460,2,D,CC,HP,D
11:13:39,JSMR,RG,3460,2,D,CC,IF,D
11:13:37,JSMR,RG,3460,20,F,BK,IF,D
11:13:36,JSMR,RG,3460,1,D,CC,IF,D
11:13:36,JSMR,RG,3460,1,D,CC,IF,D
11:13:34,JSMR,RG,3460,1,D,CC,IF,D
11:13:34,JSMR,RG,3460,1,D,CC,IF,D
11:13:34,JSMR,RG,3460,1,D,CC,IF,D
11:13:34,JSMR,RG,3460,1,D,CC,IF,D
11:13:32,JSMR,RG,3460,16,F,BK,IF,D
11:13:32,JSMR,RG,3460,3,D,CC,IF,D
11:13:32,JSMR,RG,3460,3,D,CC,IF,D
11:13:32,JSMR,RG,3460,3,D,CC,IF,D
11:13:31,JSMR,RG,3460,3,D,CC,IF,D
11:13:30,JSMR,RG,3460,29,D,CC,IF,D
11:13:30,JSMR,RG,3460,29,D,CC,IF,D
11:13:29,JSMR,RG,3460,27,F,BK,IF,D
11:13:28,JSMR,RG,3460,259,D,DH,IF,D
11:13:06,JSMR,RG,3460,3,D,CC,IF,D
11:13:06,JSMR,RG,3460,3,D,CC,IF,D
11:13:04,JSMR,RG,3460,23,F,BK,IF,D
11:13:04,JSMR,RG,3460,1,D,CC,IF,D
11:13:03,JSMR,RG,3460,1,D,CC,IF,D
11:13:02,JSMR,RG,3460,7,D,CC,IF,D
11:13:02,JSMR,RG,3460,7,D,CC,IF,D
11:13:00,JSMR,RG,3460,63,D,CC,IF,D
11:12:12,JSMR,RG,3460,1,D,CC,IF,D
11:12:12,JSMR,RG,3460,1,D,CC,IF,D
11:12:10,JSMR,RG,3460,13,D,BK,IF,D
11:11:53,JSMR,RG,3460,1,D,XC,IF,D
11:11:05,JSMR,RG,3460,1,D,CC,IF,D
11:11:05,JSMR,RG,3460,1,D,CC,IF,D
11:11:04,JSMR,RG,3460,2,D,CC,IF,D
11:11:04,JSMR,RG,3460,2,D,CC,IF,D
11:11:02,JSMR,RG,3460,23,F,BK,IF,D
11:11:00,JSMR,RG,3460,1,D,CC,IF,D
11:11:00,JSMR,RG,3460,1,D,CC,IF,D
11:10:59,JSMR,RG,3460,4,D,CC,IF,D
11:10:59,JSMR,RG,3460,4,D,CC,IF,D
11:10:57,JSMR,RG,3460,34,D,BB,IF,D
11:10:11,JSMR,RG,3460,1,D,CC,IF,D
11:10:11,JSMR,RG,3460,1,D,CC,IF,D
11:10:09,JSMR,RG,3460,1,D,CC,IF,D
11:10:09,JSMR,RG,3460,1,D,CC,IF,D
11:10:09,JSMR,RG,3460,13,F,BK,IF,D
11:10:08,JSMR,RG,3460,7,D,CC,IF,D
11:10:07,JSMR,RG,3460,7,D,CC,IF,D
11:10:06,JSMR,RG,3450,60,F,CC,PD,D
11:08:18,JSMR,RG,3450,2,F,CC,PD,D
11:08:06,JSMR,RG,3460,1,D,XC,IF,D
11:07:02,JSMR,RG,3460,2,D,CC,IF,D
11:07:01,JSMR,RG,3460,2,D,CC,IF,D
11:06:58,JSMR,RG,3460,13,D,BK,IF,D
11:06:45,JSMR,RG,3460,1,D,CC,IF,D
