Time,Stock,Brd,Price,Qty,BT,BC,SC,ST
15:14:51,JSMR,RG,3670,1,D,KK,CC,D
15:14:16,JSMR,RG,3670,5,D,YP,CC,D
15:13:11,JSMR,RG,3670,1,D,YP,CC,D
15:10:27,JSMR,RG,3670,1,D,XC,CC,D
15:09:36,JSMR,RG,3670,120,D,PD,CC,D
15:08:32,JSMR,RG,3670,1,D,EP,CC,D
15:08:19,JSMR,RG,3670,2,D,EP,CC,D
15:08:00,JSMR,RG,3670,1,D,EP,CC,D
15:07:41,JSMR,RG,3670,4,D,EP,CC,D
15:07:16,JSMR,RG,3670,3,D,EP,CC,D
15:06:56,JSMR,RG,3670,2,D,AZ,CC,D
15:06:55,JSMR,RG,3670,2,D,EP,CC,D
15:06:48,JSMR,RG,3670,10,D,CC,CC,D
15:06:26,JSMR,RG,3670,10,D,OD,CC,D
15:06:18,JSMR,RG,3670,1,D,EP,CC,D
15:05:46,JSMR,RG,3670,3,D,EP,CC,D
15:05:23,JSMR,RG,3670,7,D,XC,CC,D
15:05:23,JSMR,RG,3670,1,D,EP,CC,D
15:05:23,JSMR,RG,3670,3,D,NI,CC,D
15:05:23,JSMR,RG,3670,19,D,DR,CC,D
15:04:33,JSMR,RG,3670,7,D,DR,NI,D
15:04:28,JSMR,RG,3670,1,D,DR,YP,D
15:04:27,JSMR,RG,3670,52,D,DR,LG,D
15:04:27,JSMR,RG,3670,11,D,SQ,LG,D
15:04:27,JSMR,RG,3670,5,D,XC,LG,D
15:04:27,JSMR,RG,3670,1,D,YP,LG,D
15:04:27,JSMR,RG,3670,31,D,PD,LG,D
15:03:59,JSMR,RG,3670,50,D,PD,PD,D
15:03:00,JSMR,RG,3670,4,D,PD,AZ,D
15:02:39,JSMR,RG,3670,25,D,PD,AZ,D
15:02:39,JSMR,RG,3670,1,D,EP,AZ,D
15:02:39,JSMR,RG,3670,2,D,NI,AZ,D
15:01:43,JSMR,RG,3670,19,D,DR,YB,D
15:01:30,JSMR,RG,3670,2,D,DR,YP,D
15:01:30,JSMR,RG,3670,5,D,PD,YP,D
15:01:30,JSMR,RG,3670,11,D,KK,YP,D
15:01:30,JSMR,RG,3670,7,D,IT,YP,D
15:01:02,JSMR,RG,3670,10,D,IT,PD,D
15:00:00,JSMR,RG,3670,100,D,IT,KK,D
15:00:00,JSMR,RG,3670,30,D,IT,OD,D
15:00:00,JSMR,RG,3670,20,D,IT,YP,D
15:00:00,JSMR,RG,3670,40,D,IT,YB,D
15:00:00,JSMR,RG,3670,43,D,IT,KK,D
15:00:00,JSMR,RG,3670,1,D,PD,KK,D
15:00:00,JSMR,RG,3670,1,D,CC,KK,D
15:00:00,JSMR,RG,3670,3,D,XC,KK,D
15:00:00,JSMR,RG,3670,1,D,MG,KK,D
15:00:00,JSMR,RG,3670,3,D,XL,KK,D
15:00:00,JSMR,RG,3670,20,D,OD,KK,D
15:00:00,JSMR,RG,3670,1,D,YP,KK,D
15:00:00,JSMR,RG,3670,27,D,OD,KK,D
15:00:00,JSMR,RG,3670,123,D,OD,YB,D
15:00:00,JSMR,RG,3670,4,D,YP,YB,D
15:00:00,JSMR,RG,3670,23,D,DR,YB,D
15:00:00,JSMR,RG,3670,33,D,DR,YP,D
15:00:00,JSMR,RG,3670,2,D,DR,DR,D
15:00:00,JSMR,RG,3670,1,D,XC,DR,D
15:00:00,JSMR,RG,3670,5,D,CC,DR,D
15:00:00,JSMR,RG,3670,5,D,CC,DR,D
15:00:00,JSMR,RG,3670,3,D,CC,DR,D
15:00:00,JSMR,RG,3670,87,D,CC,EP,D
15:00:00,JSMR,RG,3670,55,D,SQ,EP,D
15:00:00,JSMR,RG,3670,10,D,YP,EP,D
15:00:00,JSMR,RG,3670,1,D,KK,EP,D
15:00:00,JSMR,RG,3670,2,D,NI,EP,D
15:00:00,JSMR,RG,3670,29,F,AK,EP,D
15:00:00,JSMR,RG,3670,1,F,BK,EP,D
15:00:00,JSMR,RG,3670,147,F,BK,EP,D
15:00:00,JSMR,RG,3670,8,F,BK,EP,D
15:00:00,JSMR,RG,3670,25,F,BK,SQ,D
15:00:00,JSMR,RG,3670,41,F,BK,OD,D
15:00:00,JSMR,RG,3670,12,D,OD,OD,D
15:00:00,JSMR,RG,3670,124,D,OD,BK,F
15:00:00,JSMR,RG,3670,44,D,OD,DR,D
14:49:27,JSMR,RG,3670,1,D,XC,BK,F
14:49:14,JSMR,RG,3680,1,D,BB,PD,D
14:49:10,JSMR,RG,3680,1,D,BB,PD,D
14:49:09,JSMR,RG,3670,1,D,BB,XL,D
14:49:06,JSMR,RG,3660,5,F,BK,BB,D
14:49:06,JSMR,RG,3660,1,F,BK,BB,D
14:49:00,JSMR,RG,3670,1,F,AK,BB,D
14:49:00,JSMR,RG,3670,1,F,AK,BB,D
14:48:51,JSMR,RG,3660,1,F,BK,BB,D
14:48:41,JSMR,RG,3660,1,F,BK,BB,D
14:48:36,JSMR,RG,3660,1,D,YP,BB,D
14:48:24,JSMR,RG,3670,1,F,AK,OD,D
14:48:24,JSMR,RG,3660,1,D,YP,BB,D
14:48:22,JSMR,RG,3670,1,D,BB,OD,D
14:48:10,JSMR,RG,3660,6,D,YP,BB,D
14:48:09,JSMR,RG,3670,10,D,YP,OD,D
14:48:01,JSMR,RG,3670,1,F,AK,OD,D
14:48:00,JSMR,RG,3670,1,D,BB,OD,D
14:47:54,JSMR,RG,3670,1,F,AK,OD,D
14:47:49,JSMR,RG,3670,8,D,XC,OD,D
14:47:39,JSMR,RG,3670,2,D,YP,OD,D
14:47:28,JSMR,RG,3660,1,D,YP,CS,D
14:47:22,JSMR,RG,3670,1,D,BB,MG,D
14:47:14,JSMR,RG,3660,2,D,YP,BB,D
14:47:03,JSMR,RG,3670,8,F,AK,BK,F
14:47:03,JSMR,RG,3670,20,F,AK,BK,F
14:47:03,JSMR,RG,3670,23,F,AK,XL,D
14:47:03,JSMR,RG,3660,9,D,YP,LG,D
14:47:03,JSMR,RG,3660,10,D,CC,LG,D
14:47:03,JSMR,RG,3660,2,D,CC,LG,D
14:47:03,JSMR,RG,3660,4,D,PD,LG,D
14:47:03,JSMR,RG,3660,1,D,NI,LG,D
14:47:03,JSMR,RG,3660,2,D,PD,LG,D
14:47:03,JSMR,RG,3660,2,D,OD,LG,D
14:47:03,JSMR,RG,3660,1,D,XL,LG,D
14:47:03,JSMR,RG,3660,1,D,PD,LG,D
14:47:03,JSMR,RG,3660,268,D,YP,LG,D
14:47:03,JSMR,RG,3660,161,D,YP,LG,D
14:47:03,JSMR,RG,3660,600,D,YP,LG,D
14:47:03,JSMR,RG,3660,119,D,YP,LG,D
14:47:01,JSMR,RG,3670,1,F,AK,XL,D
14:46:59,JSMR,RG,3660,14,D,YP,BK,F
14:46:54,JSMR,RG,3670,1,F,AK,XL,D
14:46:39,JSMR,RG,3660,100,D,YP,LG,D
14:46:35,JSMR,RG,3660,100,D,YP,LG,D
14:46:19,JSMR,RG,3660,2,D,YP,CS,D
14:46:16,JSMR,RG,3670,1,F,AK,XL,D
14:46:09,JSMR,RG,3670,1,F,AK,XL,D
14:45:59,JSMR,RG,3660,14,D,YP,BK,F
14:45:49,JSMR,RG,3660,30,D,YP,PD,D
14:45:46,JSMR,RG,3670,2,D,BB,XL,D
14:45:41,JSMR,RG,3670,7,D,XC,XL,D
14:45:37,JSMR,RG,3660,1,D,YP,NI,D
14:45:27,JSMR,RG,3670,3,D,NI,XL,D
14:45:24,JSMR,RG,3670,1,F,AK,XL,D
14:45:02,JSMR,RG,3660,2,D,YP,CS,D
14:45:02,JSMR,RG,3670,1,F,AK,XL,D
14:44:55,JSMR,RG,3670,1,D,LG,XL,D
14:44:51,JSMR,RG,3670,1,D,BB,XL,D
14:44:39,JSMR,RG,3670,1,F,AK,XL,D
14:44:16,JSMR,RG,3670,1,F,AK,XL,D
14:44:11,JSMR,RG,3670,13,F,BK,XL,D
14:43:59,JSMR,RG,3670,1,D,BB,XL,D
14:43:54,JSMR,RG,3670,1,F,AK,XL,D
14:43:51,JSMR,RG,3670,60,D,PD,XL,D
14:43:51,JSMR,RG,3670,13,D,PD,BK,F
14:43:51,JSMR,RG,3670,1,D,PD,CS,D
14:43:51,JSMR,RG,3670,30,D,PD,SH,D
14:43:51,JSMR,RG,3670,2,D,PD,BB,D
14:43:23,JSMR,RG,3670,1,D,YP,BB,D
14:43:06,JSMR,RG,3670,1,D,BB,BB,D
14:43:01,JSMR,RG,3670,1,F,AK,BB,D
14:42:54,JSMR,RG,3670,1,F,AK,BB,D
14:42:47,JSMR,RG,3670,27,D,PD,BB,D
14:42:47,JSMR,RG,3670,15,D,PD,ZP,D
14:42:47,JSMR,RG,3670,13,D,PD,BK,F
14:42:47,JSMR,RG,3670,1,D,PD,CC,D
14:42:47,JSMR,RG,3670,13,D,PD,BK,F
14:42:47,JSMR,RG,3670,2,D,PD,CS,D
14:42:47,JSMR,RG,3670,29,D,PD,LG,D
14:42:24,JSMR,RG,3670,1,F,AK,LG,D
14:42:21,JSMR,RG,3670,10,D,EP,LG,D
14:42:16,JSMR,RG,3670,1,F,AK,LG,D
14:42:15,JSMR,RG,3670,1,D,BB,LG,D
14:42:11,JSMR,RG,3660,13,D,YP,BK,F
14:41:54,JSMR,RG,3670,3,D,YP,LG,D
14:41:24,JSMR,RG,3670,1,F,AK,LG,D
14:41:18,JSMR,RG,3670,6,D,YU,LG,D
14:41:18,JSMR,RG,3670,1,D,YU,LG,D
14:41:07,JSMR,RG,3670,7,D,YU,LG,D
14:41:03,JSMR,RG,3660,1,D,YP,PD,D
14:41:01,JSMR,RG,3670,1,F,AK,LG,D
14:40:55,JSMR,RG,3660,6,D,YP,DR,D
14:40:55,JSMR,RG,3670,6,D,YU,LG,D
14:40:39,JSMR,RG,3670,1,F,AK,LG,D
14:40:38,JSMR,RG,3670,6,D,YU,LG,D
14:40:36,JSMR,RG,3670,2,D,PD,LG,D
14:40:27,JSMR,RG,3660,14,D,YP,BK,F
14:40:27,JSMR,RG,3670,6,D,YU,LG,D
14:40:16,JSMR,RG,3670,1,F,AK,LG,D
14:40:16,JSMR,RG,3670,5,D,XL,LG,D
14:40:11,JSMR,RG,3670,5,D,NI,LG,D
14:40:04,JSMR,RG,3670,6,D,YU,LG,D
14:39:54,JSMR,RG,3670,1,F,AK,LG,D
14:39:42,JSMR,RG,3670,6,D,YU,LG,D
14:39:41,JSMR,RG,3670,8,D,NI,LG,D
14:39:26,JSMR,RG,3670,6,D,YU,LG,D
14:39:15,JSMR,RG,3670,14,F,BK,LG,D
14:39:09,JSMR,RG,3670,1,F,AK,LG,D
14:39:03,JSMR,RG,3670,6,D,YU,LG,D
14:39:01,JSMR,RG,3670,1,F,AK,LG,D
14:38:40,JSMR,RG,3660,4,D,YP,CS,D
14:38:33,JSMR,RG,3670,6,D,YU,LG,D
14:38:11,JSMR,RG,3670,5,D,YP,LG,D
14:38:11,JSMR,RG,3670,6,D,YU,LG,D
14:38:09,JSMR,RG,3670,1,F,AK,LG,D
14:38:02,JSMR,RG,3670,8,D,YP,LG,D
14:38:01,JSMR,RG,3670,1,F,AK,LG,D
14:37:58,JSMR,RG,3670,21,F,AK,LG,D
14:37:49,JSMR,RG,3670,6,D,YU,LG,D
14:37:48,JSMR,RG,3670,4,D,PD,LG,D
14:37:48,JSMR,RG,3670,1,D,PD,CC,D
14:37:48,JSMR,RG,3670,15,D,PD,BK,F
14:37:48,JSMR,RG,3670,5,D,PD,LG,D
14:37:26,JSMR,RG,3670,6,D,YU,LG,D
14:37:24,JSMR,RG,3670,1,F,AK,LG,D
14:37:22,JSMR,RG,3670,65,F,CC,LG,D
14:37:13,JSMR,RG,3670,23,F,CC,LG,D
14:37:12,JSMR,RG,3670,100,D,CC,LG,D
14:37:04,JSMR,RG,3670,44,F,CC,LG,D
14:37:03,JSMR,RG,3670,6,D,YU,LG,D
14:37:01,JSMR,RG,3670,1,F,AK,LG,D
14:36:51,JSMR,RG,3670,10,F,CC,LG,D
14:36:43,JSMR,RG,3670,38,F,CC,LG,D
14:36:41,JSMR,RG,3670,1,D,YU,LG,D
14:36:41,JSMR,RG,3670,1,D,YU,CS,D
14:36:41,JSMR,RG,3670,4,D,YU,LG,D
14:36:39,JSMR,RG,3670,1,F,AK,LG,D
14:36:24,JSMR,RG,3670,6,D,YU,LG,D
14:36:24,JSMR,RG,3670,89,F,CC,LG,D
14:36:13,JSMR,RG,3670,6,F,CC,LG,D
14:36:05,JSMR,RG,3660,4,D,YP,PD,D
14:36:03,JSMR,RG,3670,55,F,CC,LG,D
14:36:01,JSMR,RG,3670,1,F,AK,LG,D
14:35:56,JSMR,RG,3670,6,D,YU,LG,D
14:35:54,JSMR,RG,3670,1,F,AK,LG,D
14:35:42,JSMR,RG,3670,22,F,CC,LG,D
14:35:39,JSMR,RG,3670,6,D,YU,LG,D
14:35:38,JSMR,RG,3670,65,D,OD,LG,D
14:35:26,JSMR,RG,3670,6,D,YU,LG,D
14:35:03,JSMR,RG,3670,6,D,YU,LG,D
14:35:01,JSMR,RG,3670,1,F,AK,LG,D
14:34:56,JSMR,RG,3670,25,D,PD,LG,D
14:34:56,JSMR,RG,3670,5,D,PD,YB,D
14:34:54,JSMR,RG,3670,1,F,AK,YB,D
14:34:46,JSMR,RG,3670,7,D,YU,YB,D
14:34:25,JSMR,RG,3670,8,D,YU,YB,D
14:34:09,JSMR,RG,3670,1,F,AK,YB,D
14:34:02,JSMR,RG,3670,3,D,YU,YB,D
14:34:02,JSMR,RG,3670,2,D,YU,XC,D
14:34:02,JSMR,RG,3670,6,D,YU,SQ,D
14:34:01,JSMR,RG,3670,1,F,AK,SQ,D
14:33:35,JSMR,RG,3670,3,D,PD,SQ,D
14:33:25,JSMR,RG,3670,12,D,YU,BK,F
14:33:24,JSMR,RG,3670,1,F,AK,BB,D
14:33:10,JSMR,RG,3670,3,D,AI,BB,D
14:33:04,JSMR,RG,3670,1,D,YP,BB,D
14:32:46,JSMR,RG,3670,1,F,AK,BB,D
14:32:46,JSMR,RG,3670,11,D,YU,BB,D
14:32:46,JSMR,RG,3670,2,D,YU,CS,D
14:32:37,JSMR,RG,3670,1,F,AK,AG,D
14:32:36,JSMR,RG,3670,7,D,DH,AG,D
14:32:02,JSMR,RG,3670,16,D,YU,AG,D
14:31:46,JSMR,RG,3670,1,F,AK,AG,D
14:31:05,JSMR,RG,3670,17,D,YU,AG,D
14:30:24,JSMR,RG,3670,1,F,AK,AG,D
14:30:05,JSMR,RG,3660,1,D,YP,LG,D
14:30:02,JSMR,RG,3670,16,D,YU,AG,D
14:29:24,JSMR,RG,3670,50,D,YU,AG,D
14:29:22,JSMR,RG,3670,18,D,YU,AG,D
14:29:02,JSMR,RG,3670,1,F,AK,AG,D
14:28:54,JSMR,RG,3660,1,D,YP,YP,D
14:28:25,JSMR,RG,3670,15,D,YU,AG,D
14:27:45,JSMR,RG,3670,15,D,YU,AG,D
14:27:45,JSMR,RG,3670,5,F,AK,AG,D
14:27:21,JSMR,RG,3670,5,D,YB,AG,D
14:27:05,JSMR,RG,3670,15,D,YU,AG,D
14:26:45,JSMR,RG,3670,1,F,AK,AG,D
14:26:34,JSMR,RG,3670,16,D,RB,AG,D
14:26:34,JSMR,RG,3670,13,D,RB,BK,F
14:26:34,JSMR,RG,3670,2,D,RB,CS,D
14:26:34,JSMR,RG,3670,26,D,RB,BB,D
14:26:34,JSMR,RG,3670,15,D,RB,BK,F
14:26:30,JSMR,RG,3670,1,D,YU,BK,F
14:26:30,JSMR,RG,3670,2,D,YU,CS,D
14:26:30,JSMR,RG,3670,13,D,YU,LG,D
14:26:21,JSMR,RG,3670,3,D,CP,LG,D
14:25:49,JSMR,RG,3670,31,F,AK,LG,D
14:25:47,JSMR,RG,3670,25,F,AK,LG,D
14:25:47,JSMR,RG,3670,4,F,AK,LG,D
14:25:46,JSMR,RG,3670,224,D,OD,LG,D
14:25:46,JSMR,RG,3670,191,D,OD,LG,D
14:25:45,JSMR,RG,3670,9,D,YU,LG,D
14:25:45,JSMR,RG,3670,6,D,YU,BK,F
14:25:05,JSMR,RG,3670,7,D,YU,BK,F
14:25:05,JSMR,RG,3670,9,D,YU,BK,F
14:24:30,JSMR,RG,3670,2,D,NI,BK,F
14:24:25,JSMR,RG,3670,2,D,YU,BK,F
14:24:25,JSMR,RG,3670,15,D,YU,LG,D
14:23:44,JSMR,RG,3670,19,D,YU,LG,D
14:22:45,JSMR,RG,3670,1,D,YP,LG,D
14:22:44,JSMR,RG,3670,16,D,YU,LG,D
14:22:34,JSMR,RG,3670,49,D,GR,LG,D
14:22:34,JSMR,RG,3670,1,D,GR,CS,D
14:22:34,JSMR,RG,3670,1,D,GR,CS,D
14:22:34,JSMR,RG,3670,14,D,GR,BB,D
14:22:22,JSMR,RG,3670,1,D,YP,BB,D
14:22:04,JSMR,RG,3670,3,D,YU,BB,D
14:22:04,JSMR,RG,3670,13,D,YU,BK,F
14:21:45,JSMR,RG,3670,5,D,XC,BK,F
14:21:20,JSMR,RG,3670,6,D,YU,BK,F
14:21:20,JSMR,RG,3670,1,D,YU,CS,D
14:21:20,JSMR,RG,3670,9,D,YU,LG,D
14:21:19,JSMR,RG,3670,5,F,AK,LG,D
14:21:00,JSMR,RG,3660,6,D,YP,BB,D
14:20:50,JSMR,RG,3670,100,D,SQ,LG,D
14:20:44,JSMR,RG,3670,20,D,YU,LG,D
14:19:44,JSMR,RG,3670,17,D,YU,LG,D
14:19:29,JSMR,RG,3660,14,D,YP,BK,F
14:18:59,JSMR,RG,3670,16,D,YU,LG,D
14:18:58,JSMR,RG,3670,1,D,OD,LG,D
14:18:14,JSMR,RG,3670,50,D,YP,LG,D
14:17:59,JSMR,RG,3660,6,D,YP,YP,D
14:17:19,JSMR,RG,3670,8,D,DX,LG,D
14:17:02,JSMR,RG,3670,1,D,YP,LG,D
14:16:57,JSMR,RG,3670,1,D,YP,LG,D
14:16:51,JSMR,RG,3670,1,D,YP,LG,D
14:14:57,JSMR,RG,3660,19,D,YP,AZ,D
14:14:57,JSMR,RG,3660,1,D,YP,AZ,D
14:14:57,JSMR,RG,3660,40,D,CC,AZ,D
14:14:57,JSMR,RG,3660,12,D,EP,AZ,D
14:14:57,JSMR,RG,3660,1,D,PD,AZ,D
14:14:57,JSMR,RG,3660,1,D,YP,AZ,D
14:14:57,JSMR,RG,3660,26,D,YP,AZ,D
14:13:46,JSMR,RG,3670,3,D,YU,LG,D
14:13:46,JSMR,RG,3670,50,F,CC,LG,D
14:13:46,JSMR,RG,3670,1,D,YP,LG,D
14:13:46,JSMR,RG,3670,15,D,CC,LG,D
14:13:46,JSMR,RG,3670,2,D,XC,LG,D
14:13:37,JSMR,RG,3670,1,D,YU,CS,D
14:13:37,JSMR,RG,3670,2,D,YU,AG,D
14:13:37,JSMR,RG,3670,4,D,BB,AG,D
14:13:37,JSMR,RG,3670,8,D,YU,AG,D
14:13:37,JSMR,RG,3670,1,F,AK,AG,D
14:13:37,JSMR,RG,3670,13,F,BK,AG,D
14:13:37,JSMR,RG,3670,22,F,CC,AG,D
14:13:36,JSMR,RG,3670,5,F,CC,XL,D
14:13:24,JSMR,RG,3670,30,F,CC,CC,D
14:13:18,JSMR,RG,3670,112,F,CC,ZP,D
14:13:18,JSMR,RG,3670,12,D,BB,ZP,D
14:13:18,JSMR,RG,3670,8,D,YU,ZP,D
14:13:18,JSMR,RG,3670,1,F,AK,ZP,D
14:13:18,JSMR,RG,3670,67,D,KK,ZP,D
14:12:39,JSMR,RG,3670,33,D,KK,NI,D
14:12:39,JSMR,RG,3670,26,D,BB,NI,D
14:12:39,JSMR,RG,3670,1,D,XC,NI,D
14:12:39,JSMR,RG,3670,1,D,PD,NI,D
14:12:39,JSMR,RG,3670,20,D,CC,NI,D
14:12:39,JSMR,RG,3670,10,D,YU,NI,D
14:12:39,JSMR,RG,3670,1,F,AK,NI,D
14:12:39,JSMR,RG,3670,8,D,YU,NI,D
14:12:39,JSMR,RG,3670,1,D,XC,NI,D
14:12:39,JSMR,RG,3670,4,F,CC,NI,D
14:11:55,JSMR,RG,3670,9,F,CC,NI,D
14:11:55,JSMR,RG,3670,1,D,BB,NI,D
14:11:32,JSMR,RG,3670,15,D,BB,YB,D
14:09:48,JSMR,RG,3670,31,F,AK,BK,F
14:09:48,JSMR,RG,3670,1,F,AK,CS,D
14:09:48,JSMR,RG,3670,2,D,YP,LG,D
14:09:47,JSMR,RG,3670,2,F,CC,LG,D
14:09:47,JSMR,RG,3670,34,F,AK,LG,D
14:09:47,JSMR,RG,3660,7,D,YP,NI,D
14:09:47,JSMR,RG,3660,1,D,YP,NI,D
14:09:47,JSMR,RG,3660,1,D,KK,NI,D
14:09:47,JSMR,RG,3660,26,D,DR,NI,D
14:09:47,JSMR,RG,3660,1,D,DR,CS,D
14:09:47,JSMR,RG,3670,5,F,AK,LG,D
14:09:47,JSMR,RG,3670,1,D,AZ,LG,D
14:09:47,JSMR,RG,3670,4,D,CC,LG,D
14:09:47,JSMR,RG,3670,10,D,EP,LG,D
14:09:47,JSMR,RG,3670,1,D,PD,LG,D
14:09:47,JSMR,RG,3670,5,D,YP,LG,D
14:09:47,JSMR,RG,3670,5,D,YP,LG,D
14:09:47,JSMR,RG,3670,1,D,XC,LG,D
14:09:47,JSMR,RG,3670,17,F,CC,LG,D
14:09:47,JSMR,RG,3670,1,F,AK,LG,D
14:09:47,JSMR,RG,3670,50,D,PD,LG,D
14:09:47,JSMR,RG,3670,5,D,SQ,LG,D
14:09:47,JSMR,RG,3670,5,D,OD,LG,D
14:09:47,JSMR,RG,3670,10,D,NI,LG,D
14:09:47,JSMR,RG,3670,25,D,YP,LG,D
14:09:47,JSMR,RG,3670,5,D,SQ,LG,D
14:09:47,JSMR,RG,3670,1,D,CC,LG,D
14:09:47,JSMR,RG,3670,9,D,YU,LG,D
14:09:47,JSMR,RG,3670,1,D,NI,LG,D
14:09:47,JSMR,RG,3670,20,D,YP,LG,D
14:09:47,JSMR,RG,3670,10,D,YP,LG,D
14:09:47,JSMR,RG,3670,50,D,NI,LG,D
14:09:47,JSMR,RG,3670,21,F,AK,LG,D
14:09:44,JSMR,RG,3670,13,F,AK,YB,D
14:09:42,JSMR,RG,3670,17,F,AK,EP,D
14:09:42,JSMR,RG,3670,2,D,SQ,EP,D
14:09:42,JSMR,RG,3670,20,D,DH,EP,D
14:09:42,JSMR,RG,3670,5,D,YP,EP,D
14:09:42,JSMR,RG,3670,1,D,JB,EP,D
14:09:42,JSMR,RG,3670,2,D,CC,EP,D
14:09:42,JSMR,RG,3670,5,D,PD,EP,D
14:09:42,JSMR,RG,3670,3,D,YP,EP,D
14:09:42,JSMR,RG,3670,4,D,YU,EP,D
14:09:42,JSMR,RG,3670,1,D,XL,EP,D
14:09:42,JSMR,RG,3670,1,D,XL,EP,D
14:09:42,JSMR,RG,3670,21,D,YU,EP,D
14:09:42,JSMR,RG,3670,5,D,EP,EP,D
14:09:42,JSMR,RG,3670,9,D,YU,EP,D
14:09:42,JSMR,RG,3670,13,D,YU,EP,D
14:09:42,JSMR,RG,3670,1,F,AK,EP,D
14:09:41,JSMR,RG,3670,12,F,BK,LG,D
14:09:41,JSMR,RG,3670,10,D,YP,LG,D
14:09:41,JSMR,RG,3670,5,D,YP,LG,D
14:09:41,JSMR,RG,3670,1,D,CC,LG,D
14:09:41,JSMR,RG,3670,5,D,YP,LG,D
14:09:41,JSMR,RG,3670,2,D,CC,LG,D
14:09:41,JSMR,RG,3670,1,D,XL,LG,D
14:09:41,JSMR,RG,3670,2,D,CC,LG,D
14:09:41,JSMR,RG,3670,1,D,XC,LG,D
14:09:41,JSMR,RG,3670,2,D,XC,LG,D
14:09:41,JSMR,RG,3670,1,D,XC,LG,D
14:09:41,JSMR,RG,3670,2,D,KK,LG,D
14:09:41,JSMR,RG,3670,8,D,BB,LG,D
14:09:41,JSMR,RG,3670,1,D,PD,LG,D
14:09:41,JSMR,RG,3670,2,D,XC,LG,D
14:09:41,JSMR,RG,3670,1,D,XC,LG,D
14:09:41,JSMR,RG,3670,50,D,EP,LG,D
14:09:41,JSMR,RG,3670,10,D,EP,LG,D
14:09:41,JSMR,RG,3670,1,F,YP,LG,D
14:09:41,JSMR,RG,3670,41,D,PD,LG,D
14:09:41,JSMR,RG,3670,6,D,DH,LG,D
14:09:41,JSMR,RG,3670,2,D,EP,LG,D
14:09:41,JSMR,RG,3670,2,D,PD,LG,D
14:09:41,JSMR,RG,3670,2,D,KK,LG,D
14:09:41,JSMR,RG,3670,1,D,TP,LG,D
14:09:41,JSMR,RG,3670,7,D,YU,LG,D
14:09:41,JSMR,RG,3670,31,D,YU,LG,D
14:09:41,JSMR,RG,3670,22,F,BK,LG,D
14:09:41,JSMR,RG,3670,5,D,XL,LG,D
14:09:41,JSMR,RG,3670,5,D,SQ,LG,D
14:09:41,JSMR,RG,3670,10,D,PD,LG,D
14:09:41,JSMR,RG,3670,1,D,YB,LG,D
14:09:41,JSMR,RG,3670,5,D,PD,LG,D
14:09:41,JSMR,RG,3670,5,D,PD,LG,D
14:09:41,JSMR,RG,3670,1,D,XL,LG,D
14:09:41,JSMR,RG,3670,2,D,AI,LG,D
14:09:41,JSMR,RG,3670,1,D,KK,LG,D
14:09:41,JSMR,RG,3670,34,D,DH,LG,D
14:09:41,JSMR,RG,3670,66,D,DH,LG,D
14:09:41,JSMR,RG,3670,1,D,XC,LG,D
14:09:41,JSMR,RG,3670,1,D,YU,LG,D
14:09:41,JSMR,RG,3670,66,D,DR,LG,D
14:09:41,JSMR,RG,3670,50,D,YB,LG,D
14:09:41,JSMR,RG,3670,1,D,XC,LG,D
14:09:41,JSMR,RG,3670,80,D,AZ,LG,D
14:09:41,JSMR,RG,3670,10,D,YP,LG,D
14:09:41,JSMR,RG,3670,1,D,EP,LG,D
14:09:41,JSMR,RG,3670,24,D,NI,LG,D
14:09:27,JSMR,RG,3670,12,D,NI,BK,F
14:09:23,JSMR,RG,3670,11,D,NI,CC,D
14:08:37,JSMR,RG,3680,16,D,YU,LG,D
14:08:37,JSMR,RG,3680,1,D,PD,LG,D
14:07:54,JSMR,RG,3680,1,D,IF,LG,D
14:07:19,JSMR,RG,3670,12,D,NI,BK,F
14:06:53,JSMR,RG,3680,16,D,YU,LG,D
14:06:53,JSMR,RG,3670,3,D,NI,CS,D
14:05:18,JSMR,RG,3680,15,D,YU,LG,D
14:05:17,JSMR,RG,3680,3,D,CC,LG,D
14:04:59,JSMR,RG,3680,5,F,AK,LG,D
14:04:58,JSMR,RG,3670,14,D,NI,BK,F
14:03:58,JSMR,RG,3680,12,D,CC,LG,D
14:03:40,JSMR,RG,3680,16,D,YU,LG,D
14:02:50,JSMR,RG,3670,12,D,NI,BK,F
14:02:21,JSMR,RG,3680,15,D,CC,LG,D
14:02:00,JSMR,RG,3680,16,D,YU,LG,D
14:01:47,JSMR,RG,3680,5,D,CC,LG,D
14:01:07,JSMR,RG,3680,10,D,CC,LG,D
14:00:42,JSMR,RG,3670,3,D,NI,CS,D
14:00:25,JSMR,RG,3680,14,F,BK,LG,D
14:00:23,JSMR,RG,3680,14,D,BB,LG,D
14:00:23,JSMR,RG,3680,10,D,PD,LG,D
14:00:20,JSMR,RG,3680,12,D,YU,LG,D
14:00:20,JSMR,RG,3680,3,D,YU,LG,D
14:00:15,JSMR,RG,3670,13,D,NI,BK,F
13:59:00,JSMR,RG,3680,16,D,YU,LG,D
13:58:30,JSMR,RG,3680,6,F,AK,LG,D
13:58:02,JSMR,RG,3670,10,D,NI,DX,D
13:57:42,JSMR,RG,3680,13,F,BK,LG,D
13:57:38,JSMR,RG,3680,16,D,YU,LG,D
13:57:37,JSMR,RG,3670,12,D,NI,BK,F
13:57:30,JSMR,RG,3680,1,F,AK,LG,D
13:56:35,JSMR,RG,3680,14,F,BK,LG,D
13:56:32,JSMR,RG,3670,100,D,NI,LG,D
13:56:21,JSMR,RG,3680,3,D,CC,LG,D
13:56:20,JSMR,RG,3680,17,D,YU,LG,D
13:55:18,JSMR,RG,3680,11,F,BK,LG,D
13:55:18,JSMR,RG,3680,1,F,BK,LG,D
13:55:16,JSMR,RG,3670,94,D,NI,NI,D
13:54:56,JSMR,RG,3670,12,D,NI,BK,F
13:54:50,JSMR,RG,3680,15,D,YU,LG,D
13:54:50,JSMR,RG,3680,14,F,BK,LG,D
13:54:45,JSMR,RG,3680,17,F,BK,LG,D
13:54:45,JSMR,RG,3670,200,D,NI,MG,D
13:54:15,JSMR,RG,3670,3,D,NI,CS,D
13:53:37,JSMR,RG,3680,15,D,YU,LG,D
13:53:36,JSMR,RG,3680,14,F,BK,LG,D
13:53:31,JSMR,RG,3670,15,D,NI,PD,D
13:52:19,JSMR,RG,3680,16,D,YU,LG,D
13:52:01,JSMR,RG,3670,14,D,NI,BK,F
13:51:30,JSMR,RG,3680,5,F,AK,LG,D
13:50:59,JSMR,RG,3680,16,D,YU,LG,D
13:50:44,JSMR,RG,3680,5,D,OD,LG,D
13:50:30,JSMR,RG,3680,1,F,AK,LG,D
13:50:23,JSMR,RG,3670,8,D,NI,XC,D
13:49:36,JSMR,RG,3680,12,F,BK,LG,D
13:49:35,JSMR,RG,3680,16,D,YU,LG,D
13:49:34,JSMR,RG,3670,7,D,NI,PD,D
13:49:12,JSMR,RG,3670,12,D,NI,BK,F
13:49:03,JSMR,RG,3670,1,D,NI,PD,D
13:48:14,JSMR,RG,3680,15,D,YU,LG,D
13:47:35,JSMR,RG,3670,3,D,NI,CS,D
13:46:56,JSMR,RG,3680,16,D,YU,LG,D
13:46:39,JSMR,RG,3670,2,D,NI,YP,D
13:46:21,JSMR,RG,3680,13,F,BK,LG,D
13:46:17,JSMR,RG,3680,28,D,PD,LG,D
13:45:38,JSMR,RG,3680,17,D,YU,LG,D
13:45:00,JSMR,RG,3680,5,F,AK,LG,D
13:44:47,JSMR,RG,3670,10,D,NI,ZR,D
13:44:35,JSMR,RG,3670,8,D,NI,PD,D
13:44:17,JSMR,RG,3670,13,D,NI,BK,F
13:44:14,JSMR,RG,3680,16,D,YU,LG,D
13:44:00,JSMR,RG,3680,1,F,AK,LG,D
13:43:29,JSMR,RG,3680,1,D,LG,LG,D
13:43:05,JSMR,RG,3680,10,D,CC,LG,D
13:42:59,JSMR,RG,3680,14,F,BK,LG,D
13:42:58,JSMR,RG,3680,16,D,YU,LG,D
13:41:38,JSMR,RG,3680,1,D,YU,LG,D
13:41:38,JSMR,RG,3680,16,D,YU,LG,D
13:40:36,JSMR,RG,3670,3,D,NI,CS,D
13:40:13,JSMR,RG,3680,16,D,YU,LG,D
13:40:12,JSMR,RG,3670,13,D,NI,BK,F
13:39:22,JSMR,RG,3680,13,F,BK,LG,D
13:39:19,JSMR,RG,3670,100,D,NI,LG,D
13:39:10,JSMR,RG,3680,5,D,CC,LG,D
13:38:57,JSMR,RG,3680,17,D,YU,LG,D
13:38:26,JSMR,RG,3680,5,F,AK,LG,D
13:38:25,JSMR,RG,3670,10,D,NI,CC,D
13:38:08,JSMR,RG,3670,3,D,NI,YP,D
13:37:36,JSMR,RG,3670,13,D,NI,BK,F
13:37:28,JSMR,RG,3680,15,D,YU,LG,D
13:37:26,JSMR,RG,3670,4,D,NI,CC,D
13:37:26,JSMR,RG,3680,5,D,NI,LG,D
13:36:59,JSMR,RG,3680,14,F,BK,LG,D
13:36:57,JSMR,RG,3680,100,D,CC,LG,D
13:36:27,JSMR,RG,3680,30,D,DH,LG,D
13:36:17,JSMR,RG,3680,16,D,YU,LG,D
13:35:24,JSMR,RG,3680,4,F,BK,LG,D
13:35:23,JSMR,RG,3680,3,F,AG,LG,D
13:35:20,JSMR,RG,3670,14,D,NI,BK,F
13:34:57,JSMR,RG,3680,16,D,YU,LG,D
13:30:24,JSMR,RG,3670,3,D,NI,XL,D
13:30:15,JSMR,RG,3680,2,D,XL,LG,D
13:30:06,JSMR,RG,3680,1,D,PD,LG,D
13:30:05,JSMR,RG,3680,3,F,AK,LG,D
13:30:02,JSMR,RG,3670,30,D,NI,KK,D
13:30:02,JSMR,RG,3670,3,D,NI,SQ,D
13:30:01,JSMR,RG,3680,1,D,AZ,LG,D
13:30:01,JSMR,RG,3670,1,D,NI,YB,D
11:29:45,JSMR,RG,3670,100,D,NI,LG,D
11:29:38,JSMR,RG,3670,75,D,NI,LG,D
11:29:38,JSMR,RG,3670,5,D,YB,LG,D
11:29:38,JSMR,RG,3670,20,F,AK,LG,D
11:29:38,JSMR,RG,3670,36,F,AK,LG,D
11:29:38,JSMR,RG,3670,1,D,XC,LG,D
11:29:38,JSMR,RG,3670,1,D,XL,LG,D
11:29:38,JSMR,RG,3670,25,F,BK,LG,D
11:29:38,JSMR,RG,3670,1,D,YP,LG,D
11:29:38,JSMR,RG,3670,1,D,SQ,LG,D
11:29:38,JSMR,RG,3670,35,D,PD,LG,D
11:29:38,JSMR,RG,3670,65,D,PD,LG,D
11:29:38,JSMR,RG,3670,6,D,YU,LG,D
11:29:38,JSMR,RG,3670,10,D,LG,LG,D
11:29:38,JSMR,RG,3670,15,D,YU,LG,D
11:29:38,JSMR,RG,3670,2,D,YP,LG,D
11:29:38,JSMR,RG,3670,1,D,YP,LG,D
11:29:38,JSMR,RG,3670,1,D,YU,LG,D
11:29:04,JSMR,RG,3670,9,D,YU,LG,D
11:29:04,JSMR,RG,3670,11,D,YU,LG,D
11:29:04,JSMR,RG,3670,45,D,PD,LG,D
11:29:04,JSMR,RG,3670,10,D,LG,LG,D
11:29:04,JSMR,RG,3670,11,D,YU,LG,D
11:29:04,JSMR,RG,3670,3,F,BK,LG,D
11:29:04,JSMR,RG,3670,8,D,YU,LG,D
11:29:04,JSMR,RG,3670,10,D,CC,LG,D
11:29:04,JSMR,RG,3670,50,D,PD,LG,D
11:29:04,JSMR,RG,3670,3,D,YU,LG,D
11:29:04,JSMR,RG,3670,3,D,YP,LG,D
11:29:04,JSMR,RG,3670,10,D,CD,LG,D
11:29:04,JSMR,RG,3670,1,D,SQ,LG,D
11:29:04,JSMR,RG,3670,20,D,SH,LG,D
11:29:04,JSMR,RG,3670,5,D,YP,LG,D
11:29:04,JSMR,RG,3670,5,D,SQ,LG,D
11:29:04,JSMR,RG,3670,5,D,CC,LG,D
11:29:04,JSMR,RG,3670,10,D,YP,LG,D
11:29:04,JSMR,RG,3670,10,D,CC,LG,D
11:29:04,JSMR,RG,3670,7,D,LG,LG,D
11:29:04,JSMR,RG,3670,1,D,EP,LG,D
11:29:04,JSMR,RG,3670,5,D,YU,LG,D
11:29:04,JSMR,RG,3670,3,D,YP,LG,D
11:29:04,JSMR,RG,3670,14,D,CC,LG,D
11:29:04,JSMR,RG,3670,1,D,XC,LG,D
11:29:04,JSMR,RG,3670,10,D,KK,LG,D
11:29:04,JSMR,RG,3670,5,D,YP,LG,D
11:29:04,JSMR,RG,3670,21,D,NI,LG,D
11:29:04,JSMR,RG,3670,3,D,XC,LG,D
11:29:04,JSMR,RG,3670,1,D,XC,LG,D
11:28:59,JSMR,RG,3670,7,D,XC,LG,D
11:28:59,JSMR,RG,3670,20,D,NI,LG,D
11:28:59,JSMR,RG,3670,2,D,PD,LG,D
11:28:59,JSMR,RG,3670,5,D,CC,LG,D
11:28:59,JSMR,RG,3670,10,D,YP,LG,D
11:28:59,JSMR,RG,3670,11,D,PD,LG,D
11:28:59,JSMR,RG,3670,10,D,YP,LG,D
11:28:59,JSMR,RG,3670,10,D,YP,LG,D
11:28:59,JSMR,RG,3670,5,D,IH,LG,D
11:28:59,JSMR,RG,3670,1,D,YP,LG,D
11:28:59,JSMR,RG,3670,1,D,KK,LG,D
11:28:59,JSMR,RG,3670,50,D,OD,LG,D
11:28:59,JSMR,RG,3670,6,D,YP,LG,D
11:28:59,JSMR,RG,3670,2,D,NI,LG,D
11:28:59,JSMR,RG,3670,5,D,CC,LG,D
11:28:59,JSMR,RG,3670,3,D,PD,LG,D
11:28:59,JSMR,RG,3670,1,D,KK,LG,D
11:28:59,JSMR,RG,3670,1,D,KK,LG,D
11:28:59,JSMR,RG,3670,10,D,PD,LG,D
11:28:59,JSMR,RG,3670,1,D,TF,LG,D
11:28:59,JSMR,RG,3670,1,D,EP,LG,D
11:28:59,JSMR,RG,3670,10,D,DR,LG,D
11:28:59,JSMR,RG,3670,5,D,SH,LG,D
11:28:59,JSMR,RG,3670,2,D,XC,LG,D
11:28:59,JSMR,RG,3670,5,D,NI,LG,D
11:28:59,JSMR,RG,3670,5,D,KK,LG,D
11:28:59,JSMR,RG,3670,1,D,YB,LG,D
11:28:59,JSMR,RG,3670,2,D,IF,LG,D
11:28:59,JSMR,RG,3670,1,D,CC,LG,D
11:28:59,JSMR,RG,3670,12,D,KK,LG,D
11:28:59,JSMR,RG,3670,2,D,PD,LG,D
11:28:59,JSMR,RG,3670,1,D,DH,LG,D
11:28:59,JSMR,RG,3670,50,D,YB,LG,D
11:28:59,JSMR,RG,3670,10,D,SQ,LG,D
11:28:59,JSMR,RG,3670,20,D,YP,LG,D
11:28:59,JSMR,RG,3670,12,F,BK,LG,D
11:27:39,JSMR,RG,3680,16,D,YU,LG,D
11:27:13,JSMR,RG,3680,4,D,BB,LG,D
11:27:02,JSMR,RG,3670,53,F,BK,AK,F
11:27:02,JSMR,RG,3670,1,D,XC,AK,F
11:27:02,JSMR,RG,3670,4,D,OD,AK,F
11:27:02,JSMR,RG,3670,96,D,OD,LG,D
11:27:02,JSMR,RG,3670,2,D,DR,LG,D
11:27:02,JSMR,RG,3670,5,D,NI,LG,D
11:27:02,JSMR,RG,3670,1,D,CC,LG,D
11:27:02,JSMR,RG,3670,5,D,YP,LG,D
11:27:02,JSMR,RG,3670,1,D,GR,LG,D
11:27:02,JSMR,RG,3670,1,D,XL,LG,D
11:27:02,JSMR,RG,3670,1,D,PD,LG,D
11:27:02,JSMR,RG,3670,1,D,YP,LG,D
11:27:02,JSMR,RG,3670,25,D,YP,LG,D
11:27:02,JSMR,RG,3670,50,D,YP,LG,D
11:27:02,JSMR,RG,3670,812,D,YP,LG,D
11:25:33,JSMR,RG,3680,17,D,YU,LG,D
11:25:31,JSMR,RG,3680,86,D,YP,LG,D
11:25:06,JSMR,RG,3670,1,D,YP,PD,D
11:24:39,JSMR,RG,3680,1,D,PD,LG,D
11:24:30,JSMR,RG,3680,8,D,YP,LG,D
11:24:00,JSMR,RG,3680,7,D,BB,LG,D
11:23:34,JSMR,RG,3680,17,D,YU,LG,D
11:23:32,JSMR,RG,3680,20,D,NI,LG,D
11:21:18,JSMR,RG,3680,16,D,YU,LG,D
11:20:52,JSMR,RG,3680,10,D,DR,LG,D
11:20:17,JSMR,RG,3670,314,D,YP,PD,D
11:19:17,JSMR,RG,3680,17,D,YU,LG,D
11:17:49,JSMR,RG,3680,1,D,YP,LG,D
11:17:27,JSMR,RG,3680,9,D,BB,LG,D
11:17:16,JSMR,RG,3680,17,D,YU,LG,D
11:16:45,JSMR,RG,3680,1,D,NI,LG,D
11:16:22,JSMR,RG,3680,1,D,YP,LG,D
11:15:50,JSMR,RG,3670,10,D,YP,CC,D
11:14:57,JSMR,RG,3680,16,D,YU,LG,D
11:12:59,JSMR,RG,3680,1,D,AZ,LG,D
11:12:16,JSMR,RG,3680,16,D,YU,LG,D
11:12:15,JSMR,RG,3680,1,D,AZ,LG,D
11:09:46,JSMR,RG,3680,17,D,YU,LG,D
11:07:03,JSMR,RG,3680,1,D,AZ,LG,D
11:06:56,JSMR,RG,3680,16,D,YU,LG,D
11:06:33,JSMR,RG,3680,1,D,XC,LG,D
11:04:28,JSMR,RG,3680,1,D,BB,LG,D
11:04:28,JSMR,RG,3680,6,D,BB,LG,D
11:04:20,JSMR,RG,3680,16,D,YU,LG,D
11:04:19,JSMR,RG,3680,14,F,BK,LG,D
11:01:35,JSMR,RG,3680,16,D,YU,LG,D
11:01:32,JSMR,RG,3680,5,D,CC,LG,D
11:01:06,JSMR,RG,3670,209,D,YP,YP,D
11:00:17,JSMR,RG,3670,3,D,YP,OD,D
11:00:06,JSMR,RG,3680,10,D,PD,LG,D
10:59:15,JSMR,RG,3680,17,D,YU,LG,D
10:57:34,JSMR,RG,3680,2,D,XC,LG,D
10:57:19,JSMR,RG,3680,5,D,CC,LG,D
10:57:00,JSMR,RG,3680,3,D,XC,LG,D
10:55:55,JSMR,RG,3680,5,D,CC,LG,D
10:55:54,JSMR,RG,3680,16,D,YU,LG,D
10:55:00,JSMR,RG,3680,1,D,LG,LG,D
10:54:22,JSMR,RG,3680,5,D,CC,LG,D
10:53:27,JSMR,RG,3680,7,D,YP,LG,D
10:53:14,JSMR,RG,3680,16,D,YU,LG,D
10:52:35,JSMR,RG,3680,56,D,DR,LG,D
10:52:35,JSMR,RG,3680,30,D,DR,CP,D
10:52:35,JSMR,RG,3680,14,D,DR,LG,D
10:52:24,JSMR,RG,3680,15,D,CC,LG,D
10:52:19,JSMR,RG,3680,5,D,EP,LG,D
10:51:09,JSMR,RG,3680,5,D,CC,LG,D
10:50:35,JSMR,RG,3680,32,F,CC,LG,D
10:50:27,JSMR,RG,3680,83,F,BK,LG,D
10:49:44,JSMR,RG,3680,3,D,YP,LG,D
10:48:11,JSMR,RG,3680,75,D,YU,LG,D
10:47:50,JSMR,RG,3680,135,D,YP,LG,D
10:47:34,JSMR,RG,3680,41,F,CC,LG,D
10:47:27,JSMR,RG,3680,31,F,CC,LG,D
10:47:19,JSMR,RG,3680,1,D,XC,LG,D
10:46:56,JSMR,RG,3680,1,D,IF,LG,D
10:46:16,JSMR,RG,3680,1,D,NI,LG,D
10:45:16,JSMR,RG,3670,3,D,YP,YP,D
10:42:57,JSMR,RG,3670,5,D,YP,AK,F
10:41:45,JSMR,RG,3680,3,D,CC,LG,D
10:41:34,JSMR,RG,3680,100,D,ZP,LG,D
10:41:17,JSMR,RG,3670,2,D,YP,KK,D
10:40:38,JSMR,RG,3680,1,D,YP,LG,D
10:38:21,JSMR,RG,3680,8,D,YU,LG,D
10:38:21,JSMR,RG,3680,81,D,YU,LG,D
10:38:21,JSMR,RG,3680,1,D,XC,LG,D
10:38:21,JSMR,RG,3680,2,D,PD,LG,D
10:38:21,JSMR,RG,3680,40,D,CC,LG,D
10:38:21,JSMR,RG,3680,20,D,CC,LG,D
10:38:21,JSMR,RG,3680,40,D,CC,LG,D
10:38:21,JSMR,RG,3680,137,F,CC,LG,D
10:38:21,JSMR,RG,3680,40,D,CC,LG,D
10:38:21,JSMR,RG,3680,1,D,CC,LG,D
10:38:21,JSMR,RG,3680,10,D,NI,LG,D
10:38:21,JSMR,RG,3680,29,F,BK,LG,D
10:38:21,JSMR,RG,3680,6,D,BB,LG,D
10:38:21,JSMR,RG,3680,51,F,AK,LG,D
10:38:21,JSMR,RG,3680,188,D,ID,LG,D
10:38:01,JSMR,RG,3690,8,D,SQ,YP,D
10:38:01,JSMR,RG,3690,1,D,SQ,CC,D
10:38:01,JSMR,RG,3690,1,D,SQ,LG,D
10:37:35,JSMR,RG,3690,14,F,BK,LG,D
10:35:32,JSMR,RG,3690,1,D,XC,LG,D
10:34:13,JSMR,RG,3690,4,D,BB,LG,D
10:33:58,JSMR,RG,3690,14,F,BK,LG,D
10:32:09,JSMR,RG,3680,22,D,ID,NI,D
10:32:09,JSMR,RG,3680,5,D,ID,XC,D
10:32:09,JSMR,RG,3680,5,D,ID,PD,D
10:32:09,JSMR,RG,3680,180,D,ID,LG,D
10:32:09,JSMR,RG,3680,120,D,CC,LG,D
10:32:09,JSMR,RG,3680,5,D,CC,LG,D
10:31:41,JSMR,RG,3680,20,D,PD,LG,D
10:31:03,JSMR,RG,3680,12,F,BK,LG,D
10:30:59,JSMR,RG,3680,363,D,CC,LG,D
10:30:59,JSMR,RG,3680,10,D,CC,YP,D
10:30:59,JSMR,RG,3680,300,D,CC,LG,D
10:30:59,JSMR,RG,3680,83,D,CC,LG,D
10:30:59,JSMR,RG,3680,2,D,CC,DR,D
10:30:59,JSMR,RG,3680,28,D,CC,YP,D
10:30:59,JSMR,RG,3680,1,D,CC,KK,D
10:30:59,JSMR,RG,3680,50,D,CC,XA,D
10:30:59,JSMR,RG,3680,163,D,CC,LG,D
10:30:18,JSMR,RG,3680,5,D,SQ,LG,D
10:29:20,JSMR,RG,3680,10,D,YP,LG,D
10:28:43,JSMR,RG,3680,5,D,GR,LG,D
10:28:36,JSMR,RG,3680,1,D,CD,LG,D
10:28:12,JSMR,RG,3680,2,D,NI,LG,D
10:27:53,JSMR,RG,3680,10,D,NI,LG,D
10:27:17,JSMR,RG,3680,5,D,BB,LG,D
10:27:17,JSMR,RG,3670,1,D,YP,XC,D
10:25:57,JSMR,RG,3680,6,D,XL,LG,D
10:25:47,JSMR,RG,3680,1,D,EP,LG,D
10:24:26,JSMR,RG,3670,1,D,YP,DR,D
10:23:08,JSMR,RG,3670,10,D,YP,CC,D
10:22:22,JSMR,RG,3670,1,D,YP,IF,D
10:21:54,JSMR,RG,3670,50,D,YP,PD,D
10:20:23,JSMR,RG,3680,25,D,KK,LG,D
10:20:11,JSMR,RG,3680,4,D,BB,LG,D
10:17:28,JSMR,RG,3670,1,D,YP,NI,D
10:13:05,JSMR,RG,3680,4,D,BB,LG,D
10:10:13,JSMR,RG,3670,27,D,YP,KK,D
10:09:56,JSMR,RG,3670,3,D,YP,KK,D
10:08:17,JSMR,RG,3670,1,D,YP,PD,D
10:07:37,JSMR,RG,3680,50,D,YP,LG,D
10:05:58,JSMR,RG,3680,4,D,BB,LG,D
10:05:30,JSMR,RG,3670,5,D,YP,XC,D
10:05:01,JSMR,RG,3670,1,D,YP,XC,D
10:04:28,JSMR,RG,3670,40,D,YP,YB,D
10:04:28,JSMR,RG,3670,1,D,YP,YB,D
10:04:28,JSMR,RG,3670,6,D,CC,YB,D
10:04:28,JSMR,RG,3670,153,D,DR,YB,D
10:03:33,JSMR,RG,3670,20,D,DR,OD,D
10:03:28,JSMR,RG,3680,2,D,XL,LG,D
10:02:51,JSMR,RG,3670,27,D,DR,CC,D
10:02:51,JSMR,RG,3670,1,D,PD,CC,D
10:02:51,JSMR,RG,3670,6,D,XC,CC,D
10:02:51,JSMR,RG,3670,1,D,YP,CC,D
10:02:51,JSMR,RG,3670,65,D,KK,CC,D
10:02:50,JSMR,RG,3670,1,D,KK,CC,D
10:00:50,JSMR,RG,3670,1,D,KK,YP,D
10:00:48,JSMR,RG,3680,1,D,NI,LG,D
09:59:48,JSMR,RG,3680,28,D,CC,LG,D
09:59:40,JSMR,RG,3680,1,D,CC,LG,D
09:59:04,JSMR,RG,3680,4,D,BB,LG,D
09:57:49,JSMR,RG,3680,2,D,XC,LG,D
09:56:47,JSMR,RG,3680,20,D,XC,LG,D
09:55:50,JSMR,RG,3680,2,D,DH,LG,D
09:54:46,JSMR,RG,3680,2,D,NI,LG,D
09:54:27,JSMR,RG,3670,11,D,KK,CC,D
09:54:00,JSMR,RG,3680,1,D,LG,LG,D
09:51:56,JSMR,RG,3680,4,D,BB,LG,D
09:51:46,JSMR,RG,3670,6,D,KK,YP,D
09:51:34,JSMR,RG,3670,1,D,KK,CC,D
09:51:00,JSMR,RG,3680,1,D,IF,LG,D
09:45:57,JSMR,RG,3680,1,D,XC,LG,D
09:45:47,JSMR,RG,3680,9,D,NI,LG,D
09:44:50,JSMR,RG,3680,2,D,BB,LG,D
09:44:06,JSMR,RG,3670,5,D,KK,YB,D
09:43:24,JSMR,RG,3680,2,D,OD,LG,D
09:42:52,JSMR,RG,3680,3,D,DR,LG,D
09:42:43,JSMR,RG,3680,8,D,EP,LG,D
09:41:36,JSMR,RG,3670,10,D,KK,YB,D
09:41:02,JSMR,RG,3670,1,D,YB,XC,D
09:39:53,JSMR,RG,3680,1,D,PD,LG,D
09:39:23,JSMR,RG,3680,2,D,PD,LG,D
09:38:26,JSMR,RG,3680,10,D,OD,LG,D
09:37:14,JSMR,RG,3680,1,D,PD,LG,D
09:37:14,JSMR,RG,3680,1,D,BB,LG,D
09:37:14,JSMR,RG,3680,8,D,YP,LG,D
09:37:14,JSMR,RG,3680,5,D,PD,LG,D
09:37:14,JSMR,RG,3680,3,D,NI,LG,D
09:37:14,JSMR,RG,3680,2,D,PD,LG,D
09:37:14,JSMR,RG,3680,20,D,YP,LG,D
09:37:14,JSMR,RG,3680,1,D,YP,LG,D
09:37:14,JSMR,RG,3680,9,D,NI,LG,D
09:37:14,JSMR,RG,3680,10,D,YP,LG,D
09:37:13,JSMR,RG,3680,130,D,YP,LG,D
09:37:13,JSMR,RG,3680,2,D,XL,LG,D
09:37:13,JSMR,RG,3680,2,D,CC,LG,D
09:37:13,JSMR,RG,3680,25,D,YB,LG,D
09:37:13,JSMR,RG,3680,15,D,XC,LG,D
09:37:13,JSMR,RG,3680,16,F,BK,LG,D
09:37:13,JSMR,RG,3680,3,D,OD,LG,D
09:37:13,JSMR,RG,3680,20,D,OD,LG,D
09:37:13,JSMR,RG,3680,3,D,KK,LG,D
09:37:13,JSMR,RG,3680,1,D,AZ,LG,D
09:37:13,JSMR,RG,3680,1,D,XL,LG,D
09:37:13,JSMR,RG,3680,99,D,IF,LG,D
09:37:13,JSMR,RG,3680,5,D,JB,LG,D
09:37:13,JSMR,RG,3680,2,D,YU,LG,D
09:37:13,JSMR,RG,3680,5,D,NI,LG,D
09:37:13,JSMR,RG,3680,5,D,CC,LG,D
09:37:13,JSMR,RG,3680,3,D,NI,LG,D
09:37:13,JSMR,RG,3680,100,D,CC,LG,D
09:37:13,JSMR,RG,3680,1,D,PD,LG,D
09:37:13,JSMR,RG,3680,15,D,YP,LG,D
09:37:13,JSMR,RG,3680,1,D,YP,LG,D
09:37:13,JSMR,RG,3680,7,D,EP,LG,D
09:36:04,JSMR,RG,3690,2,D,PD,LG,D
09:35:29,JSMR,RG,3690,3,D,PD,LG,D
09:34:54,JSMR,RG,3690,2,D,PD,LG,D
09:34:20,JSMR,RG,3690,2,D,PD,LG,D
09:33:45,JSMR,RG,3690,2,D,PD,LG,D
09:33:10,JSMR,RG,3690,2,D,PD,LG,D
09:32:36,JSMR,RG,3690,2,D,PD,LG,D
09:32:22,JSMR,RG,3690,1,D,PD,LG,D
09:32:06,JSMR,RG,3680,5,D,EP,KK,D
09:32:06,JSMR,RG,3680,25,D,DH,KK,D
09:32:01,JSMR,RG,3690,2,D,PD,LG,D
09:31:58,JSMR,RG,3690,10,F,NI,LG,D
09:31:58,JSMR,RG,3690,20,D,YP,LG,D
09:31:50,JSMR,RG,3690,1,D,PD,LG,D
09:31:49,JSMR,RG,3690,20,D,YP,LG,D
09:30:54,JSMR,RG,3690,10,D,YP,LG,D
09:30:54,JSMR,RG,3690,5,D,BB,LG,D
09:30:54,JSMR,RG,3690,5,D,KK,LG,D
09:30:54,JSMR,RG,3690,13,F,BK,LG,D
09:30:54,JSMR,RG,3690,20,D,YP,LG,D
09:30:54,JSMR,RG,3690,100,D,NI,LG,D
09:30:54,JSMR,RG,3690,1,D,NI,LG,D
09:30:54,JSMR,RG,3690,201,F,CC,LG,D
09:30:54,JSMR,RG,3690,2,D,PD,LG,D
09:30:54,JSMR,RG,3690,1,D,YP,LG,D
09:30:52,JSMR,RG,3700,2,D,PD,TF,D
09:30:17,JSMR,RG,3700,2,D,PD,TF,D
09:29:43,JSMR,RG,3700,2,D,PD,TF,D
09:29:08,JSMR,RG,3700,2,D,PD,TF,D
09:28:34,JSMR,RG,3700,2,D,PD,TF,D
09:27:59,JSMR,RG,3700,2,D,PD,TF,D
09:27:34,JSMR,RG,3700,1,D,PD,TF,D
09:27:24,JSMR,RG,3700,2,D,PD,TF,D
09:27:10,JSMR,RG,3700,20,D,YP,TF,D
09:27:08,JSMR,RG,3700,20,D,YP,TF,D
09:27:04,JSMR,RG,3700,20,D,YP,TF,D
09:26:50,JSMR,RG,3700,2,D,PD,TF,D
09:26:15,JSMR,RG,3700,2,D,PD,TF,D
09:25:45,JSMR,RG,3690,2,D,CC,CC,D
09:25:36,JSMR,RG,3690,1,D,YP,CC,D
09:25:24,JSMR,RG,3690,2,D,XC,CC,D
09:25:24,JSMR,RG,3690,20,D,YU,CC,D
09:25:22,JSMR,RG,3690,10,D,YU,CC,D
09:25:09,JSMR,RG,3690,2,D,YU,AK,F
09:25:08,JSMR,RG,3690,18,D,YU,AK,F
09:25:08,JSMR,RG,3690,1,D,XL,AK,F
09:25:08,JSMR,RG,3690,1,D,PD,AK,F
09:25:08,JSMR,RG,3690,2,D,PD,AK,F
09:25:08,JSMR,RG,3690,3,D,YP,AK,F
09:25:08,JSMR,RG,3690,1,D,YP,AK,F
09:25:08,JSMR,RG,3690,2,D,DH,AK,F
09:25:08,JSMR,RG,3690,25,D,DH,BK,F
09:25:08,JSMR,RG,3690,10,D,SQ,BK,F
09:25:08,JSMR,RG,3690,14,D,OD,BK,F
09:25:08,JSMR,RG,3690,1,D,LG,BK,F
09:25:08,JSMR,RG,3690,1,D,DH,BK,F
09:25:07,JSMR,RG,3700,2,D,PD,TF,D
09:25:07,JSMR,RG,3700,3,D,BB,TF,D
09:25:07,JSMR,RG,3700,15,F,BK,TF,D
09:25:03,JSMR,RG,3700,1,D,YP,AK,F
09:25:03,JSMR,RG,3700,6,D,EP,AK,F
09:25:03,JSMR,RG,3700,17,F,CC,AK,F
09:25:03,JSMR,RG,3700,1,D,CC,AK,F
09:25:03,JSMR,RG,3700,2,D,YP,AK,F
09:25:03,JSMR,RG,3700,25,D,DR,AK,F
09:25:03,JSMR,RG,3700,8,D,BB,AK,F
09:25:03,JSMR,RG,3700,41,F,BK,AK,F
09:25:03,JSMR,RG,3700,1,D,PD,AK,F
09:25:03,JSMR,RG,3700,1,D,PD,AK,F
09:25:03,JSMR,RG,3700,342,D,NI,AK,F
09:25:03,JSMR,RG,3700,200,D,NI,DR,D
09:24:46,JSMR,RG,3710,1,D,YP,GR,D
09:24:33,JSMR,RG,3700,25,D,NI,CC,D
09:24:31,JSMR,RG,3710,2,D,PD,GR,D
09:24:28,JSMR,RG,3700,15,D,NI,AK,F
09:24:25,JSMR,RG,3700,219,D,NI,YP,D
09:24:08,JSMR,RG,3700,4,D,NI,AK,F
09:24:07,JSMR,RG,3700,30,D,NI,PD,D
09:23:57,JSMR,RG,3710,2,D,PD,GR,D
09:23:51,JSMR,RG,3700,2,D,NI,AK,F
09:23:22,JSMR,RG,3710,2,D,PD,GR,D
09:22:47,JSMR,RG,3710,2,D,PD,GR,D
09:22:13,JSMR,RG,3710,2,D,PD,GR,D
09:21:38,JSMR,RG,3710,2,D,PD,GR,D
09:21:05,JSMR,RG,3710,1,D,LH,GR,D
09:21:04,JSMR,RG,3710,2,D,PD,GR,D
09:20:29,JSMR,RG,3710,2,D,PD,GR,D
09:20:07,JSMR,RG,3710,14,D,DH,GR,D
09:19:54,JSMR,RG,3710,2,D,PD,GR,D
09:19:20,JSMR,RG,3710,2,D,PD,GR,D
09:18:45,JSMR,RG,3710,2,D,PD,GR,D
09:18:15,JSMR,RG,3710,2,D,BB,GR,D
09:18:10,JSMR,RG,3710,2,D,PD,GR,D
09:17:36,JSMR,RG,3710,2,D,PD,GR,D
09:17:32,JSMR,RG,3700,1,D,NI,NI,D
09:17:32,JSMR,RG,3700,2,D,NI,PD,D
09:17:32,JSMR,RG,3700,5,D,NI,DR,D
09:17:32,JSMR,RG,3700,7,D,NI,NI,D
09:17:32,JSMR,RG,3700,12,D,NI,RX,D
09:17:32,JSMR,RG,3700,5,D,NI,YP,D
09:17:32,JSMR,RG,3700,14,D,NI,KK,D
09:17:32,JSMR,RG,3700,1,D,NI,CC,D
09:17:32,JSMR,RG,3700,11,D,NI,RX,D
09:17:32,JSMR,RG,3700,10,D,NI,YB,D
09:17:32,JSMR,RG,3700,10,D,NI,PD,D
09:17:32,JSMR,RG,3700,1,D,NI,PD,D
09:17:32,JSMR,RG,3700,13,D,NI,RX,D
09:17:32,JSMR,RG,3700,36,D,NI,BK,F
09:17:32,JSMR,RG,3700,19,D,NI,RX,D
09:17:32,JSMR,RG,3700,14,D,NI,BK,F
09:17:32,JSMR,RG,3700,2,D,NI,XC,D
09:17:16,JSMR,RG,3700,1,D,CC,XC,D
09:17:16,JSMR,RG,3700,19,D,CC,CC,D
09:17:11,JSMR,RG,3700,1,D,YP,CC,D
09:17:01,JSMR,RG,3700,2,D,PD,CC,D
09:16:27,JSMR,RG,3700,1,D,PD,CC,D
09:16:21,JSMR,RG,3700,1,D,XC,CC,D
09:16:16,JSMR,RG,3700,1,D,YP,CC,D
09:16:06,JSMR,RG,3700,1,D,YP,CC,D
09:16:02,JSMR,RG,3690,1,D,PD,XL,D
09:15:52,JSMR,RG,3700,2,D,PD,CC,D
09:15:41,JSMR,RG,3700,10,D,NI,CC,D
09:15:28,JSMR,RG,3700,1,D,YP,CC,D
09:15:28,JSMR,RG,3690,1,D,YP,YB,D
09:15:18,JSMR,RG,3700,1,D,YP,CC,D
09:15:17,JSMR,RG,3700,2,D,PD,CC,D
09:14:43,JSMR,RG,3700,2,D,PD,CC,D
09:14:10,JSMR,RG,3690,1,D,YP,XC,D
09:14:08,JSMR,RG,3700,2,D,PD,CC,D
09:14:06,JSMR,RG,3690,3,D,YP,PD,D
09:13:55,JSMR,RG,3700,79,D,PD,CC,D
09:13:55,JSMR,RG,3700,21,D,PD,DR,D
09:13:39,JSMR,RG,3690,10,D,YP,AK,F
09:13:34,JSMR,RG,3700,2,D,PD,DR,D
09:13:02,JSMR,RG,3690,4,F,CC,BK,F
09:13:02,JSMR,RG,3690,2,F,CC,CC,D
09:13:02,JSMR,RG,3690,30,F,CC,DR,D
09:13:02,JSMR,RG,3690,5,F,CC,YP,D
09:12:59,JSMR,RG,3690,2,D,PD,YP,D
09:12:35,JSMR,RG,3690,3,D,NI,YP,D
09:12:35,JSMR,RG,3690,1,D,NI,CC,D
09:12:35,JSMR,RG,3690,10,D,NI,YP,D
09:12:35,JSMR,RG,3690,9,D,NI,RX,D
09:12:35,JSMR,RG,3690,50,D,NI,GR,D
09:12:35,JSMR,RG,3690,2,D,NI,NI,D
09:12:35,JSMR,RG,3690,13,D,NI,BK,F
09:12:35,JSMR,RG,3690,1,D,NI,YP,D
09:12:35,JSMR,RG,3690,11,D,NI,RX,D
09:12:25,JSMR,RG,3690,1,D,CC,RX,D
09:12:24,JSMR,RG,3690,2,D,PD,RX,D
09:11:50,JSMR,RG,3690,1,D,PD,RX,D
09:11:50,JSMR,RG,3690,1,D,PD,PD,D
09:11:43,JSMR,RG,3680,3,D,DH,RX,D
09:11:43,JSMR,RG,3680,2,D,PG,RX,D
09:11:39,JSMR,RG,3690,29,D,XC,CC,D
09:11:15,JSMR,RG,3690,2,D,PD,CC,D
09:10:53,JSMR,RG,3680,4,D,PG,RX,D
09:10:51,JSMR,RG,3690,50,D,LG,CC,D
09:10:40,JSMR,RG,3690,2,D,PD,CC,D
09:10:21,JSMR,RG,3690,10,D,YP,CC,D
09:10:06,JSMR,RG,3690,2,D,PD,CC,D
09:09:31,JSMR,RG,3690,2,D,PD,CC,D
09:09:19,JSMR,RG,3680,3,D,PG,PD,D
09:09:16,JSMR,RG,3680,13,D,PG,DR,D
09:09:03,JSMR,RG,3690,3,D,SQ,CC,D
09:09:03,JSMR,RG,3690,5,D,SQ,RX,D
09:08:57,JSMR,RG,3690,2,D,PD,RX,D
09:08:40,JSMR,RG,3690,2,D,OD,RX,D
09:08:40,JSMR,RG,3690,8,D,OD,NI,D
09:08:35,JSMR,RG,3680,7,D,PG,CC,D
09:08:22,JSMR,RG,3690,2,D,PD,NI,D
09:08:09,JSMR,RG,3690,1,D,EP,NI,D
09:07:49,JSMR,RG,3690,40,D,SQ,NI,D
09:07:47,JSMR,RG,3690,2,D,PD,RX,D
09:07:45,JSMR,RG,3690,3,D,YU,RX,D
09:07:13,JSMR,RG,3690,1,D,PD,RX,D
09:07:13,JSMR,RG,3690,1,D,PD,YB,D
09:07:03,JSMR,RG,3690,10,D,OD,YB,D
09:07:01,JSMR,RG,3690,9,D,KK,YB,D
09:07:01,JSMR,RG,3690,1,D,KK,BK,F
09:06:52,JSMR,RG,3690,12,D,YP,BK,F
09:06:52,JSMR,RG,3690,11,D,YP,RX,D
09:06:52,JSMR,RG,3690,7,D,YP,XC,D
09:06:38,JSMR,RG,3690,2,D,PD,XC,D
09:06:24,JSMR,RG,3680,7,D,PG,RX,D
09:06:22,JSMR,RG,3680,14,D,PG,YB,D
09:06:22,JSMR,RG,3680,1,D,YP,YB,D
09:06:22,JSMR,RG,3680,10,D,IF,YB,D
09:05:53,JSMR,RG,3690,5,D,CC,XC,D
09:05:53,JSMR,RG,3690,1,D,PD,XC,D
09:05:21,JSMR,RG,3690,25,D,YP,BK,F
09:05:21,JSMR,RG,3690,25,D,YP,RX,D
09:05:05,JSMR,RG,3690,2,D,YU,RX,D
09:04:49,JSMR,RG,3690,3,D,YP,RX,D
09:04:46,JSMR,RG,3690,7,D,YP,EP,D
09:04:46,JSMR,RG,3690,10,D,XL,EP,D
09:04:46,JSMR,RG,3690,5,D,PD,EP,D
09:04:46,JSMR,RG,3690,2,D,XC,EP,D
09:04:46,JSMR,RG,3690,1,D,XL,EP,D
09:04:46,JSMR,RG,3690,1,D,XC,EP,D
09:04:46,JSMR,RG,3690,5,D,YP,EP,D
09:04:46,JSMR,RG,3690,10,D,DX,EP,D
09:04:46,JSMR,RG,3690,10,D,YP,EP,D
09:04:46,JSMR,RG,3690,1,D,BB,EP,D
09:04:46,JSMR,RG,3690,15,F,BK,EP,D
09:04:46,JSMR,RG,3690,1,D,YP,EP,D
09:04:46,JSMR,RG,3690,65,D,EP,EP,D
09:04:46,JSMR,RG,3690,1,D,YP,EP,D
09:04:46,JSMR,RG,3690,1,D,XC,EP,D
09:04:46,JSMR,RG,3690,1,D,XC,EP,D
09:04:46,JSMR,RG,3690,4,D,CC,EP,D
09:04:46,JSMR,RG,3690,1,D,ZP,EP,D
09:04:46,JSMR,RG,3690,4,D,PD,EP,D
09:04:46,JSMR,RG,3690,1,D,YP,EP,D
09:04:46,JSMR,RG,3690,1,D,YP,EP,D
09:04:46,JSMR,RG,3690,20,D,OD,EP,D
09:04:28,JSMR,RG,3690,1,D,AZ,RX,D
09:04:26,JSMR,RG,3690,2,D,AZ,AK,F
09:04:26,JSMR,RG,3690,4,D,AZ,AK,F
09:04:26,JSMR,RG,3690,1,D,KK,AK,F
09:04:26,JSMR,RG,3690,2,D,AT,AK,F
09:04:25,JSMR,RG,3690,1,D,AT,RX,D
09:04:25,JSMR,RG,3690,3,D,GR,RX,D
09:04:25,JSMR,RG,3690,12,D,JB,RX,D
09:04:22,JSMR,RG,3690,30,D,JB,DR,D
09:04:14,JSMR,RG,3700,1,D,NI,DR,D
09:04:07,JSMR,RG,3700,1,D,YP,DR,D
09:03:13,JSMR,RG,3700,12,D,XC,DR,D
09:02:46,JSMR,RG,3700,13,D,NI,DR,D
09:02:46,JSMR,RG,3700,2,D,NI,RX,D
09:02:46,JSMR,RG,3700,1,D,NI,BK,F
09:02:40,JSMR,RG,3700,1,D,CC,BK,F
09:01:18,JSMR,RG,3700,10,D,SQ,BK,F
09:01:18,JSMR,RG,3700,7,D,SQ,RX,D
09:01:16,JSMR,RG,3700,2,D,OD,RX,D
09:01:16,JSMR,RG,3700,48,D,OD,CC,D
09:01:16,JSMR,RG,3700,5,D,NI,CC,D
09:01:16,JSMR,RG,3700,12,F,BK,CC,D
09:01:16,JSMR,RG,3700,35,D,PG,CC,D
09:01:11,JSMR,RG,3700,5,D,PG,YP,D
09:01:11,JSMR,RG,3700,3,D,PG,RX,D
09:01:11,JSMR,RG,3700,7,D,PG,BK,F
09:01:07,JSMR,RG,3700,6,D,OD,BK,F
09:01:07,JSMR,RG,3700,4,D,OD,RX,D
09:01:03,JSMR,RG,3700,2,D,DH,RX,D
09:01:03,JSMR,RG,3700,14,D,DH,BK,F
09:01:03,JSMR,RG,3700,7,D,DH,RX,D
09:01:03,JSMR,RG,3700,7,D,DH,RX,D
09:00:39,JSMR,RG,3700,5,D,LG,RX,D
09:00:38,JSMR,RG,3700,10,D,LG,RX,D
09:00:38,JSMR,RG,3700,20,D,LG,MI,D
09:00:17,JSMR,RG,3710,1,D,YP,GR,D
09:00:17,JSMR,RG,3710,1,D,YP,GR,D
09:00:17,JSMR,RG,3710,1,D,YP,GR,D
09:00:17,JSMR,RG,3700,2,F,BK,RX,D
09:00:15,JSMR,RG,3700,1,D,YP,RX,D
09:00:15,JSMR,RG,3700,1,D,YP,RX,D
09:00:15,JSMR,RG,3700,1,D,YP,RX,D
09:00:11,JSMR,RG,3700,2,D,EP,RX,D
09:00:11,JSMR,RG,3700,1,D,EP,XA,D
09:00:10,JSMR,RG,3700,1,D,EP,AK,F
09:00:10,JSMR,RG,3700,6,D,EP,RX,D
09:00:09,JSMR,RG,3700,2,D,EP,AK,F
09:00:04,JSMR,RG,3710,1,D,YP,GR,D
09:00:04,JSMR,RG,3710,1,D,YP,GR,D
09:00:04,JSMR,RG,3710,1,D,YP,GR,D
09:00:04,JSMR,RG,3710,1,D,YP,GR,D
09:00:04,JSMR,RG,3710,11,D,YP,GR,D
09:00:04,JSMR,RG,3710,1,D,YP,GR,D
09:00:04,JSMR,RG,3710,1,D,YP,GR,D
09:00:04,JSMR,RG,3710,1,D,YP,GR,D
09:00:04,JSMR,RG,3700,1,D,YP,YP,D
09:00:04,JSMR,RG,3690,1,D,JB,YP,D
09:00:04,JSMR,RG,3700,1,D,YP,YP,D
09:00:04,JSMR,RG,3710,1,D,YP,YB,D
09:00:03,JSMR,RG,3690,7,D,JB,OD,D
09:00:03,JSMR,RG,3690,15,D,YB,OD,D
09:00:03,JSMR,RG,3700,8,D,SQ,OD,D
09:00:00,JSMR,RG,3690,13,D,YB,BK,F
09:00:00,JSMR,RG,3690,26,D,YB,MG,D
