Time,Stock,Brd,Price,Qty,BT,BC,SC,ST
15:11:22,JSMR,RG,3290,5,D,CC,SQ,D
15:03:36,JSMR,RG,3290,1,D,XL,SQ,D
15:00:00,JSMR,RG,3290,1,D,YP,SQ,D
15:00:00,JSMR,RG,3290,1,D,XC,SQ,D
15:00:00,JSMR,RG,3290,7,D,KK,SQ,D
15:00:00,JSMR,RG,3290,41,D,YU,SQ,D
15:00:00,JSMR,RG,3290,2,D,YU,YP,D
15:00:00,JSMR,RG,3290,1,D,YU,MG,D
15:00:00,JSMR,RG,3290,10,D,YU,YP,D
15:00:00,JSMR,RG,3290,30,D,YU,PD,D
15:00:00,JSMR,RG,3290,30,D,YU,YP,D
15:00:00,JSMR,RG,3290,4,D,YU,YP,D
15:00:00,JSMR,RG,3290,6,D,YU,XC,D
15:00:00,JSMR,RG,3290,250,D,YU,SQ,D
15:00:00,JSMR,RG,3290,10,D,YU,CC,D
15:00:00,JSMR,RG,3290,300,D,YU,YP,D
15:00:00,JSMR,RG,3290,10,D,YU,YP,D
15:00:00,JSMR,RG,3290,10,D,YU,YP,D
15:00:00,JSMR,RG,3290,200,D,YU,DR,D
15:00:00,JSMR,RG,3290,129,D,YU,SQ,D
15:00:00,JSMR,RG,3290,662,D,YU,YP,D
15:00:00,JSMR,RG,3290,1,D,YP,YP,D
15:00:00,JSMR,RG,3290,37,F,BK,YP,D
15:00:00,JSMR,RG,3290,146,F,BK,LS,D
15:00:00,JSMR,RG,3290,1,F,AK,LS,D
15:00:00,JSMR,RG,3290,53,D,PD,LS,D
15:00:00,JSMR,RG,3290,50,D,PD,DX,D
15:00:00,JSMR,RG,3290,266,D,PD,ZP,F
14:49:59,JSMR,RG,3290,36,D,XC,SQ,D
14:49:31,JSMR,RG,3290,8,D,CC,SQ,D
14:49:16,JSMR,RG,3290,327,D,AK,SQ,D
14:49:16,JSMR,RG,3290,200,D,AK,LG,D
14:49:16,JSMR,RG,3290,223,D,AK,SQ,D
14:48:59,JSMR,RG,3280,4,D,YU,AK,F
14:48:59,JSMR,RG,3280,2,D,YU,AK,F
14:48:59,JSMR,RG,3280,1,D,YU,AK,F
14:48:59,JSMR,RG,3280,1,D,YU,AK,F
14:48:59,JSMR,RG,3280,1,D,YU,AK,F
14:48:59,JSMR,RG,3280,1,D,YU,AK,F
14:47:30,JSMR,RG,3280,1,D,YU,GR,D
14:46:54,JSMR,RG,3280,46,D,YU,XC,D
14:46:03,JSMR,RG,3280,10,D,YU,CC,D
14:45:32,JSMR,RG,3280,50,D,YU,IF,D
14:45:23,JSMR,RG,3280,87,D,YU,MU,D
14:44:33,JSMR,RG,3280,50,D,YU,IF,D
14:44:18,JSMR,RG,3280,8,D,YU,PD,D
14:43:50,JSMR,RG,3280,50,D,YU,IF,D
14:43:50,JSMR,RG,3280,150,D,YU,XC,D
14:43:50,JSMR,RG,3280,10,D,YU,EP,D
14:43:50,JSMR,RG,3280,7,D,YU,AK,F
14:43:50,JSMR,RG,3280,26,D,YU,LG,D
14:43:28,JSMR,RG,3280,250,D,AK,LG,D
14:43:01,JSMR,RG,3280,2,D,XL,LG,D
14:42:56,JSMR,RG,3280,3,D,YP,LG,D
14:42:56,JSMR,RG,3280,200,D,YU,LG,D
14:42:56,JSMR,RG,3280,2,D,XC,LG,D
14:42:56,JSMR,RG,3280,1,D,XL,LG,D
14:42:56,JSMR,RG,3280,300,D,YU,LG,D
14:42:56,JSMR,RG,3280,1,F,CC,LG,D
14:42:56,JSMR,RG,3280,1,D,XL,LG,D
14:42:56,JSMR,RG,3280,500,D,AK,LG,D
14:42:56,JSMR,RG,3280,1,D,YP,LG,D
14:42:56,JSMR,RG,3280,61,F,BK,LG,D
14:41:57,JSMR,RG,3280,5,F,BK,PD,D
14:41:36,JSMR,RG,3280,3,F,BK,KK,D
14:39:46,JSMR,RG,3280,3,F,BK,PD,D
14:38:45,JSMR,RG,3280,1,F,BK,XL,D
14:38:36,JSMR,RG,3280,20,F,BK,YP,D
14:37:36,JSMR,RG,3280,2,F,BK,PD,D
14:37:01,JSMR,RG,3280,22,F,BK,DX,D
14:37:01,JSMR,RG,3280,8,D,YP,DX,D
14:35:21,JSMR,RG,3280,12,D,YP,AK,F
14:35:12,JSMR,RG,3280,121,D,YU,AK,F
14:35:12,JSMR,RG,3280,65,D,YU,KI,D
14:35:12,JSMR,RG,3280,64,D,YU,KI,D
14:35:12,JSMR,RG,3280,12,D,YU,AK,F
14:35:12,JSMR,RG,3280,11,D,YU,AK,F
14:35:12,JSMR,RG,3280,5,D,YU,YP,D
14:35:12,JSMR,RG,3280,15,D,YU,IF,D
14:35:12,JSMR,RG,3280,4,D,YU,CC,D
14:35:12,JSMR,RG,3280,3,D,YU,YU,D
14:35:08,JSMR,RG,3270,50,D,YB,PD,D
14:35:06,JSMR,RG,3270,10,D,YB,NI,D
14:34:08,JSMR,RG,3270,3,D,YB,CC,D
14:32:58,JSMR,RG,3280,5,D,AZ,YU,D
14:31:56,JSMR,RG,3280,17,D,YU,YU,D
14:31:56,JSMR,RG,3280,50,D,YU,IF,D
14:31:56,JSMR,RG,3280,42,D,YU,AK,F
14:31:56,JSMR,RG,3280,15,D,YU,AK,F
14:31:56,JSMR,RG,3280,476,D,YU,LG,D
14:31:33,JSMR,RG,3270,116,D,YB,ZP,D
14:31:33,JSMR,RG,3270,10,D,YP,ZP,D
14:31:33,JSMR,RG,3270,1,D,XC,ZP,D
14:31:33,JSMR,RG,3270,2,D,YP,ZP,D
14:31:33,JSMR,RG,3270,1,D,KK,ZP,D
14:31:33,JSMR,RG,3270,2,D,AG,ZP,D
14:31:33,JSMR,RG,3270,37,D,SQ,ZP,D
14:31:33,JSMR,RG,3270,5,D,YU,ZP,D
14:31:33,JSMR,RG,3270,2,D,PD,ZP,D
14:31:33,JSMR,RG,3270,3,D,PD,ZP,D
14:31:33,JSMR,RG,3270,2,D,YP,ZP,D
14:31:33,JSMR,RG,3270,1,D,YP,ZP,D
14:31:33,JSMR,RG,3270,1,D,PD,ZP,D
14:31:33,JSMR,RG,3270,5,D,PD,ZP,D
14:31:33,JSMR,RG,3270,2,D,PD,ZP,D
14:31:33,JSMR,RG,3270,1,D,KK,ZP,D
14:31:33,JSMR,RG,3270,1,D,YP,ZP,D
14:31:33,JSMR,RG,3270,8,D,EP,ZP,D
14:31:28,JSMR,RG,3270,1,D,GR,PD,D
14:29:57,JSMR,RG,3280,1,D,YP,LG,D
14:29:57,JSMR,RG,3280,1,D,CC,LG,D
14:29:57,JSMR,RG,3280,300,D,YU,LG,D
14:29:57,JSMR,RG,3280,500,D,AK,LG,D
14:29:57,JSMR,RG,3280,72,D,YU,LG,D
14:29:18,JSMR,RG,3280,200,D,YU,MG,D
14:28:41,JSMR,RG,3280,78,D,YU,LG,D
14:28:41,JSMR,RG,3280,1,D,XC,LG,D
14:28:41,JSMR,RG,3280,10,D,DR,LG,D
14:28:41,JSMR,RG,3280,1,D,YP,LG,D
14:28:41,JSMR,RG,3280,5,D,TP,LG,D
14:28:41,JSMR,RG,3280,1,D,YP,LG,D
14:28:41,JSMR,RG,3280,78,D,YU,LG,D
14:28:21,JSMR,RG,3290,39,D,YP,SQ,D
14:28:09,JSMR,RG,3290,2,D,CC,SQ,D
14:27:06,JSMR,RG,3280,30,D,YU,PD,D
14:26:18,JSMR,RG,3290,1,F,AK,SQ,D
14:26:17,JSMR,RG,3280,20,D,YU,YP,D
14:25:48,JSMR,RG,3280,25,D,YU,PD,D
14:24:32,JSMR,RG,3280,18,D,YU,KK,D
14:21:34,JSMR,RG,3280,39,D,YU,DH,D
14:21:34,JSMR,RG,3280,15,D,CC,DH,D
14:21:34,JSMR,RG,3280,66,D,AK,DH,D
14:20:27,JSMR,RG,3280,10,D,AK,PD,D
14:20:24,JSMR,RG,3280,10,D,AK,PD,D
14:20:17,JSMR,RG,3280,61,D,AK,GR,D
14:20:16,JSMR,RG,3280,1,D,AK,NI,D
14:20:14,JSMR,RG,3280,7,D,AK,DR,D
14:19:23,JSMR,RG,3280,1,D,AK,SQ,D
14:18:51,JSMR,RG,3280,6,D,AK,YP,D
14:18:22,JSMR,RG,3280,338,D,AK,AZ,D
14:18:22,JSMR,RG,3280,8,D,YP,AZ,D
14:18:22,JSMR,RG,3280,1,D,YP,AZ,D
14:18:22,JSMR,RG,3280,1,D,YP,AZ,D
14:18:22,JSMR,RG,3280,1,D,YP,AZ,D
14:18:22,JSMR,RG,3280,51,D,YU,AZ,D
14:16:24,JSMR,RG,3280,2,D,YU,CC,D
14:15:41,JSMR,RG,3280,50,D,YU,PD,D
14:15:24,JSMR,RG,3280,1,D,YU,PG,D
14:15:06,JSMR,RG,3280,286,D,YU,LG,D
14:15:06,JSMR,RG,3280,2,D,NI,LG,D
14:15:06,JSMR,RG,3280,300,D,AK,LG,D
14:15:06,JSMR,RG,3280,2,D,PD,LG,D
14:15:06,JSMR,RG,3280,5,D,CC,LG,D
14:15:06,JSMR,RG,3280,4,D,YP,LG,D
14:15:06,JSMR,RG,3280,6,D,XC,LG,D
14:15:06,JSMR,RG,3280,1,D,YP,LG,D
14:15:06,JSMR,RG,3280,10,D,EP,LG,D
14:15:06,JSMR,RG,3280,1,D,DR,LG,D
14:15:06,JSMR,RG,3280,10,D,YP,LG,D
14:15:06,JSMR,RG,3280,100,D,AK,LG,D
14:15:06,JSMR,RG,3280,1,D,PD,LG,D
14:15:06,JSMR,RG,3280,1,D,NI,LG,D
14:15:06,JSMR,RG,3280,1,D,CC,LG,D
14:15:06,JSMR,RG,3280,1,D,SQ,LG,D
14:15:06,JSMR,RG,3280,100,D,XL,LG,D
14:15:06,JSMR,RG,3280,100,D,AK,LG,D
14:15:06,JSMR,RG,3280,1,D,PD,LG,D
14:15:06,JSMR,RG,3280,7,D,NI,LG,D
14:15:06,JSMR,RG,3280,20,D,LG,LG,D
14:15:06,JSMR,RG,3280,1,D,XL,LG,D
14:15:06,JSMR,RG,3280,150,D,YU,LG,D
14:15:06,JSMR,RG,3280,1,D,YP,LG,D
14:15:06,JSMR,RG,3280,2,D,NI,LG,D
14:15:06,JSMR,RG,3280,1,D,DR,LG,D
14:15:06,JSMR,RG,3280,6,D,EP,LG,D
14:15:06,JSMR,RG,3280,5,D,DR,LG,D
14:15:06,JSMR,RG,3280,20,D,PD,LG,D
14:15:06,JSMR,RG,3280,1,D,GR,LG,D
14:15:06,JSMR,RG,3280,10,D,PD,LG,D
14:14:45,JSMR,RG,3290,1,D,YP,SQ,D
14:12:42,JSMR,RG,3290,500,D,YU,SQ,D
14:12:12,JSMR,RG,3290,234,F,BK,SQ,D
14:12:12,JSMR,RG,3290,4,F,BK,DR,D
14:12:12,JSMR,RG,3290,3,F,BK,YP,D
14:12:12,JSMR,RG,3290,50,F,BK,IF,D
14:12:12,JSMR,RG,3290,1,F,BK,AT,D
14:12:12,JSMR,RG,3290,1,F,BK,XC,D
14:12:12,JSMR,RG,3290,10,F,BK,LG,D
14:12:12,JSMR,RG,3290,4,F,BK,KI,D
14:12:01,JSMR,RG,3280,1,D,EP,YP,D
14:12:01,JSMR,RG,3280,1,D,EP,YP,D
14:12:01,JSMR,RG,3280,1,D,CC,YP,D
14:12:01,JSMR,RG,3280,27,D,YP,YP,D
14:11:02,JSMR,RG,3290,30,D,DX,KI,D
14:10:55,JSMR,RG,3290,30,D,YB,KI,D
14:07:08,JSMR,RG,3290,102,F,BK,SQ,D
14:07:08,JSMR,RG,3290,148,D,YU,SQ,D
14:06:49,JSMR,RG,3290,1,D,YU,YP,D
14:06:49,JSMR,RG,3290,30,D,YU,KK,D
14:06:49,JSMR,RG,3290,25,D,YU,AK,F
14:06:49,JSMR,RG,3290,2,D,YU,CC,D
14:06:49,JSMR,RG,3290,50,D,YU,IF,D
14:06:49,JSMR,RG,3290,34,D,YU,SQ,D
14:04:15,JSMR,RG,3290,1,F,AK,SQ,D
14:04:15,JSMR,RG,3290,2,F,AK,SQ,D
14:04:15,JSMR,RG,3290,4,F,AK,SQ,D
14:04:15,JSMR,RG,3290,8,F,AK,SQ,D
14:04:15,JSMR,RG,3290,16,F,AK,SQ,D
14:04:15,JSMR,RG,3290,31,F,AK,SQ,D
14:04:15,JSMR,RG,3290,154,D,AK,SQ,D
14:04:15,JSMR,RG,3290,5,D,AK,YP,D
14:04:15,JSMR,RG,3290,88,D,AK,YP,D
14:03:44,JSMR,RG,3290,112,D,AK,YP,D
14:03:44,JSMR,RG,3290,50,D,AK,IF,D
14:03:44,JSMR,RG,3290,12,D,AK,AK,F
14:03:44,JSMR,RG,3290,30,D,AK,AI,D
14:03:44,JSMR,RG,3290,796,D,AK,SQ,D
14:03:43,JSMR,RG,3280,255,D,YP,YP,D
14:03:15,JSMR,RG,3280,75,D,YP,AK,F
14:01:17,JSMR,RG,3280,1,D,YP,NI,D
14:00:30,JSMR,RG,3280,10,D,YP,AK,F
13:59:41,JSMR,RG,3290,1,D,NI,SQ,D
13:59:39,JSMR,RG,3290,92,D,OD,SQ,D
13:59:37,JSMR,RG,3290,203,D,YU,SQ,D
13:59:37,JSMR,RG,3290,150,D,YU,SQ,D
13:59:37,JSMR,RG,3290,1,D,YP,SQ,D
13:59:37,JSMR,RG,3290,757,D,YU,SQ,D
13:59:30,JSMR,RG,3290,30,D,YU,NI,D
13:59:25,JSMR,RG,3290,1,D,YU,YP,D
13:59:06,JSMR,RG,3290,2,D,YU,YP,D
13:58:47,JSMR,RG,3290,50,D,YU,IF,D
13:58:42,JSMR,RG,3290,2,D,YU,PD,D
13:57:41,JSMR,RG,3290,1,D,YU,XC,D
13:57:35,JSMR,RG,3290,5,D,YU,YP,D
13:57:26,JSMR,RG,3290,152,D,YU,CC,D
13:57:26,JSMR,RG,3290,48,D,SQ,CC,D
13:56:55,JSMR,RG,3290,2,D,SQ,YP,D
13:56:34,JSMR,RG,3290,3,D,YU,NI,D
13:56:22,JSMR,RG,3280,160,D,YP,NI,D
13:56:15,JSMR,RG,3290,10,D,YU,AK,F
13:56:01,JSMR,RG,3290,300,D,AK,AK,F
13:56:01,JSMR,RG,3290,2,D,PD,AK,F
13:56:01,JSMR,RG,3290,15,D,EP,AK,F
13:56:01,JSMR,RG,3290,10,D,KK,AK,F
13:56:01,JSMR,RG,3290,304,D,LG,AK,F
13:56:01,JSMR,RG,3290,1,D,YP,AK,F
13:56:01,JSMR,RG,3290,200,D,YU,AK,F
13:56:01,JSMR,RG,3290,300,D,YU,AK,F
13:56:01,JSMR,RG,3290,1,D,XL,AK,F
13:56:01,JSMR,RG,3290,4,D,YP,AK,F
13:56:01,JSMR,RG,3290,22,D,CC,AK,F
13:56:01,JSMR,RG,3290,7,D,YP,AK,F
13:56:01,JSMR,RG,3290,7,D,XL,AK,F
13:56:01,JSMR,RG,3290,150,D,AK,AK,F
13:55:59,JSMR,RG,3290,5,D,AK,YP,D
13:55:51,JSMR,RG,3290,1,D,AK,XL,D
13:55:25,JSMR,RG,3290,13,D,AK,PD,D
13:55:10,JSMR,RG,3290,1,D,AK,YP,D
13:54:16,JSMR,RG,3290,50,D,AK,LG,D
13:53:03,JSMR,RG,3290,1,D,AK,YP,D
13:52:30,JSMR,RG,3290,17,D,AK,AK,F
13:51:55,JSMR,RG,3290,14,D,AK,XL,D
13:51:52,JSMR,RG,3290,2,D,AK,YP,D
13:51:42,JSMR,RG,3290,1,D,AK,YP,D
13:51:26,JSMR,RG,3290,1,D,AK,YP,D
13:51:13,JSMR,RG,3290,1,D,AK,YP,D
13:50:27,JSMR,RG,3290,3,D,AK,YP,D
13:50:20,JSMR,RG,3300,1,D,XL,YP,D
13:49:47,JSMR,RG,3290,10,D,AK,YP,D
13:48:32,JSMR,RG,3290,8,D,AK,OD,D
13:48:08,JSMR,RG,3290,1,D,AK,YP,D
13:47:33,JSMR,RG,3290,1,D,AK,XL,D
13:47:30,JSMR,RG,3290,10,D,AK,AK,F
13:47:27,JSMR,RG,3300,27,D,XL,YP,D
13:47:27,JSMR,RG,3300,16,D,XL,PD,D
13:47:27,JSMR,RG,3300,2,D,XL,PD,D
13:47:27,JSMR,RG,3300,2,D,XL,XL,D
13:47:27,JSMR,RG,3300,2,D,XL,YP,D
13:46:15,JSMR,RG,3290,10,D,AK,AK,F
13:44:56,JSMR,RG,3290,2,D,PD,YP,D
13:44:25,JSMR,RG,3290,1,D,YP,YP,D
13:44:25,JSMR,RG,3290,1,D,YU,YP,D
13:43:54,JSMR,RG,3290,1,D,YU,PD,D
13:43:51,JSMR,RG,3290,76,D,YU,GR,D
13:43:51,JSMR,RG,3290,2,D,YU,NI,D
13:42:38,JSMR,RG,3290,5,D,YU,YP,D
13:42:32,JSMR,RG,3290,4,D,YU,YP,D
13:42:21,JSMR,RG,3290,1,D,YU,NI,D
13:41:58,JSMR,RG,3290,4,D,YU,YP,D
13:41:32,JSMR,RG,3290,1,D,YU,XC,D
13:41:24,JSMR,RG,3290,3,D,YU,YP,D
13:41:17,JSMR,RG,3290,3,D,YU,YP,D
13:41:08,JSMR,RG,3290,2,D,YU,YP,D
13:41:00,JSMR,RG,3290,50,D,YU,IF,D
13:40:45,JSMR,RG,3290,1,D,YU,XL,D
13:40:37,JSMR,RG,3290,2,D,YU,YP,D
13:40:09,JSMR,RG,3290,40,D,YU,EP,D
13:39:57,JSMR,RG,3290,5,D,YU,YP,D
13:36:47,JSMR,RG,3290,37,D,YU,PD,D
13:35:58,JSMR,RG,3290,5,D,YU,XC,D
13:34:58,JSMR,RG,3290,5,D,YU,YP,D
13:34:45,JSMR,RG,3290,1,D,YU,YP,D
13:33:55,JSMR,RG,3290,10,D,YU,PD,D
13:33:14,JSMR,RG,3290,1,D,YU,NI,D
13:32:50,JSMR,RG,3300,1,F,AK,PD,D
13:30:36,JSMR,RG,3290,10,D,YU,MK,D
13:30:02,JSMR,RG,3290,23,D,YU,XC,D
13:30:01,JSMR,RG,3290,10,D,YU,PD,D
13:30:01,JSMR,RG,3290,3,D,YU,AT,D
13:30:01,JSMR,RG,3290,147,D,YU,GR,D
13:30:01,JSMR,RG,3290,7,D,YU,XC,D
13:30:01,JSMR,RG,3290,10,D,YU,IP,D
13:30:01,JSMR,RG,3290,25,D,YU,IF,D
13:30:01,JSMR,RG,3300,10,D,YU,PD,D
13:30:01,JSMR,RG,3300,1,D,YU,PD,D
13:30:01,JSMR,RG,3300,4,D,YU,PD,D
11:29:30,JSMR,RG,3290,5,D,YU,AK,F
11:29:30,JSMR,RG,3290,1,D,YP,AK,F
11:28:00,JSMR,RG,3280,6,D,YP,AK,F
11:27:47,JSMR,RG,3290,50,D,YU,XC,D
11:26:54,JSMR,RG,3290,1,D,YU,CP,D
11:26:45,JSMR,RG,3290,4,D,YU,AK,F
11:24:45,JSMR,RG,3290,7,D,YU,AK,F
11:24:32,JSMR,RG,3290,30,D,YU,YP,D
11:23:30,JSMR,RG,3290,6,D,YU,AK,F
11:22:15,JSMR,RG,3290,6,D,YU,AK,F
11:21:37,JSMR,RG,3290,100,D,YU,YP,D
11:21:00,JSMR,RG,3290,6,D,YU,AK,F
11:20:41,JSMR,RG,3280,5,D,YP,AK,F
11:20:41,JSMR,RG,3290,1,D,CC,YP,D
11:17:00,JSMR,RG,3290,1,D,YU,AK,F
11:17:00,JSMR,RG,3290,5,D,EP,AK,F
11:17:00,JSMR,RG,3290,4,D,YP,AK,F
11:14:33,JSMR,RG,3290,5,D,YP,EP,D
11:14:07,JSMR,RG,3290,1,D,YP,SQ,D
11:14:07,JSMR,RG,3290,9,D,XC,SQ,D
11:13:30,JSMR,RG,3290,1,D,XC,PD,D
11:13:27,JSMR,RG,3300,5,D,YP,PD,D
11:11:42,JSMR,RG,3290,39,D,YU,GR,D
11:11:29,JSMR,RG,3290,50,D,YU,OD,D
11:09:30,JSMR,RG,3290,9,D,YU,AK,F
11:08:01,JSMR,RG,3290,141,D,YU,AI,D
11:08:01,JSMR,RG,3290,10,D,YP,AI,D
11:08:01,JSMR,RG,3290,1,D,YP,AI,D
11:08:01,JSMR,RG,3290,48,D,AK,AI,D
11:06:22,JSMR,RG,3290,6,D,AK,PD,D
11:06:01,JSMR,RG,3290,25,D,AK,YP,D
11:05:06,JSMR,RG,3290,50,D,AK,KK,D
11:04:08,JSMR,RG,3290,20,D,AK,DR,D
11:04:03,JSMR,RG,3290,50,D,AK,KK,D
11:01:19,JSMR,RG,3290,1,D,AK,PD,D
11:00:46,JSMR,RG,3290,1,D,YP,YP,D
10:57:47,JSMR,RG,3290,5,D,YU,CC,D
10:57:47,JSMR,RG,3290,1,F,CC,CC,D
10:57:47,JSMR,RG,3290,3,D,YB,CC,D
10:57:47,JSMR,RG,3290,1,D,KK,CC,D
10:57:01,JSMR,RG,3290,1,D,YP,DH,D
10:57:01,JSMR,RG,3290,47,D,AK,DH,D
10:56:51,JSMR,RG,3290,50,D,AK,DR,D
10:56:39,JSMR,RG,3300,2,D,YB,PD,D
10:56:17,JSMR,RG,3290,3,D,AK,YP,D
10:56:17,JSMR,RG,3290,2,D,KK,YP,D
10:55:48,JSMR,RG,3290,1,D,PD,YP,D
10:53:07,JSMR,RG,3290,1,D,YP,PD,D
10:51:15,JSMR,RG,3290,3,D,YP,DX,D
10:50:07,JSMR,RG,3290,2,D,YP,XL,D
10:46:55,JSMR,RG,3290,9,D,YU,AK,F
10:46:55,JSMR,RG,3290,8,D,YU,AK,F
10:46:55,JSMR,RG,3290,9,D,YU,AK,F
10:46:55,JSMR,RG,3290,3,D,YU,AK,F
10:46:44,JSMR,RG,3290,4,D,YU,AK,F
10:46:44,JSMR,RG,3290,8,D,YU,AK,F
10:46:44,JSMR,RG,3290,1,D,YU,CC,F
10:46:44,JSMR,RG,3290,347,D,YU,ZP,D
10:46:16,JSMR,RG,3290,15,D,YU,ZP,D
10:46:16,JSMR,RG,3290,100,D,AK,ZP,D
10:46:16,JSMR,RG,3290,1,D,XC,ZP,D
10:46:16,JSMR,RG,3290,1,D,YP,ZP,D
10:46:16,JSMR,RG,3290,3,D,AZ,ZP,D
10:46:16,JSMR,RG,3290,33,D,AK,ZP,D
10:45:31,JSMR,RG,3290,2,D,AK,YP,D
10:44:41,JSMR,RG,3290,20,D,AK,DR,D
10:43:35,JSMR,RG,3300,1,D,YP,PD,D
10:43:23,JSMR,RG,3290,35,D,AK,YP,D
10:41:03,JSMR,RG,3290,10,D,AK,LG,D
10:39:51,JSMR,RG,3290,202,D,YU,GR,D
10:39:51,JSMR,RG,3290,48,D,AK,GR,D
10:39:48,JSMR,RG,3290,1,D,AK,AK,F
10:39:48,JSMR,RG,3290,1,D,AK,AK,F
10:39:47,JSMR,RG,3290,50,D,AK,YP,D
10:39:47,JSMR,RG,3290,50,D,DX,YP,D
10:39:16,JSMR,RG,3290,1,D,YU,NI,D
10:38:41,JSMR,RG,3290,34,D,YU,OD,D
10:38:41,JSMR,RG,3290,1,D,YP,OD,D
10:38:41,JSMR,RG,3290,15,D,YP,OD,D
10:37:28,JSMR,RG,3290,13,D,YU,XL,D
10:36:44,JSMR,RG,3290,1,D,YU,BQ,D
10:36:04,JSMR,RG,3290,1,D,PD,AZ,D
10:36:04,JSMR,RG,3290,1,D,YP,AZ,D
10:36:04,JSMR,RG,3290,348,F,BK,AZ,D
10:36:04,JSMR,RG,3290,100,D,AK,AZ,D
10:32:18,JSMR,RG,3290,385,D,YU,EP,D
10:29:11,JSMR,RG,3300,8,D,PD,PD,D
10:29:11,JSMR,RG,3300,5,D,PD,OD,D
10:29:11,JSMR,RG,3300,2,D,PD,YP,D
10:27:57,JSMR,RG,3280,2,D,YP,LG,D
10:27:57,JSMR,RG,3280,1,D,NI,LG,D
10:27:57,JSMR,RG,3280,20,D,YP,LG,D
10:27:57,JSMR,RG,3280,27,D,YB,LG,D
10:27:25,JSMR,RG,3290,1,D,YU,XC,D
10:27:19,JSMR,RG,3290,20,D,YU,DX,D
10:27:16,JSMR,RG,3290,5,D,YU,YP,D
10:25:44,JSMR,RG,3290,30,D,YU,MG,D
10:25:01,JSMR,RG,3290,5,D,YU,YP,D
10:23:55,JSMR,RG,3290,3,D,YU,YP,F
10:23:36,JSMR,RG,3290,5,D,YU,YP,D
10:23:04,JSMR,RG,3290,5,D,YU,YP,D
10:22:38,JSMR,RG,3290,5,D,YU,YP,D
10:22:28,JSMR,RG,3290,150,D,YU,AI,D
10:20:11,JSMR,RG,3290,4,D,YU,YP,D
10:19:45,JSMR,RG,3290,65,D,YU,KI,D
10:19:45,JSMR,RG,3290,1,D,YU,PD,D
10:19:45,JSMR,RG,3290,10,D,YU,EP,D
10:19:45,JSMR,RG,3290,1,D,YU,YP,D
10:19:45,JSMR,RG,3290,15,D,YU,AK,F
10:19:45,JSMR,RG,3290,10,D,YU,AK,F
10:19:45,JSMR,RG,3290,3,D,YU,AK,F
10:19:45,JSMR,RG,3290,11,D,YU,AK,F
10:16:09,JSMR,RG,3290,3,D,NI,AK,F
10:14:37,JSMR,RG,3290,1,D,NI,AK,F
10:14:29,JSMR,RG,3280,5,D,YB,PD,D
10:11:45,JSMR,RG,3280,23,D,YB,AK,F
10:11:09,JSMR,RG,3280,10,D,YB,CC,D
10:08:53,JSMR,RG,3280,30,D,YB,CC,D
10:08:52,JSMR,RG,3290,1,D,YP,AK,F
10:07:59,JSMR,RG,3280,16,D,YB,TP,D
10:07:20,JSMR,RG,3280,2,D,YB,XC,D
10:06:36,JSMR,RG,3280,6,D,YB,XC,D
10:05:43,JSMR,RG,3280,184,D,YB,ZP,D
10:05:43,JSMR,RG,3280,10,D,OD,ZP,D
10:05:43,JSMR,RG,3280,30,D,YP,ZP,D
10:05:43,JSMR,RG,3280,303,D,YB,ZP,D
10:05:43,JSMR,RG,3280,1,D,YP,ZP,D
10:05:43,JSMR,RG,3280,5,D,EP,ZP,D
10:05:43,JSMR,RG,3280,2,D,YP,ZP,D
10:05:43,JSMR,RG,3280,50,D,YP,ZP,D
10:05:43,JSMR,RG,3280,1,D,IF,ZP,D
10:05:43,JSMR,RG,3280,6,D,EP,ZP,D
10:05:43,JSMR,RG,3280,1,D,CC,ZP,D
10:05:43,JSMR,RG,3280,1,D,DR,ZP,D
10:05:43,JSMR,RG,3280,1,D,KK,ZP,D
10:05:43,JSMR,RG,3280,50,D,EP,ZP,D
10:05:43,JSMR,RG,3280,5,D,PD,ZP,D
10:05:43,JSMR,RG,3280,4,D,YP,ZP,D
10:05:43,JSMR,RG,3280,2,D,YU,ZP,D
10:05:43,JSMR,RG,3280,1,D,OD,ZP,D
10:05:43,JSMR,RG,3280,1,D,DR,ZP,D
10:05:43,JSMR,RG,3280,1,D,YP,ZP,D
10:05:43,JSMR,RG,3280,8,D,DH,ZP,D
10:05:43,JSMR,RG,3280,1,D,XC,ZP,D
10:05:43,JSMR,RG,3280,20,D,EP,ZP,D
10:05:43,JSMR,RG,3280,1,D,PD,ZP,D
10:05:43,JSMR,RG,3280,11,D,YP,ZP,D
10:05:28,JSMR,RG,3290,3,D,AZ,AK,F
10:04:59,JSMR,RG,3290,1,F,AK,AK,F
10:04:59,JSMR,RG,3290,1,F,AK,PD,D
10:04:59,JSMR,RG,3290,50,F,AK,PD,D
10:04:59,JSMR,RG,3290,50,F,AK,CC,D
10:04:59,JSMR,RG,3290,6,F,AK,AK,F
10:04:59,JSMR,RG,3290,10,F,AK,AK,F
10:04:59,JSMR,RG,3290,275,F,AK,YP,D
10:04:59,JSMR,RG,3290,1,D,YP,YP,D
10:02:07,JSMR,RG,3290,2,D,AZ,YP,D
09:59:07,JSMR,RG,3290,5,D,YP,YP,D
09:58:09,JSMR,RG,3290,5,D,AZ,YP,D
09:55:37,JSMR,RG,3290,1,D,NI,YP,D
09:55:15,JSMR,RG,3290,20,D,PD,YP,D
09:53:56,JSMR,RG,3290,1,D,YP,YP,D
09:53:56,JSMR,RG,3290,46,D,YP,YP,D
09:53:56,JSMR,RG,3290,15,D,PD,YP,D
09:53:56,JSMR,RG,3290,129,F,AI,YP,D
09:53:51,JSMR,RG,3300,1,F,AK,AK,F
09:53:51,JSMR,RG,3290,10,F,AI,TP,D
09:53:31,JSMR,RG,3290,18,F,AI,AK,F
09:53:31,JSMR,RG,3290,14,F,AI,AK,F
09:53:31,JSMR,RG,3290,129,F,AI,YP,D
09:53:31,JSMR,RG,3290,5,D,PD,YP,D
09:53:31,JSMR,RG,3290,1,D,YP,YP,D
09:53:31,JSMR,RG,3290,10,D,EP,YP,D
09:53:31,JSMR,RG,3290,105,D,AZ,YP,D
09:53:30,JSMR,RG,3290,5,D,AZ,TP,D
09:53:26,JSMR,RG,3290,50,D,AZ,PD,D
09:52:15,JSMR,RG,3290,31,D,AZ,AK,F
09:51:54,JSMR,RG,3290,1,D,AZ,LG,D
09:51:22,JSMR,RG,3290,50,D,AZ,KK,D
09:51:03,JSMR,RG,3290,1,D,AZ,YP,D
09:50:52,JSMR,RG,3290,10,D,AZ,TP,D
09:50:48,JSMR,RG,3290,10,D,AZ,XL,D
09:50:43,JSMR,RG,3290,1,D,AZ,XC,D
09:50:25,JSMR,RG,3290,36,D,AZ,CP,D
09:50:25,JSMR,RG,3290,15,D,YP,CP,D
09:50:25,JSMR,RG,3290,5,D,EP,CP,D
09:50:25,JSMR,RG,3290,30,D,IP,CP,D
09:50:25,JSMR,RG,3290,100,D,CP,CP,D
09:50:25,JSMR,RG,3290,3,D,GR,CP,D
09:50:25,JSMR,RG,3290,1,D,CC,CP,D
09:50:25,JSMR,RG,3290,10,D,CC,CP,D
09:50:25,JSMR,RG,3290,1,D,NI,CP,D
09:50:25,JSMR,RG,3290,3,D,DX,CP,D
09:50:25,JSMR,RG,3290,303,D,YB,CP,D
09:50:25,JSMR,RG,3290,293,D,YB,CP,D
09:49:21,JSMR,RG,3290,3,D,YB,PD,D
09:49:15,JSMR,RG,3290,6,D,YB,AK,F
09:48:58,JSMR,RG,3290,1,D,YB,EP,D
09:48:58,JSMR,RG,3290,3,D,PD,EP,D
09:48:58,JSMR,RG,3290,1,D,NI,EP,D
09:48:16,JSMR,RG,3290,4,D,NI,XC,D
09:48:16,JSMR,RG,3290,1,D,YP,XC,D
09:46:57,JSMR,RG,3290,99,D,YB,YP,D
09:44:35,JSMR,RG,3290,15,D,YB,PD,D
09:43:00,JSMR,RG,3290,13,D,YB,AK,F
09:40:52,JSMR,RG,3290,10,D,YB,TP,D
09:40:19,JSMR,RG,3290,4,D,YB,CC,D
09:40:00,JSMR,RG,3290,10,D,YB,AK,F
09:38:36,JSMR,RG,3300,1,D,YP,AK,F
09:37:15,JSMR,RG,3290,14,D,YB,XL,D
09:37:04,JSMR,RG,3290,3,D,YB,NI,D
09:36:46,JSMR,RG,3290,100,D,YB,YP,D
09:35:00,JSMR,RG,3290,2,D,YB,PD,D
09:33:54,JSMR,RG,3300,1,D,YP,AK,F
09:33:54,JSMR,RG,3290,1,D,YB,PD,D
09:33:26,JSMR,RG,3290,5,D,YB,PD,D
09:32:24,JSMR,RG,3300,1,D,YP,AK,F
09:31:22,JSMR,RG,3300,15,D,TP,AK,F
09:31:22,JSMR,RG,3300,6,D,TP,AZ,D
09:31:22,JSMR,RG,3300,3,D,TP,XL,D
09:31:22,JSMR,RG,3300,46,D,TP,OD,D
09:30:39,JSMR,RG,3300,5,D,CC,OD,D
09:30:18,JSMR,RG,3300,15,D,GR,OD,D
09:30:00,JSMR,RG,3290,10,D,YB,AK,F
09:29:52,JSMR,RG,3300,2,D,KK,OD,D
09:29:43,JSMR,RG,3300,15,D,GR,OD,D
09:29:41,JSMR,RG,3290,17,D,YB,YP,D
09:29:41,JSMR,RG,3290,2,D,PD,YP,D
09:29:41,JSMR,RG,3290,4,D,YP,YP,D
09:29:41,JSMR,RG,3290,1,D,XC,YP,D
09:29:41,JSMR,RG,3290,1,D,YP,YP,D
09:29:26,JSMR,RG,3300,1,D,YP,OD,D
09:28:54,JSMR,RG,3300,1,D,YP,OD,D
09:28:24,JSMR,RG,3300,10,D,XL,OD,D
09:28:18,JSMR,RG,3300,5,D,CC,OD,D
09:27:39,JSMR,RG,3300,1,D,YP,OD,D
09:26:19,JSMR,RG,3300,1,D,CC,OD,D
09:26:13,JSMR,RG,3290,6,D,YP,KK,F
09:25:07,JSMR,RG,3290,8,D,YP,LG,D
09:25:07,JSMR,RG,3290,1,D,YP,LG,D
09:25:07,JSMR,RG,3290,1,D,YP,LG,D
09:25:07,JSMR,RG,3290,1,D,YP,LG,D
09:25:07,JSMR,RG,3290,2,D,CC,LG,D
09:25:07,JSMR,RG,3290,17,F,BK,LG,D
09:24:18,JSMR,RG,3290,3,F,BK,AK,F
09:24:08,JSMR,RG,3300,5,D,CC,OD,D
09:24:07,JSMR,RG,3290,5,F,BK,XC,D
09:23:30,JSMR,RG,3290,11,F,BK,AK,F
09:21:59,JSMR,RG,3290,1,F,BK,GR,D
09:19:48,JSMR,RG,3290,3,F,BK,AK,F
09:19:48,JSMR,RG,3300,10,D,PD,OD,D
09:19:43,JSMR,RG,3290,5,F,BK,PD,D
09:19:16,JSMR,RG,3290,86,F,BK,PD,D
09:19:16,JSMR,RG,3290,14,D,NI,PD,D
09:19:12,JSMR,RG,3300,1,D,YP,OD,D
09:19:08,JSMR,RG,3300,1,D,YP,OD,D
09:19:04,JSMR,RG,3300,1,D,YP,OD,D
09:19:03,JSMR,RG,3300,10,D,CC,OD,D
09:18:59,JSMR,RG,3300,1,D,YP,OD,D
09:18:54,JSMR,RG,3300,1,D,YP,OD,D
09:17:29,JSMR,RG,3290,5,D,NI,AK,F
09:17:16,JSMR,RG,3300,18,D,XC,OD,D
09:17:16,JSMR,RG,3300,5,D,XC,CC,D
09:17:16,JSMR,RG,3300,18,D,XC,CC,D
09:17:00,JSMR,RG,3300,1,D,CC,CC,D
09:16:31,JSMR,RG,3290,2,D,NI,AK,F
09:16:31,JSMR,RG,3290,4,D,NI,AK,F
09:16:31,JSMR,RG,3290,10,D,NI,AK,F
09:16:31,JSMR,RG,3290,15,D,NI,BQ,D
09:15:41,JSMR,RG,3290,15,D,CC,BQ,D
09:15:18,JSMR,RG,3290,1,D,CC,PD,D
09:15:18,JSMR,RG,3290,10,D,CC,NI,D
09:15:18,JSMR,RG,3290,2,D,CC,CC,D
09:15:18,JSMR,RG,3290,10,D,CC,YP,D
09:15:18,JSMR,RG,3290,2,D,CC,YP,D
09:14:03,JSMR,RG,3280,4,D,YP,CC,D
09:12:20,JSMR,RG,3280,3,D,YP,XC,D
09:11:50,JSMR,RG,3280,1,D,YP,CC,D
09:11:00,JSMR,RG,3280,2,D,YP,AK,F
09:10:59,JSMR,RG,3280,10,D,YP,PD,D
09:09:59,JSMR,RG,3280,1,D,YP,SQ,D
09:08:59,JSMR,RG,3290,1,D,YP,YP,D
09:08:20,JSMR,RG,3280,6,D,YP,AK,F
09:07:50,JSMR,RG,3280,10,D,YP,PD,D
09:07:04,JSMR,RG,3280,74,D,YP,KK,D
09:07:04,JSMR,RG,3280,1,D,YP,KK,D
09:07:04,JSMR,RG,3280,30,D,KK,KK,D
09:07:04,JSMR,RG,3280,8,D,EP,KK,D
09:07:04,JSMR,RG,3280,1,D,XC,KK,D
09:07:04,JSMR,RG,3280,2,D,XC,KK,D
09:07:04,JSMR,RG,3280,1,D,KK,KK,D
09:07:04,JSMR,RG,3280,3,D,EP,KK,D
09:07:03,JSMR,RG,3280,3,D,EP,YP,D
09:06:28,JSMR,RG,3280,10,D,EP,NI,D
09:05:41,JSMR,RG,3290,2,D,CC,PD,D
09:05:27,JSMR,RG,3290,1,D,YP,AK,F
09:04:57,JSMR,RG,3290,1,D,AI,AK,F
09:04:57,JSMR,RG,3290,2,D,AI,AK,F
09:04:57,JSMR,RG,3290,7,D,AI,AK,F
09:04:57,JSMR,RG,3290,3,D,AI,AK,F
09:04:57,JSMR,RG,3290,11,D,AI,AK,F
09:04:57,JSMR,RG,3290,90,D,AI,PD,D
09:04:57,JSMR,RG,3290,25,D,AI,GR,D
09:04:57,JSMR,RG,3290,5,D,AI,PD,D
09:04:57,JSMR,RG,3290,3,D,AI,YP,D
09:04:57,JSMR,RG,3290,1,D,AI,YP,D
09:04:57,JSMR,RG,3290,2,D,AI,PD,D
09:00:20,JSMR,RG,3280,1,D,EP,XL,D
09:00:11,JSMR,RG,3290,2,F,AK,AK,F
09:00:11,JSMR,RG,3290,58,F,AK,YP,D
09:00:11,JSMR,RG,3290,1,D,YP,YP,D
09:00:11,JSMR,RG,3290,1,D,YP,YP,D
09:00:10,JSMR,RG,3290,1,D,EP,YP,D
09:00:08,JSMR,RG,3300,7,D,YP,CC,D
09:00:07,JSMR,RG,3300,5,D,PD,CC,D
09:00:07,JSMR,RG,3300,5,D,PD,CC,D
09:00:07,JSMR,RG,3290,7,D,EP,PD,D
09:00:07,JSMR,RG,3300,464,D,YP,CC,D
09:00:07,JSMR,RG,3300,36,D,YP,DX,D
09:00:07,JSMR,RG,3300,10,D,PD,DX,D
09:00:07,JSMR,RG,3290,20,D,PD,PD,D
09:00:06,JSMR,RG,3280,18,D,EP,PD,D
09:00:06,JSMR,RG,3280,1,D,XC,PD,D
09:00:06,JSMR,RG,3280,1,D,YP,PD,D
09:00:06,JSMR,RG,3280,10,D,CP,PD,D
09:00:06,JSMR,RG,3280,10,D,CP,PD,D
09:00:06,JSMR,RG,3280,16,D,CP,PD,D
09:00:06,JSMR,RG,3290,4,D,CC,PD,D
09:00:06,JSMR,RG,3290,1,D,CC,PD,D
09:00:05,JSMR,RG,3290,5,D,CC,OD,D
09:00:05,JSMR,RG,3280,1,D,CP,XC,D
09:00:04,JSMR,RG,3280,1,D,CP,XL,D
09:00:02,JSMR,RG,3280,1,D,CP,CD,D
09:00:02,JSMR,RG,3300,4,D,EP,DX,D
09:00:02,JSMR,RG,3300,4,D,EP,TP,D
09:00:01,JSMR,RG,3280,1,D,CP,CC,D
09:00:01,JSMR,RG,3280,1,D,ZP,CC,D
09:00:00,JSMR,RG,3300,1,D,SQ,TP,D
