Time,Stock,Brd,Price,Qty,BT,BC,SC,ST
15:13:00,JSMR,RG,3270,48,D,KK,DH,D
15:11:39,JSMR,RG,3270,8,D,KK,SQ,D
15:11:30,JSMR,RG,3270,20,D,KK,LG,D
15:11:30,JSMR,RG,3270,47,D,KK,YP,D
15:11:30,JSMR,RG,3270,50,D,KK,CC,D
15:11:30,JSMR,RG,3270,1,D,KK,GR,D
15:11:30,JSMR,RG,3270,1,D,KK,GR,D
15:11:30,JSMR,RG,3270,15,D,KK,PD,D
15:11:30,JSMR,RG,3270,26,D,KK,YP,D
15:10:40,JSMR,RG,3270,10,D,EP,YP,D
15:10:32,JSMR,RG,3270,4,D,YU,YP,D
15:10:19,JSMR,RG,3270,9,D,NI,YP,D
15:09:19,JSMR,RG,3270,2,D,PD,YP,D
15:09:16,JSMR,RG,3270,10,D,CC,YP,D
15:08:50,JSMR,RG,3270,2,D,CC,YP,D
15:08:50,JSMR,RG,3270,5,D,CC,KK,D
15:08:50,JSMR,RG,3270,3,D,CC,XC,D
15:08:50,JSMR,RG,3270,5,D,CC,CC,D
15:08:50,JSMR,RG,3270,3,D,CC,YP,D
15:04:28,JSMR,RG,3270,7,D,YP,YP,D
15:04:28,JSMR,RG,3270,10,D,YP,OD,D
15:04:28,JSMR,RG,3270,1,D,YP,YP,D
15:04:28,JSMR,RG,3270,5,D,YP,XL,D
15:04:28,JSMR,RG,3270,2,D,YP,NI,D
15:04:28,JSMR,RG,3270,14,D,YP,DH,D
15:04:28,JSMR,RG,3270,10,D,YP,CC,D
15:04:28,JSMR,RG,3270,1,D,YP,PD,D
15:02:52,JSMR,RG,3270,1,D,YB,PD,D
15:02:36,JSMR,RG,3270,1,D,XL,PD,D
15:02:14,JSMR,RG,3270,2,D,AZ,PD,D
15:00:00,JSMR,RG,3270,10,D,YP,PD,D
15:00:00,JSMR,RG,3270,10,D,YP,KI,D
15:00:00,JSMR,RG,3270,1,D,YP,KI,D
15:00:00,JSMR,RG,3270,10,D,YP,KI,D
15:00:00,JSMR,RG,3270,10,D,PD,KI,D
15:00:00,JSMR,RG,3270,1,D,YP,KI,D
15:00:00,JSMR,RG,3270,40,D,YU,KI,D
15:00:00,JSMR,RG,3270,1,D,NI,KI,D
15:00:00,JSMR,RG,3270,1,D,CC,KI,D
15:00:00,JSMR,RG,3270,1,D,YP,KI,D
15:00:00,JSMR,RG,3270,1,D,YP,KI,D
15:00:00,JSMR,RG,3270,25,D,AZ,KI,D
15:00:00,JSMR,RG,3270,1,D,NI,KI,D
15:00:00,JSMR,RG,3270,144,F,ZP,KI,D
15:00:00,JSMR,RG,3270,11,F,BK,KI,D
15:00:00,JSMR,RG,3270,8,F,BK,KI,D
15:00:00,JSMR,RG,3270,5,F,AK,KI,D
15:00:00,JSMR,RG,3270,32,F,AK,KI,D
15:00:00,JSMR,RG,3270,6,F,AK,KI,D
15:00:00,JSMR,RG,3270,32,F,AK,KI,D
15:00:00,JSMR,RG,3270,66,D,OD,KI,D
15:00:00,JSMR,RG,3270,98,D,OD,SQ,D
15:00:00,JSMR,RG,3270,2,D,LG,SQ,D
14:49:54,JSMR,RG,3270,1,F,AK,CC,D
14:49:54,JSMR,RG,3270,1,F,AK,CC,D
14:49:53,JSMR,RG,3260,2,D,XL,YP,D
14:49:53,JSMR,RG,3260,3,D,YP,YP,D
14:49:47,JSMR,RG,3260,47,D,YP,NI,D
14:49:47,JSMR,RG,3260,1,D,CC,NI,D
14:49:47,JSMR,RG,3260,20,D,XC,NI,D
14:49:47,JSMR,RG,3260,1,D,PD,NI,D
14:49:47,JSMR,RG,3260,10,D,XC,NI,D
14:49:47,JSMR,RG,3260,1,D,SQ,NI,D
14:49:47,JSMR,RG,3260,1,D,BQ,NI,D
14:49:47,JSMR,RG,3260,1,D,PD,NI,D
14:49:47,JSMR,RG,3260,18,D,YB,NI,D
14:49:47,JSMR,RG,3260,2,D,YB,NI,D
14:49:47,JSMR,RG,3260,5,D,TP,NI,D
14:49:47,JSMR,RG,3260,1,D,PD,NI,D
14:49:47,JSMR,RG,3260,20,D,NI,NI,D
14:49:47,JSMR,RG,3260,1,D,XC,NI,D
14:49:47,JSMR,RG,3260,1,D,PD,NI,D
14:49:47,JSMR,RG,3260,1,D,OD,NI,D
14:49:47,JSMR,RG,3260,19,D,YP,NI,D
14:49:47,JSMR,RG,3260,50,D,YP,NI,D
14:49:47,JSMR,RG,3260,31,D,YP,NI,D
14:49:47,JSMR,RG,3260,1,D,YP,NI,D
14:49:47,JSMR,RG,3260,1,D,XC,NI,D
14:49:47,JSMR,RG,3260,2,D,XC,NI,D
14:49:47,JSMR,RG,3260,1,D,YP,NI,D
14:49:47,JSMR,RG,3260,1,D,PD,NI,D
14:49:47,JSMR,RG,3260,6,D,AZ,NI,D
14:49:47,JSMR,RG,3260,7,D,XL,NI,D
14:49:47,JSMR,RG,3260,1,D,XL,NI,D
14:49:47,JSMR,RG,3260,1,D,SQ,NI,D
14:49:47,JSMR,RG,3260,4,D,YP,NI,D
14:49:47,JSMR,RG,3260,2,D,XC,NI,D
14:49:47,JSMR,RG,3260,3,D,XC,NI,D
14:49:47,JSMR,RG,3260,5,D,NI,NI,D
14:49:47,JSMR,RG,3260,30,D,CC,NI,D
14:49:47,JSMR,RG,3260,4,D,YP,NI,D
14:49:34,JSMR,RG,3260,6,D,YP,NI,D
14:49:34,JSMR,RG,3260,1,D,PD,NI,D
14:49:34,JSMR,RG,3260,5,D,YP,NI,D
14:49:34,JSMR,RG,3260,30,D,YP,NI,D
14:49:34,JSMR,RG,3260,1,D,YP,NI,D
14:49:34,JSMR,RG,3260,1,D,GR,NI,D
14:49:34,JSMR,RG,3260,1,D,YP,NI,D
14:49:34,JSMR,RG,3260,5,D,PD,NI,D
14:49:34,JSMR,RG,3260,16,D,PD,NI,D
14:49:34,JSMR,RG,3260,20,D,PD,NI,D
14:49:34,JSMR,RG,3260,4,D,PD,NI,D
14:49:34,JSMR,RG,3260,16,D,YP,NI,D
14:49:34,JSMR,RG,3260,20,D,YP,NI,D
14:49:34,JSMR,RG,3260,20,D,YP,NI,D
14:49:05,JSMR,RG,3260,30,D,YP,YP,D
14:49:02,JSMR,RG,3270,2,F,BK,CC,D
14:49:00,JSMR,RG,3260,10,D,YP,OD,D
14:48:56,JSMR,RG,3260,4,D,YP,NI,D
14:48:56,JSMR,RG,3260,2,D,KK,NI,D
14:48:56,JSMR,RG,3260,1,D,XC,NI,D
14:48:56,JSMR,RG,3260,10,D,NI,NI,D
14:48:56,JSMR,RG,3260,1,D,PD,NI,D
14:48:56,JSMR,RG,3260,10,D,YP,NI,D
14:48:56,JSMR,RG,3260,5,D,CC,NI,D
14:48:56,JSMR,RG,3260,1,D,KK,NI,D
14:48:56,JSMR,RG,3260,1,D,YP,NI,D
14:48:56,JSMR,RG,3260,5,D,NI,NI,D
14:48:56,JSMR,RG,3260,11,D,CC,NI,D
14:48:56,JSMR,RG,3260,5,D,CC,NI,D
14:48:56,JSMR,RG,3260,15,D,YB,NI,D
14:48:56,JSMR,RG,3260,29,D,CP,NI,D
14:48:53,JSMR,RG,3260,1,D,CP,CC,D
14:48:53,JSMR,RG,3260,1,D,PD,CC,D
14:48:53,JSMR,RG,3260,10,D,YP,CC,D
14:48:53,JSMR,RG,3260,1,D,LS,CC,D
14:48:53,JSMR,RG,3260,1,D,CC,CC,D
14:48:53,JSMR,RG,3260,1,D,NI,CC,D
14:48:53,JSMR,RG,3260,1,D,XC,CC,D
14:48:53,JSMR,RG,3260,7,D,YP,CC,D
14:48:53,JSMR,RG,3260,1,D,CP,CC,D
14:48:53,JSMR,RG,3260,1,D,PD,CC,D
14:48:53,JSMR,RG,3260,75,D,DR,CC,D
14:48:48,JSMR,RG,3260,5,D,DR,CC,D
14:48:46,JSMR,RG,3270,5,F,AK,CC,D
14:48:46,JSMR,RG,3270,1,F,AK,CC,D
14:48:46,JSMR,RG,3270,5,F,AK,CC,D
14:48:46,JSMR,RG,3270,1,F,AK,CC,D
14:48:31,JSMR,RG,3270,1,F,AK,CC,D
14:48:31,JSMR,RG,3270,1,F,AK,CC,D
14:48:16,JSMR,RG,3260,20,D,DR,CC,D
14:48:09,JSMR,RG,3270,175,D,PD,CC,D
14:48:09,JSMR,RG,3270,135,D,PD,OD,D
14:48:04,JSMR,RG,3270,2,D,KZ,OD,D
14:48:04,JSMR,RG,3270,26,D,KZ,OD,D
14:48:04,JSMR,RG,3270,1,D,KZ,OD,D
14:48:04,JSMR,RG,3270,1,D,KZ,OD,D
14:48:04,JSMR,RG,3270,12,D,KZ,OD,D
14:47:46,JSMR,RG,3270,1,F,AK,OD,D
14:47:40,JSMR,RG,3260,12,D,DR,CC,D
14:47:31,JSMR,RG,3270,5,F,AK,OD,D
14:47:31,JSMR,RG,3270,5,F,AK,OD,D
14:47:23,JSMR,RG,3270,3,D,XA,OD,D
14:47:23,JSMR,RG,3270,3,D,SQ,OD,D
14:47:16,JSMR,RG,3270,1,F,AK,OD,D
14:47:16,JSMR,RG,3270,1,F,AK,OD,D
14:47:16,JSMR,RG,3270,1,F,AK,OD,D
14:46:41,JSMR,RG,3260,7,D,DR,BK,F
14:46:31,JSMR,RG,3270,1,F,AK,OD,D
14:46:16,JSMR,RG,3270,4,F,AK,OD,D
14:46:16,JSMR,RG,3270,4,F,AK,OD,D
14:46:01,JSMR,RG,3270,2,F,AK,OD,D
14:46:01,JSMR,RG,3270,2,F,AK,OD,D
14:45:46,JSMR,RG,3270,1,F,AK,OD,D
14:45:42,JSMR,RG,3260,81,D,DR,CC,D
14:45:42,JSMR,RG,3260,5,D,XC,CC,D
14:45:42,JSMR,RG,3260,1,D,XC,CC,D
14:45:42,JSMR,RG,3260,13,D,PD,CC,D
14:45:27,JSMR,RG,3270,3,D,YP,OD,D
14:45:16,JSMR,RG,3270,3,F,AK,OD,D
14:45:16,JSMR,RG,3270,2,F,AK,OD,D
14:45:16,JSMR,RG,3270,1,F,AK,OD,D
14:45:01,JSMR,RG,3270,1,F,AK,OD,D
14:44:36,JSMR,RG,3270,20,D,YP,OD,D
14:44:24,JSMR,RG,3270,1,D,CC,OD,D
14:44:21,JSMR,RG,3270,3,F,BK,OD,D
14:44:16,JSMR,RG,3270,3,F,AK,OD,D
14:44:16,JSMR,RG,3270,3,F,AK,OD,D
14:43:29,JSMR,RG,3270,32,D,KZ,OD,D
14:43:26,JSMR,RG,3270,1,D,NI,OD,D
14:43:01,JSMR,RG,3270,1,F,AK,OD,D
14:42:52,JSMR,RG,3270,1,D,PD,OD,D
14:42:47,JSMR,RG,3260,10,D,PD,CC,D
14:42:34,JSMR,RG,3270,50,D,YP,OD,D
14:42:31,JSMR,RG,3270,4,F,AK,OD,D
14:42:31,JSMR,RG,3270,4,F,AK,OD,D
14:42:31,JSMR,RG,3270,1,F,AK,OD,D
14:41:30,JSMR,RG,3270,1,D,YP,OD,D
14:41:16,JSMR,RG,3270,4,F,AK,OD,D
14:41:16,JSMR,RG,3270,4,F,AK,OD,D
14:40:55,JSMR,RG,3270,50,D,YP,OD,D
14:40:33,JSMR,RG,3260,11,D,PD,BK,F
14:40:31,JSMR,RG,3270,1,F,AK,OD,D
14:39:54,JSMR,RG,3260,66,D,PD,NI,D
14:39:54,JSMR,RG,3260,34,D,NI,NI,D
14:39:43,JSMR,RG,3260,200,D,NI,CC,D
14:39:38,JSMR,RG,3260,35,D,NI,PD,D
14:38:31,JSMR,RG,3270,2,F,AK,OD,D
14:38:28,JSMR,RG,3270,6,D,NI,OD,D
14:38:00,JSMR,RG,3270,1,F,AK,OD,D
14:37:16,JSMR,RG,3270,12,F,AK,OD,D
14:37:15,JSMR,RG,3270,12,F,AK,OD,D
14:36:46,JSMR,RG,3260,1,D,NI,OD,D
14:36:39,JSMR,RG,3270,20,D,PD,OD,D
14:36:37,JSMR,RG,3270,5,D,YP,OD,D
14:36:32,JSMR,RG,3260,2,D,NI,OD,D
14:36:28,JSMR,RG,3260,2,D,NI,OD,D
14:36:26,JSMR,RG,3260,2,D,NI,OD,D
14:36:23,JSMR,RG,3260,2,D,NI,OD,D
14:36:22,JSMR,RG,3260,2,D,NI,OD,D
14:35:39,JSMR,RG,3270,4,D,DH,OD,D
14:34:18,JSMR,RG,3270,7,F,BK,OD,D
14:33:35,JSMR,RG,3270,1,D,YP,OD,D
14:33:16,JSMR,RG,3270,3,F,AK,OD,D
14:33:15,JSMR,RG,3270,3,F,AK,OD,D
14:33:15,JSMR,RG,3270,1,F,AK,OD,D
14:32:43,JSMR,RG,3260,13,D,NI,BK,F
14:32:02,JSMR,RG,3260,15,D,NI,XC,D
14:32:00,JSMR,RG,3270,1,F,AK,OD,D
14:31:45,JSMR,RG,3270,3,F,AK,OD,D
14:31:45,JSMR,RG,3270,3,F,AK,OD,D
14:31:04,JSMR,RG,3270,28,D,KZ,OD,D
14:31:02,JSMR,RG,3270,140,D,GR,OD,D
14:31:02,JSMR,RG,3270,42,D,GR,OD,D
14:31:02,JSMR,RG,3270,18,D,GR,OD,D
14:30:59,JSMR,RG,3260,1,D,NI,GR,D
14:29:30,JSMR,RG,3270,3,F,AK,OD,D
14:29:30,JSMR,RG,3270,3,F,AK,OD,D
14:29:15,JSMR,RG,3270,1,F,AK,OD,D
14:29:00,JSMR,RG,3270,1,D,XC,OD,D
14:27:00,JSMR,RG,3270,3,F,AK,OD,D
14:27:00,JSMR,RG,3270,3,F,AK,OD,D
14:26:55,JSMR,RG,3270,6,D,PD,OD,D
14:26:55,JSMR,RG,3270,34,D,PD,OD,D
14:26:29,JSMR,RG,3260,30,D,NI,NI,D
14:26:15,JSMR,RG,3270,1,F,AK,OD,D
14:25:40,JSMR,RG,3260,12,D,NI,BK,F
14:25:40,JSMR,RG,3270,1,D,XC,OD,D
14:24:32,JSMR,RG,3260,3,D,NI,NI,D
14:24:30,JSMR,RG,3270,1,F,AK,OD,D
14:24:09,JSMR,RG,3270,5,D,PD,OD,D
14:24:09,JSMR,RG,3270,10,D,PD,OD,D
14:24:03,JSMR,RG,3260,200,D,NI,CC,D
14:23:38,JSMR,RG,3260,3,D,NI,XC,D
14:23:19,JSMR,RG,3270,11,D,KZ,OD,D
14:23:19,JSMR,RG,3270,17,D,KZ,OD,D
14:23:19,JSMR,RG,3270,2,D,KZ,OD,D
14:23:00,JSMR,RG,3270,6,F,AK,OD,D
14:23:00,JSMR,RG,3270,6,F,AK,OD,D
14:21:52,JSMR,RG,3270,6,D,CC,OD,D
14:21:24,JSMR,RG,3270,17,D,YB,OD,D
14:21:07,JSMR,RG,3270,5,D,YP,OD,D
14:21:07,JSMR,RG,3270,5,D,YP,OD,D
14:20:42,JSMR,RG,3270,10,D,YP,OD,D
14:20:40,JSMR,RG,3270,1,D,YP,OD,D
14:19:58,JSMR,RG,3270,5,F,BK,OD,D
14:19:58,JSMR,RG,3270,4,F,BK,OD,D
14:19:54,JSMR,RG,3270,13,D,KZ,OD,D
14:19:54,JSMR,RG,3270,10,D,KZ,YP,D
14:19:54,JSMR,RG,3270,2,D,KZ,CC,D
14:19:00,JSMR,RG,3270,3,F,AK,CC,D
14:19:00,JSMR,RG,3270,3,F,AK,CC,D
14:19:00,JSMR,RG,3270,1,F,AK,CC,D
14:18:45,JSMR,RG,3270,1,F,AK,CC,D
14:17:35,JSMR,RG,3270,3,F,AK,CC,D
14:17:35,JSMR,RG,3270,3,F,AK,CC,D
14:15:45,JSMR,RG,3270,3,F,AK,CC,D
14:15:45,JSMR,RG,3270,3,F,AK,CC,D
14:15:00,JSMR,RG,3270,1,F,AK,CC,D
14:14:45,JSMR,RG,3270,1,F,AK,CC,D
14:14:40,JSMR,RG,3260,13,D,NI,BK,F
14:14:36,JSMR,RG,3270,30,D,OD,CC,D
14:13:34,JSMR,RG,3270,15,D,KZ,CC,D
14:13:30,JSMR,RG,3270,3,F,AK,CC,D
14:13:30,JSMR,RG,3270,3,F,AK,CC,D
14:12:17,JSMR,RG,3270,1,D,MK,CC,D
14:10:15,JSMR,RG,3270,3,F,AK,CC,D
14:10:15,JSMR,RG,3270,3,F,AK,CC,D
14:09:00,JSMR,RG,3270,1,F,AK,CC,D
14:08:57,JSMR,RG,3270,2,D,PD,CC,D
14:07:15,JSMR,RG,3270,1,F,AK,CC,D
14:07:08,JSMR,RG,3270,3,F,AK,CC,D
14:07:08,JSMR,RG,3270,3,F,AK,CC,D
14:07:08,JSMR,RG,3260,1,D,NI,XC,D
14:05:13,JSMR,RG,3260,11,D,NI,BK,F
14:04:22,JSMR,RG,3270,8,D,YP,CC,D
14:04:22,JSMR,RG,3270,8,D,YP,AK,F
14:03:57,JSMR,RG,3270,1,D,PD,AK,F
14:02:56,JSMR,RG,3270,1,D,PD,AK,F
14:02:48,JSMR,RG,3270,1,D,PD,AK,F
14:02:45,JSMR,RG,3270,2,F,AK,AK,F
14:02:45,JSMR,RG,3270,2,F,AK,AK,F
14:02:41,JSMR,RG,3270,2,D,PD,AK,F
14:02:36,JSMR,RG,3270,2,D,PD,AK,F
14:02:31,JSMR,RG,3270,2,D,XC,AK,F
14:02:22,JSMR,RG,3270,1,D,PD,AK,F
14:02:01,JSMR,RG,3270,1,D,PD,AK,F
14:01:05,JSMR,RG,3270,1,D,YP,AK,F
14:00:45,JSMR,RG,3270,1,F,AK,AK,F
14:00:05,JSMR,RG,3270,3,F,AK,AK,F
14:00:05,JSMR,RG,3270,3,F,AK,AK,F
13:58:30,JSMR,RG,3270,2,F,AK,AK,F
13:58:30,JSMR,RG,3270,2,F,AK,AK,F
13:58:15,JSMR,RG,3270,1,F,AK,AK,F
13:58:02,JSMR,RG,3270,5,D,YP,AK,F
13:57:59,JSMR,RG,3270,15,D,KZ,AK,F
13:56:45,JSMR,RG,3270,3,F,AK,AK,F
13:56:45,JSMR,RG,3270,3,F,AK,AK,F
13:56:37,JSMR,RG,3270,1,D,XL,AK,F
13:56:29,JSMR,RG,3270,5,D,YP,AK,F
13:56:15,JSMR,RG,3270,1,F,AK,AK,F
13:55:30,JSMR,RG,3270,2,F,AK,AK,F
13:55:30,JSMR,RG,3270,2,F,AK,AK,F
13:55:20,JSMR,RG,3270,5,D,CP,AK,F
13:55:07,JSMR,RG,3260,2,D,NI,KK,D
13:54:02,JSMR,RG,3270,6,D,PD,AK,F
13:54:02,JSMR,RG,3270,1,D,PD,CC,D
13:53:45,JSMR,RG,3270,3,F,AK,CC,D
13:53:45,JSMR,RG,3270,3,F,AK,CC,D
13:53:45,JSMR,RG,3270,1,F,AK,CC,D
13:53:12,JSMR,RG,3270,5,D,YP,CC,D
13:53:06,JSMR,RG,3270,10,D,YP,CC,D
13:53:00,JSMR,RG,3270,1,F,AK,CC,D
13:52:46,JSMR,RG,3270,31,D,XL,CC,D
13:52:30,JSMR,RG,3270,3,F,AK,CC,D
13:52:30,JSMR,RG,3270,3,F,AK,CC,D
13:52:02,JSMR,RG,3270,5,D,YB,CC,D
13:51:00,JSMR,RG,3270,3,F,AK,CC,D
13:51:00,JSMR,RG,3270,3,F,AK,CC,D
13:48:15,JSMR,RG,3270,1,F,AK,CC,D
13:48:00,JSMR,RG,3270,1,F,AK,CC,D
13:47:27,JSMR,RG,3260,10,D,NI,XC,D
13:46:30,JSMR,RG,3270,9,F,BK,CC,D
13:46:30,JSMR,RG,3270,15,D,KZ,CC,D
13:46:30,JSMR,RG,3270,2,D,YP,CC,D
13:45:52,JSMR,RG,3270,8,D,YP,PD,D
13:45:52,JSMR,RG,3270,7,D,FS,PD,D
13:44:45,JSMR,RG,3270,40,D,FS,NI,D
13:44:45,JSMR,RG,3270,219,D,FS,OD,D
13:44:45,JSMR,RG,3270,42,D,FS,OD,D
13:44:45,JSMR,RG,3270,21,D,FS,OD,D
13:44:45,JSMR,RG,3270,17,D,FS,OD,D
13:44:45,JSMR,RG,3270,10,D,FS,YP,D
13:44:45,JSMR,RG,3270,90,D,FS,AK,F
13:44:45,JSMR,RG,3270,54,D,FS,YP,D
13:44:37,JSMR,RG,3270,7,D,XC,YP,D
13:43:35,JSMR,RG,3270,10,D,YP,YP,D
13:42:41,JSMR,RG,3270,1,D,PD,PD,D
13:42:39,JSMR,RG,3270,114,D,PD,AK,F
13:42:39,JSMR,RG,3270,13,D,PD,BK,F
13:42:39,JSMR,RG,3270,2,D,PD,XC,D
13:42:39,JSMR,RG,3270,10,D,PD,YP,D
13:42:39,JSMR,RG,3270,74,D,PD,CC,D
13:42:32,JSMR,RG,3270,1,D,XC,CC,D
13:42:00,JSMR,RG,3270,25,D,PD,CC,D
13:41:43,JSMR,RG,3270,141,D,YB,AK,F
13:41:43,JSMR,RG,3270,19,D,YB,CC,D
13:41:30,JSMR,RG,3270,1,D,YP,CC,D
13:40:15,JSMR,RG,3270,10,D,YP,CC,D
13:39:54,JSMR,RG,3270,18,D,KZ,CC,D
13:39:31,JSMR,RG,3270,50,D,PD,NI,D
13:39:31,JSMR,RG,3270,3,D,PD,NI,D
13:39:31,JSMR,RG,3270,200,D,PD,CC,D
13:39:31,JSMR,RG,3270,148,D,PD,AK,F
13:39:31,JSMR,RG,3270,10,D,PD,YP,D
13:39:31,JSMR,RG,3270,5,D,PD,XC,D
13:39:31,JSMR,RG,3270,1,D,PD,LG,D
13:39:31,JSMR,RG,3270,15,D,PD,EP,D
13:39:31,JSMR,RG,3270,28,D,PD,NI,D
13:39:31,JSMR,RG,3270,1,D,PD,YP,D
13:39:31,JSMR,RG,3270,5,D,PD,CP,D
13:39:31,JSMR,RG,3270,12,D,PD,BK,F
13:39:31,JSMR,RG,3270,179,D,PD,YP,D
13:38:10,JSMR,RG,3260,1,D,NI,PD,D
13:37:53,JSMR,RG,3270,1,D,XC,YP,D
13:35:23,JSMR,RG,3270,5,D,XC,YP,D
13:30:19,JSMR,RG,3270,18,D,KZ,YP,D
13:30:19,JSMR,RG,3270,14,D,KZ,NI,D
13:30:05,JSMR,RG,3270,12,F,AK,NI,D
13:30:05,JSMR,RG,3270,12,F,AK,NI,D
13:30:05,JSMR,RG,3270,2,F,AK,NI,D
13:30:05,JSMR,RG,3270,2,F,AK,NI,D
13:30:03,JSMR,RG,3270,1,D,XL,NI,D
13:30:03,JSMR,RG,3270,7,D,OD,NI,D
13:30:03,JSMR,RG,3270,3,D,OD,OD,D
13:30:03,JSMR,RG,3270,25,D,YP,OD,D
13:30:02,JSMR,RG,3270,1,D,XL,OD,D
13:30:02,JSMR,RG,3270,13,D,XC,OD,D
13:30:02,JSMR,RG,3270,102,D,XC,OD,D
13:30:02,JSMR,RG,3270,1,D,YP,OD,D
13:30:01,JSMR,RG,3270,5,D,PD,OD,D
13:30:01,JSMR,RG,3270,1,D,PD,OD,D
13:30:01,JSMR,RG,3270,20,D,PD,OD,D
13:30:01,JSMR,RG,3270,2,D,XC,OD,D
13:30:01,JSMR,RG,3270,10,D,YB,OD,D
13:30:01,JSMR,RG,3270,3,D,XC,OD,D
13:30:01,JSMR,RG,3270,4,D,XC,OD,D
11:28:43,JSMR,RG,3270,2,D,PD,OD,D
11:28:01,JSMR,RG,3270,2,F,AK,OD,D
11:28:00,JSMR,RG,3270,15,D,KZ,OD,D
11:28:00,JSMR,RG,3270,2,F,AK,OD,D
11:27:59,JSMR,RG,3270,1,D,EP,OD,D
11:27:55,JSMR,RG,3270,7,D,PD,OD,D
11:27:01,JSMR,RG,3270,2,F,AK,OD,D
11:27:00,JSMR,RG,3270,2,F,AK,OD,D
11:26:31,JSMR,RG,3270,1,F,AK,OD,D
11:26:30,JSMR,RG,3270,8,F,BK,OD,D
11:26:00,JSMR,RG,3270,2,F,AK,OD,D
11:25:28,JSMR,RG,3270,1,F,AK,OD,D
11:25:28,JSMR,RG,3270,1,D,PD,OD,D
11:25:28,JSMR,RG,3260,12,D,NI,BK,F
11:25:16,JSMR,RG,3270,2,F,AK,OD,D
11:24:46,JSMR,RG,3270,1,F,AK,OD,D
11:24:45,JSMR,RG,3270,1,F,AK,OD,D
11:24:16,JSMR,RG,3270,1,F,AK,OD,D
11:24:15,JSMR,RG,3270,1,F,AK,OD,D
11:24:15,JSMR,RG,3270,1,F,AK,OD,D
11:21:45,JSMR,RG,3270,1,F,AK,OD,D
11:19:53,JSMR,RG,3270,17,D,DR,OD,D
11:19:53,JSMR,RG,3270,13,D,DR,OD,D
11:18:40,JSMR,RG,3270,5,D,NI,OD,D
11:18:25,JSMR,RG,3270,3,D,KZ,OD,D
11:18:25,JSMR,RG,3270,9,D,KZ,OD,D
11:16:02,JSMR,RG,3270,1,D,DH,OD,D
11:15:56,JSMR,RG,3270,3,D,DH,OD,D
11:12:57,JSMR,RG,3270,1,D,YP,OD,D
11:12:25,JSMR,RG,3270,3,D,DH,OD,D
11:11:20,JSMR,RG,3270,15,D,PD,AK,F
11:11:20,JSMR,RG,3270,35,D,PD,NI,D
11:11:20,JSMR,RG,3270,15,D,KK,NI,D
11:11:08,JSMR,RG,3270,30,D,PD,OD,D
11:11:08,JSMR,RG,3270,20,D,PD,OD,D
11:08:58,JSMR,RG,3260,3,D,NI,XC,D
11:08:36,JSMR,RG,3260,1,D,NI,XC,D
11:08:28,JSMR,RG,3260,2,D,NI,XC,D
11:08:03,JSMR,RG,3270,2,D,YP,OD,D
11:08:03,JSMR,RG,3270,2,F,AK,OD,D
11:08:03,JSMR,RG,3270,2,F,AK,OD,D
11:08:03,JSMR,RG,3270,1,F,AK,OD,D
11:08:03,JSMR,RG,3270,7,D,KZ,OD,D
11:08:03,JSMR,RG,3270,121,D,YP,OD,D
11:08:03,JSMR,RG,3270,15,D,YP,OD,D
11:08:03,JSMR,RG,3270,12,D,YP,OD,D
11:08:00,JSMR,RG,3270,50,D,YP,NI,D
11:07:46,JSMR,RG,3270,50,D,YP,NI,D
11:07:21,JSMR,RG,3270,16,D,YP,XA,D
11:07:21,JSMR,RG,3270,12,D,YP,BK,F
11:07:21,JSMR,RG,3270,30,D,YP,NI,D
11:06:31,JSMR,RG,3270,3,D,YP,NI,D
11:06:16,JSMR,RG,3270,3,D,YP,NI,D
11:05:55,JSMR,RG,3270,1,D,PD,NI,D
11:05:34,JSMR,RG,3270,1,D,MK,NI,D
11:05:33,JSMR,RG,3270,1,F,AK,NI,D
11:05:33,JSMR,RG,3270,1,F,AK,NI,D
11:05:33,JSMR,RG,3270,1,F,AK,NI,D
11:05:33,JSMR,RG,3270,1,F,AK,NI,D
11:05:33,JSMR,RG,3270,1,F,AK,NI,D
11:05:33,JSMR,RG,3270,1,F,AK,NI,D
11:05:33,JSMR,RG,3270,3,F,AK,NI,D
11:05:33,JSMR,RG,3270,3,F,AK,NI,D
11:05:15,JSMR,RG,3260,387,D,NI,YP,D
11:05:15,JSMR,RG,3260,5,D,BQ,YP,D
11:05:15,JSMR,RG,3260,100,D,YP,YP,D
11:05:15,JSMR,RG,3260,1,D,NI,YP,D
11:05:15,JSMR,RG,3260,1,D,YP,YP,D
11:05:15,JSMR,RG,3260,20,D,SQ,YP,D
11:05:15,JSMR,RG,3260,20,D,PD,YP,D
11:05:15,JSMR,RG,3260,2,D,ZP,YP,D
11:05:15,JSMR,RG,3260,1,D,DH,YP,D
11:05:15,JSMR,RG,3260,1,D,CC,YP,D
11:05:15,JSMR,RG,3260,1,D,PD,YP,D
11:05:15,JSMR,RG,3260,30,D,CC,YP,D
11:05:15,JSMR,RG,3260,5,D,AZ,YP,D
11:05:15,JSMR,RG,3260,50,D,PD,YP,D
11:05:15,JSMR,RG,3260,2,D,SQ,YP,D
11:05:15,JSMR,RG,3260,50,D,CC,YP,D
11:05:15,JSMR,RG,3260,2,D,DX,YP,D
11:05:15,JSMR,RG,3260,10,D,YB,YP,D
11:05:15,JSMR,RG,3260,1,D,SQ,YP,D
11:05:15,JSMR,RG,3260,20,D,YP,YP,D
11:05:15,JSMR,RG,3260,5,D,EP,YP,D
11:05:15,JSMR,RG,3260,2,D,PD,YP,D
11:05:15,JSMR,RG,3260,5,D,OD,YP,D
11:05:15,JSMR,RG,3260,5,D,CC,YP,D
11:05:15,JSMR,RG,3260,5,D,XC,YP,D
11:05:15,JSMR,RG,3260,1,D,YU,YP,D
11:05:15,JSMR,RG,3260,3,D,DR,YP,D
11:05:15,JSMR,RG,3260,300,D,LG,YP,D
11:05:15,JSMR,RG,3260,1,D,YP,YP,D
11:05:15,JSMR,RG,3260,100,D,CC,YP,D
11:05:15,JSMR,RG,3260,100,D,BQ,YP,D
11:05:15,JSMR,RG,3260,10,D,SQ,YP,D
11:05:15,JSMR,RG,3260,1,D,YB,YP,D
11:05:15,JSMR,RG,3260,800,D,YP,YP,D
11:05:15,JSMR,RG,3260,100,D,CC,YP,D
11:05:15,JSMR,RG,3260,5,D,AZ,YP,D
11:05:15,JSMR,RG,3260,10,D,GR,YP,D
11:05:15,JSMR,RG,3260,1,D,YP,YP,D
11:05:15,JSMR,RG,3260,10,D,YP,YP,D
11:05:15,JSMR,RG,3260,3,D,XC,YP,D
11:05:15,JSMR,RG,3260,50,D,YP,YP,D
11:05:15,JSMR,RG,3260,10,D,XC,YP,D
11:05:15,JSMR,RG,3260,100,D,PD,YP,D
11:05:15,JSMR,RG,3260,260,D,YP,YP,D
11:05:15,JSMR,RG,3260,3,D,PD,YP,D
11:05:15,JSMR,RG,3260,2,D,YP,YP,D
11:05:15,JSMR,RG,3260,2,D,PD,YP,D
11:05:15,JSMR,RG,3260,1,D,BQ,YP,D
11:05:15,JSMR,RG,3260,3,D,KK,YP,D
11:05:15,JSMR,RG,3260,10,D,YP,YP,D
11:05:15,JSMR,RG,3260,5,D,YP,YP,D
11:05:15,JSMR,RG,3260,40,D,NI,YP,D
11:05:15,JSMR,RG,3260,1,D,CC,YP,D
11:05:15,JSMR,RG,3260,5,D,YP,YP,D
11:05:15,JSMR,RG,3260,10,D,PD,YP,D
11:05:15,JSMR,RG,3260,790,F,AK,YP,D
11:05:15,JSMR,RG,3260,1,D,YB,YP,D
11:05:15,JSMR,RG,3260,2,D,PD,YP,D
11:05:15,JSMR,RG,3260,10,D,CC,YP,D
11:05:15,JSMR,RG,3260,1,D,YP,YP,D
11:05:15,JSMR,RG,3260,1,D,XC,YP,D
11:05:15,JSMR,RG,3260,4,D,GR,YP,D
11:05:15,JSMR,RG,3260,10,D,CC,YP,D
11:05:15,JSMR,RG,3260,2,D,SQ,YP,D
11:05:15,JSMR,RG,3260,30,D,YP,YP,D
11:05:15,JSMR,RG,3260,10,D,NI,YP,D
11:05:15,JSMR,RG,3260,179,D,KK,YP,D
11:05:15,JSMR,RG,3260,10,D,CC,YP,D
11:05:15,JSMR,RG,3260,10,D,PD,YP,D
11:05:15,JSMR,RG,3260,100,D,SQ,YP,D
11:05:15,JSMR,RG,3260,5,D,CC,YP,D
11:05:15,JSMR,RG,3260,10,D,CC,YP,D
11:05:15,JSMR,RG,3260,1,D,XL,YP,D
11:05:15,JSMR,RG,3260,1,D,XA,YP,D
11:05:15,JSMR,RG,3260,1,D,XL,YP,D
11:05:15,JSMR,RG,3260,1,D,LS,YP,D
11:05:15,JSMR,RG,3260,10,D,YP,YP,D
11:05:15,JSMR,RG,3260,1,D,YP,YP,D
11:05:15,JSMR,RG,3260,1,D,LG,YP,D
11:05:15,JSMR,RG,3260,1,D,NI,YP,D
11:05:15,JSMR,RG,3260,1,D,PD,YP,D
11:05:15,JSMR,RG,3260,10,D,PD,YP,D
11:05:15,JSMR,RG,3260,1,D,YP,YP,D
11:05:15,JSMR,RG,3260,1,D,PD,YP,D
11:05:15,JSMR,RG,3260,3,D,SQ,YP,D
11:05:15,JSMR,RG,3260,10,D,XC,YP,D
11:05:15,JSMR,RG,3260,1,D,ZP,YP,D
11:05:15,JSMR,RG,3260,8,D,EP,YP,D
11:05:15,JSMR,RG,3270,1,D,KK,YP,D
11:05:15,JSMR,RG,3270,2,D,KK,YP,D
11:05:15,JSMR,RG,3270,1,D,NI,YP,D
11:05:15,JSMR,RG,3270,250,D,KK,YP,D
11:05:15,JSMR,RG,3270,100,D,CC,YP,D
11:05:15,JSMR,RG,3270,1,D,KK,YP,D
11:05:15,JSMR,RG,3270,20,D,LG,YP,D
11:05:15,JSMR,RG,3270,3,D,YP,YP,D
11:05:15,JSMR,RG,3270,5,D,YB,YP,D
11:05:15,JSMR,RG,3270,1,F,AK,YP,D
11:05:15,JSMR,RG,3270,1,F,AK,YP,D
11:05:15,JSMR,RG,3270,1,D,XA,YP,D
11:05:15,JSMR,RG,3270,5,D,NI,YP,D
11:05:15,JSMR,RG,3270,1,F,AK,YP,D
11:05:15,JSMR,RG,3270,1,F,AK,YP,D
11:05:15,JSMR,RG,3270,5,F,BK,YP,D
11:05:15,JSMR,RG,3270,231,F,BK,YP,D
11:05:15,JSMR,RG,3270,15,D,DH,YP,D
11:05:15,JSMR,RG,3270,2,D,DH,YP,D
11:05:15,JSMR,RG,3270,20,D,EP,YP,D
11:05:15,JSMR,RG,3270,129,D,YU,YP,D
11:05:15,JSMR,RG,3270,3,D,KZ,YP,D
11:05:15,JSMR,RG,3270,1,D,LS,YP,D
11:05:15,JSMR,RG,3270,8,D,XC,YP,D
11:05:15,JSMR,RG,3270,2,D,CC,YP,D
11:05:15,JSMR,RG,3270,1,D,NI,YP,D
11:05:15,JSMR,RG,3270,19,D,XC,YP,D
11:05:15,JSMR,RG,3270,1,D,XC,YP,D
11:05:15,JSMR,RG,3270,10,D,XC,YP,D
11:05:15,JSMR,RG,3270,1,D,PD,YP,D
11:05:15,JSMR,RG,3270,30,D,CC,YP,D
11:05:15,JSMR,RG,3270,6,D,NI,YP,D
11:05:15,JSMR,RG,3270,3,D,PD,YP,D
11:05:15,JSMR,RG,3270,2,F,AK,YP,D
11:05:15,JSMR,RG,3270,2,F,AK,YP,D
11:05:15,JSMR,RG,3270,1,D,YJ,YP,D
11:05:15,JSMR,RG,3270,1,D,XL,YP,D
11:05:15,JSMR,RG,3270,25,D,YP,YP,D
11:05:15,JSMR,RG,3270,20,D,EP,YP,D
11:05:15,JSMR,RG,3270,5,D,SQ,YP,D
11:05:15,JSMR,RG,3270,2,D,YP,YP,D
11:05:15,JSMR,RG,3270,100,D,CC,YP,D
11:05:15,JSMR,RG,3270,1000,D,CC,YP,D
11:05:15,JSMR,RG,3270,1000,D,NI,YP,D
11:05:15,JSMR,RG,3270,3,F,AK,YP,D
11:05:15,JSMR,RG,3270,3,F,AK,YP,D
11:05:15,JSMR,RG,3270,1,D,YP,YP,D
11:05:15,JSMR,RG,3270,1,F,OD,YP,D
11:05:15,JSMR,RG,3270,5,D,PD,YP,D
11:05:15,JSMR,RG,3270,170,D,YP,YP,D
11:05:15,JSMR,RG,3270,2,D,PD,YP,D
11:05:15,JSMR,RG,3270,1,F,AK,YP,D
11:05:15,JSMR,RG,3270,1,F,AK,YP,D
11:05:15,JSMR,RG,3270,30,D,YP,YP,D
11:05:15,JSMR,RG,3270,2,D,PD,YP,D
11:05:15,JSMR,RG,3270,5,D,BQ,YP,D
11:05:15,JSMR,RG,3270,10,D,PD,YP,D
11:05:15,JSMR,RG,3270,50,D,PD,YP,D
11:05:15,JSMR,RG,3270,2,D,DX,YP,D
11:05:15,JSMR,RG,3270,3,D,KK,YP,D
11:05:15,JSMR,RG,3270,10,D,SQ,YP,D
11:05:15,JSMR,RG,3270,1,D,KK,YP,D
11:05:15,JSMR,RG,3270,8,D,KK,YP,D
11:05:15,JSMR,RG,3270,10,D,NI,YP,D
11:05:15,JSMR,RG,3270,1,D,XC,YP,D
11:05:15,JSMR,RG,3270,15,D,ZP,YP,D
11:05:15,JSMR,RG,3270,2,D,PD,YP,D
11:05:15,JSMR,RG,3270,30,D,CC,YP,D
11:05:15,JSMR,RG,3270,1,D,NI,YP,D
11:05:15,JSMR,RG,3270,10,D,GR,YP,D
11:05:15,JSMR,RG,3270,4,D,SQ,YP,D
11:05:15,JSMR,RG,3270,10,D,NI,YP,D
11:05:15,JSMR,RG,3270,5,D,CC,YP,D
11:05:15,JSMR,RG,3270,1,D,YP,YP,D
11:05:15,JSMR,RG,3270,1,D,NI,YP,D
11:05:15,JSMR,RG,3270,65,D,NI,YP,D
11:05:15,JSMR,RG,3270,1,D,YP,YP,D
11:05:15,JSMR,RG,3270,1,D,YP,YP,D
11:05:15,JSMR,RG,3270,1,D,CC,YP,D
11:05:15,JSMR,RG,3270,1,D,PD,YP,D
11:05:15,JSMR,RG,3270,3,D,NI,YP,D
11:05:15,JSMR,RG,3270,3,D,AZ,YP,D
11:05:15,JSMR,RG,3270,100,D,PD,YP,D
11:05:15,JSMR,RG,3270,2,D,NI,YP,D
11:05:15,JSMR,RG,3270,100,D,PD,YP,D
11:05:15,JSMR,RG,3270,10,D,PD,YP,D
11:05:15,JSMR,RG,3270,10,D,YP,YP,D
11:05:15,JSMR,RG,3270,1,D,YP,YP,D
11:05:15,JSMR,RG,3270,3,D,YP,YP,D
11:05:15,JSMR,RG,3270,24,D,YP,YP,D
11:04:31,JSMR,RG,3280,1,F,AK,NI,D
11:04:30,JSMR,RG,3280,1,F,AK,NI,D
11:03:45,JSMR,RG,3280,1,F,AK,NI,D
11:02:47,JSMR,RG,3270,5,D,YP,YP,D
11:02:00,JSMR,RG,3280,1,F,AK,NI,D
11:01:57,JSMR,RG,3280,1,D,OD,NI,D
11:01:38,JSMR,RG,3280,5,D,YP,NI,D
11:01:30,JSMR,RG,3280,1,D,XL,NI,D
11:01:01,JSMR,RG,3280,2,F,AK,NI,D
11:01:00,JSMR,RG,3280,1,F,AK,NI,D
11:01:00,JSMR,RG,3280,1,F,AK,BK,F
11:00:18,JSMR,RG,3270,1,D,YP,OD,D
10:59:46,JSMR,RG,3280,1,F,AK,BK,F
10:59:45,JSMR,RG,3280,1,F,AK,BK,F
10:58:30,JSMR,RG,3280,9,D,KZ,BK,F
10:58:30,JSMR,RG,3280,4,D,KZ,YP,D
10:56:36,JSMR,RG,3280,10,D,CC,YP,D
10:55:27,JSMR,RG,3280,1,D,XC,YP,D
10:54:46,JSMR,RG,3280,2,F,AK,YP,D
10:54:46,JSMR,RG,3280,1,F,AK,NI,D
10:54:45,JSMR,RG,3280,3,F,AK,NI,D
10:53:31,JSMR,RG,3280,1,F,AK,NI,D
10:53:30,JSMR,RG,3280,1,F,AK,NI,D
10:50:35,JSMR,RG,3280,7,D,KZ,NI,D
10:49:17,JSMR,RG,3270,1,D,YP,PD,D
10:48:46,JSMR,RG,3280,1,D,DR,NI,D
10:48:40,JSMR,RG,3280,7,D,EP,NI,D
10:47:15,JSMR,RG,3280,9,D,KZ,NI,D
10:42:19,JSMR,RG,3290,1,D,XC,KI,D
10:41:49,JSMR,RG,3280,30,D,EP,OD,D
10:41:49,JSMR,RG,3280,5,D,EP,OD,D
10:41:49,JSMR,RG,3280,45,D,EP,OD,D
10:41:49,JSMR,RG,3280,1,F,AK,OD,D
10:41:49,JSMR,RG,3280,1,F,AK,OD,D
10:41:49,JSMR,RG,3280,8,F,BK,OD,D
10:41:49,JSMR,RG,3280,1,D,LS,OD,D
10:41:49,JSMR,RG,3280,10,D,KZ,OD,D
10:41:49,JSMR,RG,3280,1,D,CC,OD,D
10:41:49,JSMR,RG,3280,3,D,OD,OD,D
10:41:49,JSMR,RG,3280,20,D,YB,OD,D
10:41:49,JSMR,RG,3280,1,D,YP,OD,D
10:41:49,JSMR,RG,3280,1,F,AK,OD,D
10:41:49,JSMR,RG,3280,1,F,AK,OD,D
10:41:49,JSMR,RG,3280,1,F,AK,OD,D
10:41:49,JSMR,RG,3280,1,F,AK,OD,D
10:41:49,JSMR,RG,3280,1,F,AK,OD,D
10:41:49,JSMR,RG,3280,1,F,AK,OD,D
10:41:49,JSMR,RG,3280,87,D,EP,OD,D
10:41:49,JSMR,RG,3280,18,D,EP,OD,D
10:41:49,JSMR,RG,3280,14,D,EP,OD,D
10:40:46,JSMR,RG,3290,9,F,AK,KI,D
10:40:45,JSMR,RG,3290,9,F,AK,KI,D
10:38:46,JSMR,RG,3290,2,F,AK,KI,D
10:38:45,JSMR,RG,3290,2,F,AK,KI,D
10:38:30,JSMR,RG,3290,1,F,AK,KI,D
10:32:45,JSMR,RG,3290,1,F,AK,KI,D
10:30:51,JSMR,RG,3280,10,D,EP,PD,D
10:29:32,JSMR,RG,3290,1,D,CC,KI,D
10:29:12,JSMR,RG,3290,1,D,CC,KI,D
10:28:45,JSMR,RG,3290,1,F,AK,KI,D
10:27:02,JSMR,RG,3280,1,D,EP,KK,D
10:26:51,JSMR,RG,3290,9,F,BK,KI,D
10:26:16,JSMR,RG,3290,7,F,AK,KI,D
10:26:15,JSMR,RG,3290,7,F,AK,KI,D
10:23:46,JSMR,RG,3290,2,F,AK,KI,D
10:23:45,JSMR,RG,3290,2,F,AK,KI,D
10:22:32,JSMR,RG,3290,1,D,XC,KI,D
10:20:30,JSMR,RG,3290,20,D,SQ,KI,D
10:20:07,JSMR,RG,3290,18,D,SQ,KI,D
10:20:07,JSMR,RG,3290,2,D,SQ,CC,D
10:19:56,JSMR,RG,3290,28,D,SQ,CC,D
10:19:56,JSMR,RG,3290,22,D,SQ,XC,D
10:19:26,JSMR,RG,3290,1,D,PD,XC,D
10:19:25,JSMR,RG,3290,1,D,YB,XC,D
10:11:54,JSMR,RG,3290,9,D,DR,XC,D
10:11:54,JSMR,RG,3290,2,D,DR,XL,D
10:11:54,JSMR,RG,3290,5,D,DR,SQ,D
10:11:54,JSMR,RG,3290,20,D,DR,NI,D
10:11:54,JSMR,RG,3290,5,D,DR,YP,D
10:11:54,JSMR,RG,3290,59,D,DR,KI,D
10:10:39,JSMR,RG,3280,70,D,EP,PD,D
10:10:39,JSMR,RG,3280,1,D,YP,PD,D
10:10:39,JSMR,RG,3280,1,D,PD,PD,D
10:10:39,JSMR,RG,3280,17,F,AK,PD,D
10:10:39,JSMR,RG,3280,1,D,PD,PD,D
10:10:39,JSMR,RG,3280,15,D,DH,PD,D
10:10:39,JSMR,RG,3280,5,D,XC,PD,D
10:10:39,JSMR,RG,3280,50,D,PD,PD,D
10:10:39,JSMR,RG,3280,1,F,AK,PD,D
10:10:39,JSMR,RG,3280,1,F,AK,PD,D
10:10:39,JSMR,RG,3280,1,D,KK,PD,D
10:10:39,JSMR,RG,3280,1,F,AK,PD,D
10:10:39,JSMR,RG,3280,1,F,AK,PD,D
10:10:39,JSMR,RG,3280,1,F,AK,PD,D
10:10:39,JSMR,RG,3280,1,F,AK,PD,D
10:10:39,JSMR,RG,3280,1,D,KK,PD,D
10:10:39,JSMR,RG,3280,10,D,TP,PD,D
10:10:39,JSMR,RG,3280,4,D,YP,PD,D
10:10:39,JSMR,RG,3280,1,D,YP,PD,D
10:10:39,JSMR,RG,3280,17,D,DR,PD,D
10:10:01,JSMR,RG,3290,5,F,AK,KI,D
10:10:00,JSMR,RG,3290,5,F,AK,KI,D
10:09:52,JSMR,RG,3280,40,D,DR,YP,D
10:09:03,JSMR,RG,3280,1,D,DR,KK,D
10:08:00,JSMR,RG,3290,1,F,AK,KI,D
10:08:00,JSMR,RG,3290,1,F,AK,KI,D
10:01:46,JSMR,RG,3280,1,D,DR,YP,D
10:01:44,JSMR,RG,3290,25,D,CC,KI,D
10:00:36,JSMR,RG,3290,5,D,CC,KI,D
09:55:10,JSMR,RG,3280,1,D,DR,PD,D
09:55:10,JSMR,RG,3280,1,F,AK,PD,D
09:55:10,JSMR,RG,3280,1,F,AK,PD,D
09:55:10,JSMR,RG,3280,1,F,AK,PD,D
09:55:07,JSMR,RG,3280,1,F,AK,XC,D
09:55:07,JSMR,RG,3280,1,F,AK,XC,D
09:55:07,JSMR,RG,3280,1,F,AK,XC,D
09:55:07,JSMR,RG,3280,1,F,AK,XC,D
09:55:07,JSMR,RG,3280,1,F,AK,XC,D
09:55:07,JSMR,RG,3280,1,D,YP,XC,D
09:55:07,JSMR,RG,3280,10,D,CC,XC,D
09:54:59,JSMR,RG,3280,1,D,CC,PD,D
09:54:59,JSMR,RG,3280,5,D,YP,PD,D
09:54:59,JSMR,RG,3280,2,D,XC,PD,D
09:54:59,JSMR,RG,3280,1,D,YP,PD,D
09:53:57,JSMR,RG,3280,2,D,YP,AK,F
09:49:53,JSMR,RG,3290,50,D,PD,KI,D
09:48:36,JSMR,RG,3290,49,D,PD,KI,D
09:48:36,JSMR,RG,3290,1,D,PD,AK,F
09:48:00,JSMR,RG,3290,3,D,YU,YP,D
09:47:42,JSMR,RG,3290,5,D,YU,YP,D
09:47:42,JSMR,RG,3290,2,D,YU,YP,D
09:46:16,JSMR,RG,3280,1,D,YP,NI,D
09:46:16,JSMR,RG,3280,1,F,AK,NI,D
09:46:16,JSMR,RG,3280,1,F,AK,NI,D
09:46:16,JSMR,RG,3280,1,F,AK,NI,D
09:46:16,JSMR,RG,3280,1,F,AK,NI,D
09:46:16,JSMR,RG,3280,1,F,AK,NI,D
09:46:16,JSMR,RG,3280,1,F,AK,NI,D
09:44:17,JSMR,RG,3290,5,D,YP,OD,D
09:44:17,JSMR,RG,3290,5,D,YP,YP,D
09:44:17,JSMR,RG,3290,10,D,YP,YP,D
09:44:17,JSMR,RG,3290,3,D,YP,NI,D
09:44:12,JSMR,RG,3290,1,D,PD,NI,D
09:43:45,JSMR,RG,3290,4,D,KK,NI,D
09:41:45,JSMR,RG,3290,7,D,YP,NI,D
09:41:17,JSMR,RG,3290,15,D,PD,NI,D
09:41:17,JSMR,RG,3290,2,D,PD,YP,D
09:41:17,JSMR,RG,3290,42,D,PD,OD,D
09:41:17,JSMR,RG,3290,218,D,PD,OD,D
09:41:17,JSMR,RG,3290,21,D,PD,OD,D
09:41:17,JSMR,RG,3290,2,D,PD,OD,D
09:40:54,JSMR,RG,3290,1,F,AK,OD,D
09:40:54,JSMR,RG,3290,1,F,AK,OD,D
09:40:54,JSMR,RG,3290,1,F,AK,OD,D
09:40:54,JSMR,RG,3290,8,F,BK,OD,D
09:40:54,JSMR,RG,3290,1,F,AK,OD,D
09:40:54,JSMR,RG,3290,1,F,AK,OD,D
09:40:54,JSMR,RG,3290,1,F,AK,OD,D
09:40:54,JSMR,RG,3290,1,F,AK,OD,D
09:40:52,JSMR,RG,3290,5,F,AK,AK,F
09:40:52,JSMR,RG,3290,1,F,AK,AK,F
09:40:52,JSMR,RG,3290,1,F,AK,AK,F
09:40:52,JSMR,RG,3290,1,F,AK,AK,F
09:40:52,JSMR,RG,3290,6,F,AK,AK,F
09:40:52,JSMR,RG,3300,54,D,XL,YP,D
09:40:52,JSMR,RG,3300,4,D,XL,YP,D
09:40:52,JSMR,RG,3300,30,D,XL,CC,D
09:40:52,JSMR,RG,3300,10,D,XL,YP,D
09:40:52,JSMR,RG,3300,1,D,XL,YP,D
09:40:52,JSMR,RG,3300,50,D,XL,CC,D
09:40:52,JSMR,RG,3300,1,D,XL,YP,D
09:40:52,JSMR,RG,3300,1,D,XL,GR,D
09:40:52,JSMR,RG,3300,15,D,XL,YP,D
09:40:52,JSMR,RG,3300,1,D,XL,XC,D
09:40:52,JSMR,RG,3300,8,D,XL,EP,D
09:40:52,JSMR,RG,3300,127,D,XL,KK,D
09:40:42,JSMR,RG,3290,42,D,YP,OD,D
09:40:42,JSMR,RG,3290,218,D,YP,OD,D
09:40:42,JSMR,RG,3290,21,D,YP,OD,D
09:40:42,JSMR,RG,3290,17,D,YP,OD,D
09:40:40,JSMR,RG,3290,42,D,YP,OD,D
09:40:40,JSMR,RG,3290,218,D,YP,OD,D
09:40:40,JSMR,RG,3290,21,D,YP,OD,D
09:40:40,JSMR,RG,3290,17,D,YP,OD,D
09:40:17,JSMR,RG,3290,29,D,YP,AK,F
09:40:17,JSMR,RG,3290,42,D,YP,OD,D
09:40:16,JSMR,RG,3290,218,D,YP,OD,D
09:40:16,JSMR,RG,3290,21,D,YP,OD,D
09:40:16,JSMR,RG,3290,17,D,YP,OD,D
09:40:16,JSMR,RG,3290,6,D,YP,OD,D
09:40:16,JSMR,RG,3290,1,D,YP,OD,D
09:40:02,JSMR,RG,3290,1,D,YP,XL,D
09:39:24,JSMR,RG,3290,1,D,YP,DX,D
09:39:21,JSMR,RG,3300,1,F,AK,KK,D
09:39:21,JSMR,RG,3300,1,F,AK,KK,D
09:39:21,JSMR,RG,3290,400,D,YP,YP,D
09:39:21,JSMR,RG,3290,1,D,YP,YP,D
09:39:21,JSMR,RG,3290,1,D,YP,XC,D
09:39:21,JSMR,RG,3290,7,D,YP,DH,D
09:39:21,JSMR,RG,3290,4,D,YP,XC,D
09:39:21,JSMR,RG,3290,6,D,YP,YP,D
09:39:21,JSMR,RG,3290,20,D,YP,NI,D
09:39:21,JSMR,RG,3290,2,D,YP,KK,D
09:39:21,JSMR,RG,3290,30,D,YP,YP,D
09:39:21,JSMR,RG,3290,5,D,YP,XC,D
09:39:21,JSMR,RG,3290,2,D,YP,PD,D
09:39:21,JSMR,RG,3290,10,D,YP,YP,D
09:39:21,JSMR,RG,3290,50,D,YP,YP,D
09:39:21,JSMR,RG,3290,20,D,YP,NI,D
09:39:21,JSMR,RG,3290,2,D,YP,XL,D
09:39:21,JSMR,RG,3290,277,D,YP,KI,D
09:39:21,JSMR,RG,3280,50,D,YP,NI,D
09:39:21,JSMR,RG,3280,25,D,YP,PD,D
09:39:21,JSMR,RG,3280,245,D,YP,YP,D
09:39:21,JSMR,RG,3280,20,D,YP,LG,D
09:39:21,JSMR,RG,3280,20,D,YP,SQ,D
09:39:21,JSMR,RG,3280,33,D,YP,XL,D
09:39:14,JSMR,RG,3280,1,D,YP,XL,D
09:39:11,JSMR,RG,3280,1,D,DH,XL,D
09:37:30,JSMR,RG,3280,1,F,AK,XL,D
09:37:30,JSMR,RG,3280,1,F,AK,XL,D
09:37:09,JSMR,RG,3280,2,D,DX,XL,D
09:36:21,JSMR,RG,3280,1,D,YP,XL,D
09:34:40,JSMR,RG,3280,8,D,KK,XL,D
09:34:40,JSMR,RG,3280,1,D,XC,XL,D
09:34:40,JSMR,RG,3280,1,D,YP,XL,D
09:34:40,JSMR,RG,3280,50,D,SQ,XL,D
09:34:02,JSMR,RG,3280,1,D,SQ,KK,D
09:32:48,JSMR,RG,3290,3,D,YP,KI,D
09:32:10,JSMR,RG,3280,5,D,SQ,PD,D
09:32:10,JSMR,RG,3280,44,D,SQ,NI,D
09:31:13,JSMR,RG,3280,6,D,ZP,NI,D
09:30:21,JSMR,RG,3280,4,D,ZP,SQ,D
09:30:12,JSMR,RG,3280,5,D,ZP,AK,F
09:30:04,JSMR,RG,3280,1,D,KK,OD,D
09:30:04,JSMR,RG,3280,1,D,YP,OD,D
09:30:04,JSMR,RG,3280,3,D,XL,OD,D
09:30:04,JSMR,RG,3280,24,D,XL,OD,D
09:30:04,JSMR,RG,3280,1,D,XL,OD,D
09:30:04,JSMR,RG,3280,1,F,BK,OD,D
09:30:04,JSMR,RG,3280,2,F,BK,OD,D
09:29:40,JSMR,RG,3280,5,F,BK,OD,D
09:29:40,JSMR,RG,3280,2,D,PD,OD,D
09:28:45,JSMR,RG,3290,3,D,YP,KI,D
09:28:23,JSMR,RG,3290,1,D,PD,KI,D
09:27:47,JSMR,RG,3290,2,D,PD,KI,D
09:27:15,JSMR,RG,3280,1,D,PD,DR,D
09:27:15,JSMR,RG,3280,1,D,YP,DR,D
09:27:15,JSMR,RG,3280,1,D,NI,DR,D
09:25:08,JSMR,RG,3280,1,D,PD,AK,F
09:25:08,JSMR,RG,3280,2,D,PD,AK,F
09:25:08,JSMR,RG,3280,5,D,PD,OD,D
09:25:08,JSMR,RG,3280,6,D,PD,OD,D
09:25:08,JSMR,RG,3280,10,D,PD,CC,D
09:25:08,JSMR,RG,3280,46,D,PD,OD,D
09:24:56,JSMR,RG,3280,4,D,YP,OD,D
09:24:56,JSMR,RG,3280,6,D,YP,NI,D
09:22:44,JSMR,RG,3280,1,D,YP,NI,D
09:22:23,JSMR,RG,3280,5,D,CC,NI,D
09:21:13,JSMR,RG,3280,5,D,XC,NI,D
09:21:11,JSMR,RG,3280,13,D,GR,NI,D
09:21:11,JSMR,RG,3280,7,D,GR,KK,D
09:21:10,JSMR,RG,3280,1,D,PD,KK,D
09:20:41,JSMR,RG,3280,1,D,CC,KK,D
09:19:55,JSMR,RG,3280,1,D,NI,AK,F
09:17:56,JSMR,RG,3270,5,D,YP,CC,D
09:17:33,JSMR,RG,3270,34,D,YP,CC,D
09:17:33,JSMR,RG,3270,100,D,PD,CC,D
09:17:33,JSMR,RG,3270,1,D,KK,CC,D
09:17:33,JSMR,RG,3270,1,D,XC,CC,D
09:17:33,JSMR,RG,3270,1,D,YU,CC,D
09:17:33,JSMR,RG,3270,1,F,AK,CC,D
09:17:33,JSMR,RG,3270,1,F,AK,CC,D
09:17:33,JSMR,RG,3270,1,F,AK,CC,D
09:17:33,JSMR,RG,3270,1,D,YP,CC,D
09:17:33,JSMR,RG,3270,2,D,YP,CC,D
09:17:33,JSMR,RG,3270,1,F,AK,CC,D
09:17:33,JSMR,RG,3270,1,F,AK,CC,D
09:17:33,JSMR,RG,3270,102,D,CC,CC,D
09:17:33,JSMR,RG,3270,1,D,SQ,CC,D
09:17:33,JSMR,RG,3270,10,D,XC,CC,D
09:17:33,JSMR,RG,3270,25,D,KK,CC,D
09:16:44,JSMR,RG,3280,4,D,TF,AK,F
09:16:44,JSMR,RG,3280,1,D,TF,OD,D
09:16:44,JSMR,RG,3280,2,D,YP,OD,D
09:16:44,JSMR,RG,3280,1,D,YP,OD,D
09:16:44,JSMR,RG,3280,1,F,AK,OD,D
09:16:39,JSMR,RG,3290,3,D,XC,KI,D
09:16:08,JSMR,RG,3290,11,D,PD,KI,D
09:16:08,JSMR,RG,3290,5,D,PD,OD,D
09:16:08,JSMR,RG,3290,1,D,PD,OD,D
09:16:08,JSMR,RG,3290,3,D,PD,OD,D
09:16:03,JSMR,RG,3290,1,D,YP,OD,D
09:15:38,JSMR,RG,3290,7,D,YP,OD,D
09:15:38,JSMR,RG,3290,59,D,YP,OD,D
09:15:38,JSMR,RG,3290,6,D,YP,OD,D
09:15:38,JSMR,RG,3290,4,D,YP,OD,D
09:15:24,JSMR,RG,3290,9,D,YP,AK,F
09:15:23,JSMR,RG,3290,20,D,YP,NI,D
09:15:23,JSMR,RG,3290,15,D,YP,YP,D
09:15:23,JSMR,RG,3290,1,D,YP,PD,D
09:15:23,JSMR,RG,3290,14,D,YP,YP,D
09:15:23,JSMR,RG,3290,20,D,YP,SQ,D
09:15:23,JSMR,RG,3290,200,D,YP,YP,D
09:15:23,JSMR,RG,3290,30,D,YP,CC,D
09:15:23,JSMR,RG,3290,10,D,YP,YP,D
09:15:23,JSMR,RG,3290,5,D,YP,CD,D
09:15:23,JSMR,RG,3290,50,D,YP,CC,D
09:15:23,JSMR,RG,3280,10,D,YP,YP,D
09:15:23,JSMR,RG,3280,25,D,YP,OD,D
09:15:23,JSMR,RG,3280,15,D,YP,NI,D
09:14:56,JSMR,RG,3280,5,D,PD,NI,D
09:14:56,JSMR,RG,3280,50,D,PD,YP,D
09:14:56,JSMR,RG,3280,1,D,PD,KK,D
09:14:56,JSMR,RG,3280,1,D,PD,KK,D
09:14:56,JSMR,RG,3280,1,D,PD,KK,D
09:14:56,JSMR,RG,3280,10,D,PD,XA,D
09:14:56,JSMR,RG,3280,7,D,PD,PD,D
09:14:32,JSMR,RG,3280,5,D,PD,PD,D
09:14:32,JSMR,RG,3280,1,D,PD,YB,D
09:14:32,JSMR,RG,3280,4,D,PD,YP,D
09:14:32,JSMR,RG,3280,30,D,PD,CC,D
09:14:32,JSMR,RG,3280,10,D,PD,YP,D
09:10:09,JSMR,RG,3270,1,D,KK,AK,F
09:10:09,JSMR,RG,3270,14,D,KK,AK,F
09:10:07,JSMR,RG,3270,2,F,AK,OD,D
09:10:07,JSMR,RG,3270,2,F,AK,OD,D
09:10:07,JSMR,RG,3270,1,D,YP,OD,D
09:10:07,JSMR,RG,3270,17,D,OD,OD,D
09:10:07,JSMR,RG,3270,33,D,OD,OD,D
09:10:07,JSMR,RG,3270,20,D,YB,OD,D
09:10:07,JSMR,RG,3270,2,F,AK,OD,D
09:10:07,JSMR,RG,3270,2,F,AK,OD,D
09:10:07,JSMR,RG,3270,60,D,PD,OD,D
09:10:07,JSMR,RG,3270,11,D,PD,OD,D
09:10:07,JSMR,RG,3270,9,D,PD,OD,D
09:09:16,JSMR,RG,3270,20,D,PD,YP,D
09:07:31,JSMR,RG,3270,2,D,PD,AK,F
09:07:31,JSMR,RG,3270,3,D,PD,AK,F
09:07:31,JSMR,RG,3270,5,D,PD,YP,D
09:07:31,JSMR,RG,3270,18,D,PD,NI,D
09:07:31,JSMR,RG,3270,4,D,PD,OD,D
09:06:02,JSMR,RG,3270,1,D,SQ,OD,D
09:06:02,JSMR,RG,3270,20,D,CC,OD,D
09:04:59,JSMR,RG,3270,1,D,YP,OD,D
09:04:59,JSMR,RG,3270,15,D,DR,OD,D
09:04:59,JSMR,RG,3270,35,D,DR,OD,D
09:04:59,JSMR,RG,3270,48,D,PD,OD,D
09:04:59,JSMR,RG,3270,2,D,PD,OD,D
09:04:59,JSMR,RG,3270,2,F,AK,OD,D
09:04:59,JSMR,RG,3270,2,F,AK,OD,D
09:04:59,JSMR,RG,3270,1,F,AK,OD,D
09:04:59,JSMR,RG,3270,1,D,NI,OD,D
09:04:59,JSMR,RG,3270,4,D,NI,OD,D
09:04:59,JSMR,RG,3270,1,F,AK,OD,D
09:04:59,JSMR,RG,3270,2,D,OD,OD,D
09:04:49,JSMR,RG,3270,2,D,OD,OD,D
09:04:49,JSMR,RG,3270,1,D,XL,OD,D
09:04:49,JSMR,RG,3270,2,F,AK,OD,D
09:04:43,JSMR,RG,3270,1,F,AK,OD,D
09:04:32,JSMR,RG,3280,3,D,YB,CC,D
09:04:24,JSMR,RG,3280,3,D,OD,CC,D
09:04:01,JSMR,RG,3280,2,D,PD,CC,D
09:03:59,JSMR,RG,3280,1,D,YP,CC,D
09:03:55,JSMR,RG,3280,1,D,YP,CC,D
09:03:51,JSMR,RG,3280,20,D,SQ,CC,D
09:03:45,JSMR,RG,3280,6,D,LG,CC,D
09:03:42,JSMR,RG,3280,2,D,CC,CC,D
09:03:19,JSMR,RG,3280,3,D,PD,CC,D
09:03:00,JSMR,RG,3270,3,F,AK,CC,D
09:02:40,JSMR,RG,3270,1,F,AK,KK,D
09:02:06,JSMR,RG,3270,1,F,AK,KK,D
09:00:51,JSMR,RG,3270,1,F,AK,YB,D
09:00:15,JSMR,RG,3280,9,F,AK,CC,D
09:00:15,JSMR,RG,3270,1,F,AK,CC,D
09:00:15,JSMR,RG,3270,1,F,AK,CC,D
09:00:11,JSMR,RG,3270,1,D,LS,CC,D
09:00:11,JSMR,RG,3270,1,D,XL,CC,D
09:00:10,JSMR,RG,3260,1,D,XC,XL,D
09:00:10,JSMR,RG,3270,1,D,NI,CC,D
09:00:10,JSMR,RG,3270,5,D,XC,CC,D
09:00:10,JSMR,RG,3270,1,D,YP,CC,D
09:00:10,JSMR,RG,3270,3,D,PD,CC,D
09:00:10,JSMR,RG,3270,8,F,BK,CC,D
09:00:10,JSMR,RG,3270,1,D,PD,CC,D
09:00:10,JSMR,RG,3270,1,D,PD,CC,D
09:00:10,JSMR,RG,3270,5,D,PD,CC,D
09:00:10,JSMR,RG,3270,1,D,EP,CC,D
09:00:10,JSMR,RG,3270,5,D,EP,YP,D
09:00:08,JSMR,RG,3270,1,D,EP,LG,D
09:00:07,JSMR,RG,3300,176,D,YP,KK,D
09:00:07,JSMR,RG,3300,20,D,YP,CP,D
09:00:07,JSMR,RG,3290,1,D,YP,PD,D
09:00:07,JSMR,RG,3290,17,D,YP,PD,D
09:00:07,JSMR,RG,3290,15,D,YP,YP,D
09:00:07,JSMR,RG,3290,2,D,YP,CC,D
09:00:07,JSMR,RG,3280,25,D,YP,XA,D
09:00:07,JSMR,RG,3280,10,D,YP,YP,D
09:00:07,JSMR,RG,3280,29,D,YP,KK,F
09:00:07,JSMR,RG,3280,8,D,YP,EP,D
09:00:03,JSMR,RG,3270,1,D,EP,PD,D
