Time,Stock,Brd,Price,Qty,BT,BC,SC,ST
15:09:12,JSMR,RG,3420,15,D,NI,YP,D
15:04:20,JSMR,RG,3420,1,D,NI,CC,D
15:03:05,JSMR,RG,3420,2,D,NI,GR,D
15:03:05,JSMR,RG,3420,10,D,NI,YP,D
15:02:10,JSMR,RG,3420,1,D,NI,YB,D
15:01:59,JSMR,RG,3420,1,D,NI,YB,D
15:01:51,JSMR,RG,3420,1,D,NI,YP,D
15:01:00,JSMR,RG,3420,2,D,NI,YB,D
15:00:00,JSMR,RG,3420,2,D,NI,PD,D
15:00:00,JSMR,RG,3420,271,D,NI,GR,D
15:00:00,JSMR,RG,3420,6,D,NI,KK,D
15:00:00,JSMR,RG,3420,70,D,NI,CC,D
15:00:00,JSMR,RG,3420,15,D,NI,YU,D
15:00:00,JSMR,RG,3420,200,D,NI,DR,D
15:00:00,JSMR,RG,3420,100,D,NI,YP,D
15:00:00,JSMR,RG,3420,30,D,NI,YP,D
15:00:00,JSMR,RG,3420,32,D,NI,AK,F
15:00:00,JSMR,RG,3420,198,D,NI,DR,D
15:00:00,JSMR,RG,3420,212,D,NI,OD,D
15:00:00,JSMR,RG,3420,50,D,CP,OD,D
15:00:00,JSMR,RG,3420,1,D,PD,OD,D
15:00:00,JSMR,RG,3420,2,D,AZ,OD,D
15:00:00,JSMR,RG,3420,10,D,AG,OD,D
15:00:00,JSMR,RG,3420,1,D,KK,OD,D
15:00:00,JSMR,RG,3420,100,D,EP,OD,D
15:00:00,JSMR,RG,3420,290,D,LG,OD,D
15:00:00,JSMR,RG,3420,239,D,LG,OD,D
15:00:00,JSMR,RG,3420,1,D,YP,OD,D
15:00:00,JSMR,RG,3420,81,F,AK,OD,D
15:00:00,JSMR,RG,3420,2,D,AZ,OD,D
15:00:00,JSMR,RG,3420,1,D,BB,OD,D
15:00:00,JSMR,RG,3420,205,F,AK,OD,D
15:00:00,JSMR,RG,3420,1,F,AK,OD,D
15:00:00,JSMR,RG,3420,6,F,AK,OD,D
15:00:00,JSMR,RG,3420,64,F,YU,OD,D
15:00:00,JSMR,RG,3420,6,D,DH,OD,D
14:49:53,JSMR,RG,3430,1,F,AK,DR,D
14:49:37,JSMR,RG,3430,7,F,AK,DR,D
14:49:37,JSMR,RG,3420,8,F,BK,YP,D
14:49:37,JSMR,RG,3420,2,F,AK,YP,D
14:49:31,JSMR,RG,3430,4,F,AK,DR,D
14:49:09,JSMR,RG,3430,1,F,AK,DR,D
14:49:09,JSMR,RG,3420,176,F,BK,EP,D
14:47:55,JSMR,RG,3420,1,D,YP,DR,D
14:47:35,JSMR,RG,3420,1,F,BK,DR,D
14:47:30,JSMR,RG,3430,1,D,YP,DR,D
14:47:15,JSMR,RG,3420,4,F,BK,DR,D
14:46:56,JSMR,RG,3410,336,F,DX,CC,D
14:46:56,JSMR,RG,3420,1,D,YP,CC,D
14:46:56,JSMR,RG,3420,4,D,YP,CC,D
14:46:56,JSMR,RG,3420,1,F,AK,CC,D
14:46:56,JSMR,RG,3420,67,F,BK,CC,D
14:46:56,JSMR,RG,3420,1,D,YP,CC,D
14:46:56,JSMR,RG,3420,1,D,YP,CC,D
14:46:56,JSMR,RG,3420,1,F,CC,CC,D
14:46:46,JSMR,RG,3430,24,F,AK,DR,D
14:46:46,JSMR,RG,3430,15,F,AK,CC,D
14:46:46,JSMR,RG,3430,5,F,AK,SQ,D
14:46:46,JSMR,RG,3430,1,F,AK,PD,D
14:46:46,JSMR,RG,3430,2,F,AK,PD,D
14:46:46,JSMR,RG,3430,1,F,AK,YP,D
14:46:46,JSMR,RG,3430,1,F,AK,PD,D
14:46:46,JSMR,RG,3430,1,F,AK,YP,D
14:46:46,JSMR,RG,3430,10,F,AK,YP,D
14:46:46,JSMR,RG,3430,1,F,AK,YP,D
14:46:46,JSMR,RG,3430,5,F,AK,PD,D
14:46:40,JSMR,RG,3430,187,F,AK,CC,D
14:46:24,JSMR,RG,3420,3,F,AK,YB,D
14:46:16,JSMR,RG,3430,11,F,AK,CC,D
14:46:01,JSMR,RG,3420,1,F,AK,DR,D
14:45:31,JSMR,RG,3430,14,F,AK,CC,D
14:44:58,JSMR,RG,3420,1,F,AK,DR,D
14:44:46,JSMR,RG,3430,18,F,AK,CC,D
14:43:49,JSMR,RG,3420,10,F,AK,CC,D
14:43:16,JSMR,RG,3420,2,F,AK,YP,D
14:42:42,JSMR,RG,3420,1,F,AK,KK,D
14:42:42,JSMR,RG,3420,2,F,BK,KK,D
14:42:09,JSMR,RG,3420,8,F,BK,OD,D
14:42:09,JSMR,RG,3420,2,D,KK,OD,D
14:41:25,JSMR,RG,3420,5,F,BK,DR,D
14:41:18,JSMR,RG,3420,1,F,BK,DR,D
14:41:10,JSMR,RG,3420,1,F,BK,DR,D
14:41:10,JSMR,RG,3420,5,F,BK,DR,D
14:41:05,JSMR,RG,3410,374,F,DX,CC,D
14:41:04,JSMR,RG,3410,120,F,DX,CC,D
14:41:04,JSMR,RG,3410,250,D,NI,CC,D
14:41:04,JSMR,RG,3410,146,D,NI,CC,D
14:40:58,JSMR,RG,3420,19,F,BK,CC,D
14:40:51,JSMR,RG,3420,13,F,BK,CC,D
14:40:41,JSMR,RG,3420,2,F,BK,CC,D
14:38:56,JSMR,RG,3410,49,D,NI,PD,D
14:38:39,JSMR,RG,3410,1,D,NI,DR,D
14:38:38,JSMR,RG,3410,3,D,NI,DR,D
14:37:52,JSMR,RG,3410,36,D,NI,CC,D
14:37:52,JSMR,RG,3410,114,D,CC,CC,D
14:37:11,JSMR,RG,3410,2,D,CC,YP,D
14:36:54,JSMR,RG,3410,1,D,CC,NI,D
14:36:54,JSMR,RG,3410,4,D,YP,NI,D
14:36:51,JSMR,RG,3410,1,D,YP,NI,D
14:36:51,JSMR,RG,3410,10,D,IF,NI,D
14:36:51,JSMR,RG,3410,5,D,GR,NI,D
14:36:51,JSMR,RG,3410,1,D,OD,NI,D
14:36:51,JSMR,RG,3410,1,F,AK,NI,D
14:36:51,JSMR,RG,3410,23,F,AK,NI,D
14:36:51,JSMR,RG,3410,90,D,LG,NI,D
14:36:51,JSMR,RG,3410,1,D,YP,NI,D
14:36:51,JSMR,RG,3410,1,D,NI,NI,D
14:36:51,JSMR,RG,3410,16,F,AK,NI,D
14:36:51,JSMR,RG,3410,3,D,NI,NI,D
14:36:51,JSMR,RG,3410,21,D,YP,NI,D
14:36:51,JSMR,RG,3410,45,D,YP,NI,D
14:36:51,JSMR,RG,3410,3,D,YP,NI,D
14:36:51,JSMR,RG,3410,2,D,PD,NI,D
14:36:51,JSMR,RG,3410,10,D,NI,NI,D
14:36:51,JSMR,RG,3410,1,D,XC,NI,D
14:36:51,JSMR,RG,3410,1,D,SQ,NI,D
14:36:51,JSMR,RG,3410,3,D,PD,NI,D
14:36:51,JSMR,RG,3410,1,D,YB,NI,D
14:36:51,JSMR,RG,3410,1,D,XC,NI,D
14:36:51,JSMR,RG,3410,2,D,YP,NI,D
14:36:51,JSMR,RG,3410,15,D,CC,NI,D
14:36:51,JSMR,RG,3410,20,D,CC,NI,D
14:36:51,JSMR,RG,3410,1,D,XA,NI,D
14:36:51,JSMR,RG,3410,2,D,CC,NI,D
14:36:51,JSMR,RG,3410,50,D,GR,NI,D
14:36:51,JSMR,RG,3410,4,D,CD,NI,D
14:36:51,JSMR,RG,3410,2,D,KK,NI,D
14:36:51,JSMR,RG,3410,378,F,DX,NI,D
14:36:09,JSMR,RG,3410,6,F,DX,DR,D
14:35:22,JSMR,RG,3410,33,F,DX,PD,D
14:35:08,JSMR,RG,3420,3,D,XC,CC,D
14:35:03,JSMR,RG,3420,1,F,AK,CC,D
14:35:03,JSMR,RG,3420,2,F,AK,CC,D
14:35:02,JSMR,RG,3420,3,F,AK,CC,D
14:35:02,JSMR,RG,3420,6,F,AK,CC,D
14:35:02,JSMR,RG,3420,17,F,AK,CC,D
14:35:02,JSMR,RG,3420,1,F,AK,CC,D
14:35:02,JSMR,RG,3420,20,F,AK,CC,D
14:35:02,JSMR,RG,3420,1,F,AK,CC,D
14:35:02,JSMR,RG,3420,1,D,YP,CC,D
14:35:02,JSMR,RG,3420,5,D,YP,CC,D
14:35:02,JSMR,RG,3420,76,F,AK,CC,D
14:34:03,JSMR,RG,3420,1,F,AK,DR,D
14:34:00,JSMR,RG,3420,8,F,AK,YP,D
14:33:20,JSMR,RG,3420,10,D,NI,YP,D
14:33:20,JSMR,RG,3420,4,D,NI,DR,D
14:33:20,JSMR,RG,3420,183,D,NI,YP,D
14:32:14,JSMR,RG,3420,10,D,YP,YP,D
14:31:42,JSMR,RG,3410,1,F,DX,IF,D
14:31:24,JSMR,RG,3420,12,F,AK,YP,D
14:31:23,JSMR,RG,3410,5,F,DX,DR,D
14:31:18,JSMR,RG,3420,2,D,YB,YP,D
14:31:03,JSMR,RG,3420,3,F,AK,YP,D
14:31:03,JSMR,RG,3420,40,F,AK,YP,D
14:31:03,JSMR,RG,3420,12,F,AK,YP,D
14:31:03,JSMR,RG,3420,15,F,AK,YP,D
14:31:03,JSMR,RG,3420,1,D,YP,YP,D
14:31:03,JSMR,RG,3420,15,D,YB,YP,D
14:31:03,JSMR,RG,3420,57,F,AK,YP,D
14:30:29,JSMR,RG,3420,1,D,YP,PD,D
14:30:29,JSMR,RG,3420,32,F,AK,PD,D
14:30:04,JSMR,RG,3420,8,F,AK,YP,D
14:30:04,JSMR,RG,3420,1,F,AK,YP,D
14:30:04,JSMR,RG,3420,2,F,CC,YP,D
14:30:04,JSMR,RG,3420,74,D,NI,YP,D
14:28:59,JSMR,RG,3420,6,D,NI,DR,D
14:25:50,JSMR,RG,3420,3,D,NI,KK,D
14:25:36,JSMR,RG,3420,33,D,NI,PD,D
14:24:56,JSMR,RG,3420,1,D,NI,YP,D
14:24:13,JSMR,RG,3420,2,D,NI,XC,D
14:24:12,JSMR,RG,3420,5,D,NI,DR,D
14:24:01,JSMR,RG,3420,6,D,NI,DR,D
14:24:01,JSMR,RG,3420,239,D,NI,AK,F
14:24:01,JSMR,RG,3420,567,D,NI,CD,D
14:22:42,JSMR,RG,3420,1,D,OD,CD,D
14:22:09,JSMR,RG,3420,1,D,LG,CD,D
14:22:00,JSMR,RG,3410,195,F,DX,CC,D
14:22:00,JSMR,RG,3410,382,F,DX,CC,D
14:22:00,JSMR,RG,3410,2,D,YB,CC,D
14:22:00,JSMR,RG,3410,1,D,YP,CC,D
14:22:00,JSMR,RG,3410,1,D,YP,CC,D
14:22:00,JSMR,RG,3410,100,D,GR,CC,D
14:22:00,JSMR,RG,3410,86,D,NI,CC,D
14:21:49,JSMR,RG,3410,7,D,NI,DR,D
14:21:26,JSMR,RG,3420,1,D,YB,CD,D
14:21:26,JSMR,RG,3420,13,F,AK,CD,D
14:21:26,JSMR,RG,3420,91,F,AK,CD,D
14:21:26,JSMR,RG,3420,175,D,YP,CD,D
14:21:26,JSMR,RG,3420,1,F,CC,CD,D
14:21:26,JSMR,RG,3420,18,F,AK,CD,D
14:21:26,JSMR,RG,3420,1,F,AK,CD,D
14:21:26,JSMR,RG,3420,1,F,AK,CD,D
14:21:26,JSMR,RG,3420,1,D,YP,CD,D
14:21:26,JSMR,RG,3420,10,D,YB,CD,D
14:21:26,JSMR,RG,3420,1,D,YP,CD,D
14:21:26,JSMR,RG,3420,45,D,YP,CD,D
14:21:26,JSMR,RG,3420,2,D,XC,CD,D
14:21:26,JSMR,RG,3420,2,D,XL,CD,D
14:21:26,JSMR,RG,3420,3,D,YP,CD,D
14:21:26,JSMR,RG,3420,1,D,PD,CD,D
14:21:26,JSMR,RG,3420,5,D,GR,CD,D
14:21:26,JSMR,RG,3420,2,D,PD,CD,D
14:21:26,JSMR,RG,3420,1,D,NI,CD,D
14:21:26,JSMR,RG,3420,1,D,YP,CD,D
14:21:26,JSMR,RG,3420,56,D,YP,CD,D
14:20:35,JSMR,RG,3420,44,D,YP,AK,F
14:20:35,JSMR,RG,3420,2,F,CC,AK,F
14:20:35,JSMR,RG,3420,2,D,NI,AK,F
14:20:35,JSMR,RG,3420,1,D,YP,AK,F
14:20:35,JSMR,RG,3420,16,F,BK,AK,F
14:20:35,JSMR,RG,3420,1,D,YP,AK,F
14:20:35,JSMR,RG,3420,29,F,AK,AK,F
14:20:35,JSMR,RG,3420,25,F,AK,AK,F
14:20:35,JSMR,RG,3420,21,F,AK,AK,F
14:20:35,JSMR,RG,3420,1,F,AK,AK,F
14:20:35,JSMR,RG,3420,1,F,AK,AK,F
14:20:35,JSMR,RG,3420,107,D,PD,AK,F
14:20:35,JSMR,RG,3420,1,D,PD,KK,D
14:20:15,JSMR,RG,3420,33,D,PD,PD,D
14:20:13,JSMR,RG,3420,100,D,PD,NI,D
14:18:45,JSMR,RG,3430,18,F,AK,CC,D
14:17:39,JSMR,RG,3420,7,D,PD,DR,D
14:17:18,JSMR,RG,3420,200,D,PD,NI,D
14:17:01,JSMR,RG,3420,135,D,PD,PD,D
14:17:00,JSMR,RG,3430,1,D,YB,CC,D
14:16:57,JSMR,RG,3430,1,D,YB,CC,D
14:16:00,JSMR,RG,3430,18,F,AK,CC,D
14:15:53,JSMR,RG,3420,1,D,PD,DR,D
14:15:51,JSMR,RG,3420,7,D,PD,DR,D
14:15:30,JSMR,RG,3430,1,F,AK,CC,D
14:15:06,JSMR,RG,3420,32,D,PD,PD,D
14:15:01,JSMR,RG,3420,25,D,PD,DH,D
14:13:01,JSMR,RG,3420,1,D,PD,YP,D
14:12:45,JSMR,RG,3430,23,F,AK,CC,D
14:12:45,JSMR,RG,3430,2,F,AK,YP,D
14:10:45,JSMR,RG,3430,1,F,AK,YP,D
14:10:34,JSMR,RG,3420,2,D,PD,DR,D
14:10:32,JSMR,RG,3420,2,D,PD,DR,D
14:10:08,JSMR,RG,3420,33,D,PD,PD,D
14:08:55,JSMR,RG,3430,7,D,PD,YP,D
14:08:55,JSMR,RG,3430,3,D,PD,EP,D
14:08:41,JSMR,RG,3420,6,D,PD,DR,D
14:08:30,JSMR,RG,3430,13,F,AK,EP,D
14:06:45,JSMR,RG,3430,4,F,AK,EP,D
14:06:45,JSMR,RG,3430,9,F,AK,EP,D
14:05:55,JSMR,RG,3430,31,D,YB,EP,D
14:05:55,JSMR,RG,3430,12,D,YB,AK,F
14:05:38,JSMR,RG,3420,21,D,PD,PD,D
14:05:38,JSMR,RG,3420,12,D,NI,PD,D
14:05:27,JSMR,RG,3430,20,D,YP,AK,F
14:04:30,JSMR,RG,3430,13,F,AK,AK,F
14:04:25,JSMR,RG,3420,5,D,NI,SQ,D
14:03:44,JSMR,RG,3420,1,D,NI,YP,D
14:03:18,JSMR,RG,3420,2,D,NI,DR,D
14:02:26,JSMR,RG,3420,10,D,NI,CC,D
14:02:15,JSMR,RG,3430,1,F,AK,AK,F
14:02:13,JSMR,RG,3430,24,F,AK,AK,F
14:02:13,JSMR,RG,3430,8,D,CC,DR,D
14:02:13,JSMR,RG,3430,1,D,CC,YP,D
14:02:13,JSMR,RG,3430,356,D,CC,CC,D
14:02:09,JSMR,RG,3430,2,D,YP,CC,D
14:01:45,JSMR,RG,3430,3,F,AK,CC,D
14:01:45,JSMR,RG,3430,1,F,AK,YP,D
14:01:45,JSMR,RG,3430,1,F,AK,YP,D
14:01:45,JSMR,RG,3430,2,F,AK,NI,D
14:01:45,JSMR,RG,3430,7,F,AK,NI,D
14:01:31,JSMR,RG,3420,7,D,NI,DR,D
14:00:47,JSMR,RG,3420,20,D,NI,YP,D
14:00:08,JSMR,RG,3420,33,D,NI,PD,D
14:00:00,JSMR,RG,3430,15,F,AK,NI,D
13:57:45,JSMR,RG,3430,1,F,AK,NI,D
13:56:15,JSMR,RG,3420,1,D,NI,PD,D
13:56:14,JSMR,RG,3420,1,D,NI,DR,D
13:55:45,JSMR,RG,3430,12,F,AK,NI,D
13:55:45,JSMR,RG,3430,6,F,AK,DR,D
13:55:05,JSMR,RG,3420,82,D,NI,PD,D
13:54:25,JSMR,RG,3420,75,D,NI,CC,D
13:54:21,JSMR,RG,3420,6,D,NI,DR,D
13:54:15,JSMR,RG,3430,3,F,AK,DR,D
13:54:15,JSMR,RG,3430,1,F,AK,NI,D
13:54:15,JSMR,RG,3430,9,F,AK,YP,D
13:54:15,JSMR,RG,3430,1,F,AK,YP,D
13:53:00,JSMR,RG,3430,14,F,AK,YP,D
13:51:30,JSMR,RG,3430,13,F,AK,YP,D
13:51:15,JSMR,RG,3430,1,F,AK,YP,D
13:50:31,JSMR,RG,3430,10,D,YP,YP,D
13:50:23,JSMR,RG,3430,12,F,AK,YP,D
13:50:22,JSMR,RG,3430,500,D,NI,YP,D
13:49:30,JSMR,RG,3430,25,F,AK,YP,D
13:49:01,JSMR,RG,3420,2,D,NI,DR,D
13:48:59,JSMR,RG,3430,1,F,AK,YP,D
13:48:30,JSMR,RG,3430,2,F,AK,YP,D
13:48:00,JSMR,RG,3430,16,F,AK,YP,D
13:48:00,JSMR,RG,3430,1,F,AK,YP,D
13:47:30,JSMR,RG,3430,2,F,AK,YP,D
13:47:11,JSMR,RG,3420,3,D,NI,DR,D
13:47:00,JSMR,RG,3430,1,F,AK,YP,D
13:46:30,JSMR,RG,3430,1,F,AK,YP,D
13:45:45,JSMR,RG,3430,1,F,AK,YP,D
13:45:17,JSMR,RG,3430,10,D,PD,YP,D
13:44:45,JSMR,RG,3430,2,F,AK,YP,D
13:44:30,JSMR,RG,3430,1,F,AK,YP,D
13:44:22,JSMR,RG,3430,50,D,DR,YP,D
13:44:20,JSMR,RG,3430,2,D,YP,YP,D
13:44:00,JSMR,RG,3430,1,F,AK,YP,D
13:43:57,JSMR,RG,3430,324,D,NI,YP,D
13:43:57,JSMR,RG,3430,1,D,NI,YP,D
13:43:57,JSMR,RG,3430,368,D,NI,CC,D
13:43:57,JSMR,RG,3430,10,D,NI,YP,D
13:43:57,JSMR,RG,3430,25,D,NI,CC,D
13:43:57,JSMR,RG,3430,6,D,NI,DR,D
13:43:57,JSMR,RG,3430,10,D,NI,YP,D
13:43:57,JSMR,RG,3430,50,D,NI,YP,D
13:43:57,JSMR,RG,3430,70,D,NI,YP,D
13:43:57,JSMR,RG,3430,10,D,NI,YP,D
13:43:57,JSMR,RG,3430,2,D,NI,YP,D
13:43:57,JSMR,RG,3430,124,D,NI,YP,D
13:43:45,JSMR,RG,3430,1,F,AK,YP,D
13:43:00,JSMR,RG,3430,2,F,AK,YP,D
13:41:15,JSMR,RG,3430,2,F,AK,YP,D
13:41:04,JSMR,RG,3420,20,D,NI,IF,D
13:40:45,JSMR,RG,3430,1,F,AK,YP,D
13:40:30,JSMR,RG,3430,1,F,AK,YP,D
13:40:22,JSMR,RG,3420,2,D,NI,DR,D
13:40:00,JSMR,RG,3430,1,F,AK,YP,D
13:39:27,JSMR,RG,3430,18,D,HP,YP,D
13:39:27,JSMR,RG,3430,20,D,HP,XC,D
13:39:27,JSMR,RG,3430,12,D,HP,XC,D
13:39:15,JSMR,RG,3430,2,F,AK,XC,D
13:39:08,JSMR,RG,3420,5,D,NI,DR,D
13:39:00,JSMR,RG,3430,1,F,AK,XC,D
13:37:30,JSMR,RG,3430,2,F,AK,XC,D
13:37:22,JSMR,RG,3420,6,D,NI,DR,D
13:37:22,JSMR,RG,3420,371,D,NI,CC,D
13:37:22,JSMR,RG,3420,5,D,NI,PD,D
13:37:22,JSMR,RG,3420,20,D,NI,BK,F
13:37:22,JSMR,RG,3420,311,D,NI,CC,D
13:37:18,JSMR,RG,3420,1,D,OD,CC,D
13:37:08,JSMR,RG,3420,1,F,AK,CC,D
13:37:00,JSMR,RG,3420,1,F,AK,CC,D
13:36:30,JSMR,RG,3420,1,F,AK,CC,D
13:36:22,JSMR,RG,3420,9,D,GR,CC,D
13:35:45,JSMR,RG,3420,3,F,AK,CC,D
13:34:21,JSMR,RG,3420,3,D,DR,CC,D
13:31:48,JSMR,RG,3420,8,D,PD,CC,D
13:30:59,JSMR,RG,3410,5,D,NI,DR,D
13:30:09,JSMR,RG,3420,1,F,AK,CC,D
13:30:09,JSMR,RG,3420,8,F,AK,CC,D
13:30:08,JSMR,RG,3420,6,F,AK,CC,D
13:30:08,JSMR,RG,3420,71,F,AK,CC,D
13:30:04,JSMR,RG,3420,5,D,CC,YP,D
13:30:04,JSMR,RG,3430,1,D,CC,XC,D
13:30:03,JSMR,RG,3430,2,F,AK,XC,D
13:30:03,JSMR,RG,3410,1,D,NI,XC,D
13:30:03,JSMR,RG,3420,1,D,YP,XC,D
13:30:03,JSMR,RG,3420,1,F,NI,XC,D
13:30:01,JSMR,RG,3410,6,D,NI,CC,D
13:30:01,JSMR,RG,3430,1,D,PD,CC,D
13:30:01,JSMR,RG,3430,1,D,PD,SQ,D
13:30:01,JSMR,RG,3430,2,D,PD,KK,D
13:30:01,JSMR,RG,3430,1,D,PD,YP,D
13:30:01,JSMR,RG,3410,1,D,NI,KK,D
13:30:01,JSMR,RG,3420,1,D,GR,KK,D
13:30:01,JSMR,RG,3410,1,D,NI,XC,D
11:29:43,JSMR,RG,3410,118,D,NI,BK,F
11:29:43,JSMR,RG,3430,1,D,YP,YP,D
11:29:34,JSMR,RG,3430,1,D,YP,KK,D
11:29:29,JSMR,RG,3430,1,F,AK,KK,D
11:29:20,JSMR,RG,3430,1,F,AK,YP,D
11:29:08,JSMR,RG,3410,57,D,NI,EP,D
11:29:08,JSMR,RG,3410,100,D,YB,EP,D
11:29:08,JSMR,RG,3420,1,D,GR,EP,D
11:29:08,JSMR,RG,3420,1,D,YP,EP,D
11:29:08,JSMR,RG,3420,1,D,YP,EP,D
11:29:08,JSMR,RG,3420,1,D,GR,EP,D
11:29:08,JSMR,RG,3420,9,D,GR,EP,D
11:29:08,JSMR,RG,3430,1,F,AK,EP,D
11:29:08,JSMR,RG,3430,2,D,YP,EP,D
11:29:08,JSMR,RG,3430,42,F,AK,EP,D
11:28:52,JSMR,RG,3440,1,F,AK,GR,D
11:28:30,JSMR,RG,3430,10,F,AK,YP,D
11:28:22,JSMR,RG,3440,1,F,AK,GR,D
11:28:16,JSMR,RG,3430,1,F,AK,KK,D
11:27:52,JSMR,RG,3440,1,F,AK,GR,D
11:27:47,JSMR,RG,3430,1,F,AK,YP,D
11:27:32,JSMR,RG,3430,7,F,AK,DR,D
11:27:32,JSMR,RG,3430,3,F,AK,DR,D
11:27:07,JSMR,RG,3440,1,F,AK,GR,D
11:27:01,JSMR,RG,3440,8,F,AK,GR,D
11:27:01,JSMR,RG,3440,1,F,AK,YP,D
11:26:55,JSMR,RG,3430,2,F,AK,CD,D
11:26:55,JSMR,RG,3430,18,F,AK,CD,D
11:26:55,JSMR,RG,3430,1,F,AK,NI,D
11:26:55,JSMR,RG,3430,1,F,AK,YP,D
11:26:55,JSMR,RG,3430,10,F,AK,YP,D
11:26:55,JSMR,RG,3430,10,F,AK,CC,D
11:26:55,JSMR,RG,3430,1,F,AK,BQ,D
11:26:55,JSMR,RG,3430,15,F,AK,PC,D
11:26:55,JSMR,RG,3430,1,F,AK,YP,D
11:26:55,JSMR,RG,3430,1,F,AK,CC,D
11:26:55,JSMR,RG,3430,1,F,AK,YP,D
11:26:55,JSMR,RG,3430,25,F,AK,YP,D
11:26:55,JSMR,RG,3430,2,F,AK,CC,D
11:26:55,JSMR,RG,3430,1,F,AK,YP,D
11:26:55,JSMR,RG,3420,20,F,AK,CD,D
11:26:55,JSMR,RG,3420,154,F,AK,CC,D
11:26:55,JSMR,RG,3420,175,F,AK,BK,F
11:26:55,JSMR,RG,3420,20,F,AK,XC,D
11:26:55,JSMR,RG,3420,20,F,AK,LS,D
11:26:55,JSMR,RG,3420,60,F,AK,YB,D
11:26:55,JSMR,RG,3420,10,F,AK,YP,D
11:26:55,JSMR,RG,3420,4,F,AK,XL,D
11:26:55,JSMR,RG,3420,4,F,AK,SQ,D
11:26:55,JSMR,RG,3420,1,F,AK,PD,D
11:26:55,JSMR,RG,3420,25,F,AK,CC,D
11:26:55,JSMR,RG,3420,10,F,AK,YP,D
11:26:55,JSMR,RG,3420,4,F,AK,AZ,D
11:26:55,JSMR,RG,3420,4,F,AK,YP,D
11:26:55,JSMR,RG,3420,655,F,AK,LG,F
11:26:54,JSMR,RG,3420,782,D,NI,LG,F
11:26:22,JSMR,RG,3420,1,F,AK,LG,F
11:26:16,JSMR,RG,3420,6,F,AK,LG,F
11:25:25,JSMR,RG,3420,25,D,GR,LG,F
11:25:01,JSMR,RG,3420,1,F,AK,LG,F
11:25:01,JSMR,RG,3420,8,F,AK,LG,F
11:24:31,JSMR,RG,3420,6,F,AK,LG,F
11:23:52,JSMR,RG,3420,1,F,AK,LG,F
11:23:46,JSMR,RG,3420,8,F,AK,LG,F
11:23:40,JSMR,RG,3410,1,F,AK,CS,D
11:22:52,JSMR,RG,3420,1,F,AK,LG,F
11:22:45,JSMR,RG,3420,1,F,AK,LG,F
11:22:21,JSMR,RG,3410,1,F,AK,CS,D
11:22:07,JSMR,RG,3420,1,F,AK,LG,F
11:21:31,JSMR,RG,3410,7,F,AK,XC,D
11:20:49,JSMR,RG,3410,1,F,AK,CS,D
11:20:37,JSMR,RG,3420,1,F,AK,LG,F
11:19:37,JSMR,RG,3420,1,F,AK,LG,F
11:19:16,JSMR,RG,3420,41,F,AK,LG,F
11:19:15,JSMR,RG,3410,1,F,AK,CS,D
11:18:45,JSMR,RG,3420,1,F,AK,LG,F
11:18:45,JSMR,RG,3420,1,F,AK,LG,F
11:18:01,JSMR,RG,3410,3,F,AK,PC,D
11:18:01,JSMR,RG,3410,17,D,NI,PC,D
11:17:52,JSMR,RG,3420,1,F,AK,LG,F
11:17:42,JSMR,RG,3410,1,D,NI,CS,D
11:16:30,JSMR,RG,3420,1,F,AK,LG,F
11:16:29,JSMR,RG,3410,1,D,NI,CS,D
11:15:37,JSMR,RG,3420,1,F,AK,LG,F
11:14:52,JSMR,RG,3420,1,F,AK,LG,F
11:14:35,JSMR,RG,3410,1,D,NI,CS,D
11:13:57,JSMR,RG,3410,10,D,NI,YP,D
11:13:52,JSMR,RG,3420,1,F,AK,LG,F
11:12:52,JSMR,RG,3410,1,D,NI,CS,D
11:12:22,JSMR,RG,3420,1,F,AK,LG,F
11:11:10,JSMR,RG,3410,1,D,NI,CS,D
11:11:07,JSMR,RG,3420,1,F,AK,LG,F
11:09:52,JSMR,RG,3420,1,F,AK,LG,F
11:08:49,JSMR,RG,3410,17,D,NI,DR,D
11:08:48,JSMR,RG,3410,20,D,NI,YP,D
11:08:48,JSMR,RG,3410,1,D,NI,CS,D
11:08:48,JSMR,RG,3410,141,D,NI,AK,F
11:08:48,JSMR,RG,3410,22,D,NI,DR,D
11:08:48,JSMR,RG,3410,25,D,NI,CP,D
11:08:48,JSMR,RG,3410,4,D,NI,XC,D
11:08:48,JSMR,RG,3410,3,D,NI,NI,D
11:08:48,JSMR,RG,3410,15,D,NI,DR,D
11:08:48,JSMR,RG,3410,1,D,NI,CS,D
11:08:48,JSMR,RG,3410,219,D,NI,CC,D
11:08:16,JSMR,RG,3410,36,F,AK,CC,D
11:07:52,JSMR,RG,3410,1,F,AK,CC,D
11:07:04,JSMR,RG,3400,1,D,LG,CS,D
11:05:52,JSMR,RG,3410,1,F,AK,CC,D
11:05:25,JSMR,RG,3400,1,D,LG,CS,D
11:05:21,JSMR,RG,3400,4,D,LG,YP,D
11:04:25,JSMR,RG,3400,49,D,LG,NI,D
11:04:25,JSMR,RG,3400,1,D,CC,NI,D
11:04:07,JSMR,RG,3400,1,D,CC,NI,D
11:03:47,JSMR,RG,3400,1,D,KK,CS,D
11:03:47,JSMR,RG,3400,10,D,EP,XL,D
11:03:47,JSMR,RG,3400,10,D,EP,XL,D
11:02:37,JSMR,RG,3400,6,F,AK,KK,D
11:02:37,JSMR,RG,3400,1,F,AK,KK,D
11:02:37,JSMR,RG,3400,1,F,AK,KK,D
11:02:37,JSMR,RG,3400,22,F,AK,KK,D
11:02:09,JSMR,RG,3400,1,F,AK,CS,D
11:01:52,JSMR,RG,3410,1,F,AK,CC,D
11:01:46,JSMR,RG,3410,7,F,AK,CC,D
11:01:34,JSMR,RG,3410,2,D,XC,CC,D
11:01:01,JSMR,RG,3410,2,D,CC,CC,D
10:59:52,JSMR,RG,3410,9,F,AK,CC,D
10:59:52,JSMR,RG,3410,1,F,AK,CC,D
10:59:44,JSMR,RG,3400,2,F,AK,CS,D
10:59:37,JSMR,RG,3410,3,D,NI,CC,D
10:59:10,JSMR,RG,3400,20,F,AK,CC,D
10:58:46,JSMR,RG,3400,3,F,AK,DR,D
10:58:45,JSMR,RG,3410,1,F,AK,CC,D
10:58:26,JSMR,RG,3400,3,F,AK,AZ,D
10:57:37,JSMR,RG,3410,11,F,AK,CC,D
10:57:37,JSMR,RG,3410,1,F,AK,CC,D
10:56:38,JSMR,RG,3400,10,F,AK,DR,D
10:56:15,JSMR,RG,3400,3,F,AK,YP,D
10:56:01,JSMR,RG,3400,1,F,AK,CS,D
10:55:07,JSMR,RG,3410,1,F,AK,CC,D
10:54:47,JSMR,RG,3400,10,F,AK,DR,D
10:54:32,JSMR,RG,3400,9,F,AK,PD,D
10:54:32,JSMR,RG,3400,1,D,YP,PD,D
10:54:19,JSMR,RG,3400,1,D,KK,CS,D
10:54:13,JSMR,RG,3400,14,D,KK,PD,D
10:54:13,JSMR,RG,3400,15,D,YB,PD,D
10:54:13,JSMR,RG,3400,1,D,YP,PD,D
10:54:13,JSMR,RG,3400,10,D,NI,PD,D
10:53:59,JSMR,RG,3410,9,F,AK,CC,D
10:53:59,JSMR,RG,3410,1,D,YP,CC,D
10:53:37,JSMR,RG,3410,1,F,AK,CC,D
10:52:47,JSMR,RG,3410,5,D,YP,CC,D
10:51:29,JSMR,RG,3410,26,D,YP,CC,D
10:51:15,JSMR,RG,3400,1,D,NI,CS,D
10:50:47,JSMR,RG,3400,2,D,NI,CC,D
10:49:15,JSMR,RG,3410,32,D,YB,AK,F
10:49:15,JSMR,RG,3410,8,D,YB,YP,D
10:47:38,JSMR,RG,3400,1,D,NI,DR,D
10:47:22,JSMR,RG,3410,2,F,AK,YP,D
10:46:15,JSMR,RG,3420,41,D,CC,LG,F
10:46:15,JSMR,RG,3410,1,D,CC,YP,D
10:46:15,JSMR,RG,3410,10,D,CC,YP,D
10:46:15,JSMR,RG,3410,3,D,CC,CC,D
10:46:15,JSMR,RG,3410,10,D,CC,XC,D
10:44:52,JSMR,RG,3400,2,D,NI,CS,D
10:44:52,JSMR,RG,3400,30,D,NI,HP,D
10:44:52,JSMR,RG,3400,5,D,NI,EP,D
10:44:52,JSMR,RG,3400,21,D,NI,YP,D
10:44:52,JSMR,RG,3400,20,D,NI,YP,D
10:44:52,JSMR,RG,3400,158,D,NI,CC,D
10:43:57,JSMR,RG,3400,25,D,KK,CC,D
10:42:29,JSMR,RG,3400,2,D,EP,CC,D
10:41:24,JSMR,RG,3400,5,D,KK,CC,D
10:41:18,JSMR,RG,3400,5,D,KK,CC,D
10:40:51,JSMR,RG,3390,1,D,NI,CS,D
10:40:51,JSMR,RG,3390,165,D,NI,BK,F
10:40:51,JSMR,RG,3390,2,D,NI,CS,D
10:40:51,JSMR,RG,3390,35,D,NI,YB,D
10:40:23,JSMR,RG,3380,2,D,NI,DR,D
10:40:12,JSMR,RG,3380,9,D,NI,YB,D
10:40:03,JSMR,RG,3390,2,D,YB,YB,D
10:39:49,JSMR,RG,3390,1,D,XL,YB,D
10:38:44,JSMR,RG,3390,1,D,YP,YB,D
10:38:44,JSMR,RG,3390,1,D,YP,YB,D
10:38:44,JSMR,RG,3390,20,D,EP,YB,D
10:38:44,JSMR,RG,3390,5,D,XC,YB,D
10:37:49,JSMR,RG,3400,4,D,DR,CC,D
10:37:07,JSMR,RG,3390,1,D,YP,IF,D
10:36:21,JSMR,RG,3390,95,D,PD,BK,F
10:36:21,JSMR,RG,3390,2,D,PD,CS,D
10:36:21,JSMR,RG,3390,3,D,PD,YP,D
10:36:08,JSMR,RG,3390,2,D,PD,YP,D
10:36:06,JSMR,RG,3390,1,D,NI,YP,D
10:35:52,JSMR,RG,3390,3,D,YB,YP,D
10:35:48,JSMR,RG,3390,1,D,PD,YP,D
10:35:42,JSMR,RG,3390,1,F,CC,YP,D
10:35:26,JSMR,RG,3400,16,D,YB,CC,D
10:35:26,JSMR,RG,3400,4,D,YB,YP,D
10:35:23,JSMR,RG,3380,4,D,NI,CC,D
10:35:23,JSMR,RG,3390,2,D,SQ,CC,D
10:35:23,JSMR,RG,3390,55,D,MG,CC,D
10:35:23,JSMR,RG,3390,1,F,CC,CC,D
10:35:23,JSMR,RG,3390,46,D,NI,CC,D
10:35:17,JSMR,RG,3400,5,D,KK,YP,D
10:35:13,JSMR,RG,3400,1,D,KK,YP,D
10:35:13,JSMR,RG,3400,4,D,KK,YP,D
10:35:09,JSMR,RG,3390,7,D,NI,PD,D
10:35:03,JSMR,RG,3390,1,D,NI,XL,D
10:35:03,JSMR,RG,3390,196,D,NI,YP,D
10:34:45,JSMR,RG,3380,14,D,PC,BK,F
10:34:45,JSMR,RG,3380,2,D,PC,CS,D
10:34:45,JSMR,RG,3380,4,D,PC,AZ,D
10:34:44,JSMR,RG,3370,200,D,GR,CC,D
10:34:30,JSMR,RG,3380,2,D,XC,AZ,D
10:34:30,JSMR,RG,3380,10,D,DR,AZ,D
10:34:29,JSMR,RG,3380,1,D,YP,AZ,D
10:34:28,JSMR,RG,3380,1,D,MK,AZ,D
10:34:27,JSMR,RG,3380,7,D,YB,AZ,D
10:34:27,JSMR,RG,3380,13,D,YB,BK,F
10:34:26,JSMR,RG,3380,7,D,YU,BK,F
10:34:23,JSMR,RG,3380,2,D,PD,BK,F
10:34:21,JSMR,RG,3380,3,D,NI,BK,F
10:34:20,JSMR,RG,3380,2,D,YB,BK,F
10:34:19,JSMR,RG,3380,1,D,PD,BK,F
10:34:19,JSMR,RG,3380,2,D,CP,BK,F
10:34:17,JSMR,RG,3380,1,D,MK,BK,F
10:34:14,JSMR,RG,3380,114,D,NI,BK,F
10:34:14,JSMR,RG,3380,26,D,NI,DR,D
10:34:14,JSMR,RG,3380,360,D,NI,YP,D
10:33:47,JSMR,RG,3370,40,D,GR,KK,D
10:33:47,JSMR,RG,3370,12,D,GR,YP,D
10:33:47,JSMR,RG,3370,2,D,GR,YP,D
10:33:47,JSMR,RG,3370,1,D,GR,YP,D
10:33:47,JSMR,RG,3370,16,D,GR,CC,D
10:33:47,JSMR,RG,3370,4,D,KK,CC,D
10:33:43,JSMR,RG,3380,1,D,XC,YP,D
10:33:42,JSMR,RG,3380,5,D,OD,YP,D
10:33:41,JSMR,RG,3380,10,D,NI,YP,D
10:33:41,JSMR,RG,3380,7,D,PD,YP,D
10:33:41,JSMR,RG,3380,1,D,CP,YP,D
10:33:41,JSMR,RG,3380,2,D,LS,YP,D
10:33:41,JSMR,RG,3380,18,D,LS,YP,D
10:33:41,JSMR,RG,3380,5,D,YP,YP,D
10:33:41,JSMR,RG,3380,1,D,CC,YB,D
10:33:41,JSMR,RG,3380,250,D,NI,PD,D
10:33:41,JSMR,RG,3380,1,D,PD,BK,F
10:33:41,JSMR,RG,3380,1,D,YP,BK,F
10:33:41,JSMR,RG,3380,25,D,CC,BK,F
10:33:41,JSMR,RG,3380,30,D,YP,BK,F
10:33:41,JSMR,RG,3380,30,D,YB,BK,F
10:33:41,JSMR,RG,3380,5,D,YP,BK,F
10:33:41,JSMR,RG,3380,1,D,YB,BK,F
10:33:41,JSMR,RG,3380,1,D,YP,BK,F
10:33:41,JSMR,RG,3380,1,D,YP,BK,F
10:33:41,JSMR,RG,3380,2,D,YP,BK,F
10:33:41,JSMR,RG,3380,30,D,YP,BK,F
10:33:41,JSMR,RG,3380,1,D,NI,BK,F
10:33:41,JSMR,RG,3380,20,D,EP,BK,F
10:33:41,JSMR,RG,3380,15,D,YB,BK,F
10:33:41,JSMR,RG,3380,1,D,BQ,BK,F
10:33:41,JSMR,RG,3380,5,D,NI,BK,F
10:33:41,JSMR,RG,3380,10,D,YP,BK,F
10:33:41,JSMR,RG,3380,112,D,YP,BK,F
10:33:41,JSMR,RG,3380,109,D,YP,BK,F
10:33:41,JSMR,RG,3380,110,D,YP,BK,F
10:33:41,JSMR,RG,3380,100,D,YP,BK,F
10:33:41,JSMR,RG,3380,10,D,YP,BK,F
10:33:41,JSMR,RG,3380,15,D,EP,BK,F
10:33:41,JSMR,RG,3380,5,D,AT,BK,F
10:33:41,JSMR,RG,3380,2,D,CC,BK,F
10:33:41,JSMR,RG,3380,1,D,KK,BK,F
10:33:41,JSMR,RG,3380,2,D,PD,BK,F
10:33:41,JSMR,RG,3380,10,D,PD,BK,F
10:33:41,JSMR,RG,3380,5,D,PD,BK,F
10:33:41,JSMR,RG,3380,30,D,KK,BK,F
10:33:41,JSMR,RG,3380,2,D,PD,BK,F
10:33:41,JSMR,RG,3380,2,D,PD,BK,F
10:33:41,JSMR,RG,3380,1,D,PD,BK,F
10:33:41,JSMR,RG,3380,1,D,PD,BK,F
10:33:41,JSMR,RG,3380,5,D,CC,BK,F
10:33:41,JSMR,RG,3380,6,D,YB,BK,F
10:33:41,JSMR,RG,3380,1,D,YB,BK,F
10:33:41,JSMR,RG,3380,25,D,CP,BK,F
10:33:31,JSMR,RG,3390,15,D,YB,YP,D
10:33:31,JSMR,RG,3390,8,F,AK,YP,D
10:33:31,JSMR,RG,3390,3,D,PD,YP,D
10:33:31,JSMR,RG,3390,1,D,XC,YP,D
10:33:31,JSMR,RG,3390,2,D,LG,YP,D
10:33:31,JSMR,RG,3390,19,D,DR,YP,D
10:33:31,JSMR,RG,3390,2,F,CC,YP,D
10:33:31,JSMR,RG,3390,8,F,AK,YP,D
10:33:31,JSMR,RG,3390,1,F,AK,YP,D
10:33:31,JSMR,RG,3390,88,D,YB,YP,D
10:33:31,JSMR,RG,3390,1,D,BQ,YP,D
10:33:31,JSMR,RG,3390,1,D,BQ,YP,D
10:33:31,JSMR,RG,3390,1,D,BQ,YP,D
10:33:31,JSMR,RG,3390,1,D,BQ,YP,D
10:33:31,JSMR,RG,3390,1,D,BQ,YP,D
10:33:31,JSMR,RG,3390,1,D,BQ,YP,D
10:33:31,JSMR,RG,3390,1,D,BQ,YP,D
10:33:31,JSMR,RG,3390,1,D,BQ,YP,D
10:33:31,JSMR,RG,3390,1,D,BQ,YP,D
10:33:31,JSMR,RG,3390,1,D,BQ,YP,D
10:33:31,JSMR,RG,3390,1,D,BQ,YP,D
10:33:31,JSMR,RG,3390,1,D,BQ,YP,D
10:33:31,JSMR,RG,3390,1,D,BQ,YP,D
10:33:31,JSMR,RG,3390,269,D,PD,YP,D
10:33:27,JSMR,RG,3390,10,D,PD,YB,D
10:32:52,JSMR,RG,3390,4,D,PD,PD,D
10:32:51,JSMR,RG,3390,3,D,PD,YP,D
10:32:07,JSMR,RG,3390,3,D,PD,NI,D
10:31:33,JSMR,RG,3390,6,D,PD,DH,D
10:31:27,JSMR,RG,3390,5,D,PD,EP,D
10:31:27,JSMR,RG,3390,5,D,YP,EP,D
10:31:27,JSMR,RG,3390,105,D,NI,EP,D
10:31:24,JSMR,RG,3390,30,D,NI,EP,D
10:31:11,JSMR,RG,3390,2,D,NI,BQ,D
10:31:04,JSMR,RG,3390,39,D,NI,AT,D
10:30:52,JSMR,RG,3390,74,D,NI,IF,D
10:30:52,JSMR,RG,3390,1,D,GR,IF,D
10:30:52,JSMR,RG,3390,3,D,PD,IF,D
10:30:52,JSMR,RG,3390,123,D,YP,IF,D
10:30:52,JSMR,RG,3390,1,D,YP,IF,D
10:30:52,JSMR,RG,3390,1,D,YP,IF,D
10:30:52,JSMR,RG,3390,5,D,SQ,IF,D
10:30:52,JSMR,RG,3390,5,D,DR,IF,D
10:30:52,JSMR,RG,3390,3,D,PD,IF,D
10:30:52,JSMR,RG,3390,5,D,YP,IF,D
10:30:52,JSMR,RG,3390,1,D,PS,IF,D
10:30:44,JSMR,RG,3390,99,D,PS,GR,D
10:30:44,JSMR,RG,3390,5,D,KK,GR,D
10:30:44,JSMR,RG,3390,20,D,YP,GR,D
10:30:44,JSMR,RG,3390,3,D,PD,GR,D
10:30:44,JSMR,RG,3390,20,D,YP,GR,D
10:30:43,JSMR,RG,3390,160,D,YP,DR,D
10:30:43,JSMR,RG,3390,59,D,YP,DR,D
10:30:43,JSMR,RG,3390,1,D,YP,DR,D
10:30:43,JSMR,RG,3390,15,D,YP,DR,D
10:30:43,JSMR,RG,3390,100,D,PD,DR,D
10:30:43,JSMR,RG,3390,2,D,PD,DR,D
10:30:43,JSMR,RG,3390,2,D,PD,DR,D
10:30:43,JSMR,RG,3390,1,D,PD,DR,D
10:30:43,JSMR,RG,3390,1,D,KK,DR,D
10:30:43,JSMR,RG,3390,25,D,CC,DR,D
10:30:43,JSMR,RG,3390,2,D,KK,DR,D
10:30:43,JSMR,RG,3390,1,D,YB,DR,D
10:30:43,JSMR,RG,3390,10,D,CC,DR,D
10:30:43,JSMR,RG,3390,5,D,YB,DR,D
10:30:43,JSMR,RG,3390,200,D,YB,DR,D
10:30:42,JSMR,RG,3400,4,D,YP,AT,D
10:30:42,JSMR,RG,3400,1,D,PD,AT,D
10:30:17,JSMR,RG,3400,15,D,XC,AT,D
10:30:17,JSMR,RG,3400,1,D,BQ,AT,D
10:30:17,JSMR,RG,3400,1,D,BQ,AT,D
10:30:17,JSMR,RG,3400,1,D,BQ,AT,D
10:30:17,JSMR,RG,3400,1,D,BQ,AT,D
10:30:17,JSMR,RG,3400,1,D,BQ,AT,D
10:30:17,JSMR,RG,3400,1,D,BQ,AT,D
10:30:17,JSMR,RG,3400,1,D,BQ,AT,D
10:30:17,JSMR,RG,3400,3,F,CC,AT,D
10:30:17,JSMR,RG,3400,1,D,KK,AT,D
10:30:17,JSMR,RG,3400,1,D,YP,AT,D
10:30:17,JSMR,RG,3400,1,D,NI,AT,D
10:29:52,JSMR,RG,3400,1,D,NI,YB,D
10:29:52,JSMR,RG,3400,1,D,YB,YB,D
10:29:51,JSMR,RG,3400,9,D,YB,YP,D
10:29:51,JSMR,RG,3400,2,D,PD,YP,D
10:29:46,JSMR,RG,3400,25,D,PD,EP,D
10:29:42,JSMR,RG,3400,3,D,PD,LS,D
10:29:42,JSMR,RG,3400,1,D,PD,LS,D
10:29:42,JSMR,RG,3400,1,D,YP,LS,D
10:29:42,JSMR,RG,3400,3,D,YP,LS,D
10:29:42,JSMR,RG,3400,192,D,NI,LS,D
10:29:26,JSMR,RG,3400,58,D,NI,AK,F
10:29:26,JSMR,RG,3400,40,D,YB,AK,F
10:29:26,JSMR,RG,3400,8,D,YB,AK,F
10:29:26,JSMR,RG,3400,15,D,YB,AK,F
10:29:25,JSMR,RG,3400,5,D,YB,AK,F
10:29:25,JSMR,RG,3400,5,D,YP,AK,F
10:29:25,JSMR,RG,3400,10,D,CC,AK,F
10:29:25,JSMR,RG,3400,5,D,XC,AK,F
10:29:25,JSMR,RG,3400,1,D,KK,AK,F
10:29:25,JSMR,RG,3400,3,D,NI,AK,F
10:29:25,JSMR,RG,3400,1,D,PD,AK,F
10:29:25,JSMR,RG,3400,3,D,SQ,AK,F
10:29:25,JSMR,RG,3400,1,D,YP,AK,F
10:29:25,JSMR,RG,3400,2,D,YP,AK,F
10:29:25,JSMR,RG,3400,15,D,XC,AK,F
10:29:25,JSMR,RG,3400,5,D,YB,AK,F
10:29:25,JSMR,RG,3400,5,D,YB,AK,F
10:29:25,JSMR,RG,3400,1,D,PD,AK,F
10:29:25,JSMR,RG,3400,1,D,YP,AK,F
10:29:25,JSMR,RG,3400,10,D,NI,AK,F
10:29:25,JSMR,RG,3400,3,D,YB,AK,F
10:29:25,JSMR,RG,3400,20,D,YP,AK,F
10:29:25,JSMR,RG,3400,2,D,NI,AK,F
10:29:25,JSMR,RG,3400,25,D,XC,AK,F
10:29:25,JSMR,RG,3400,1,D,PD,AK,F
10:29:25,JSMR,RG,3400,25,D,YB,AK,F
10:29:25,JSMR,RG,3400,101,D,EP,AK,F
10:29:25,JSMR,RG,3400,399,D,EP,SQ,D
10:29:25,JSMR,RG,3400,6,D,DX,SQ,D
10:29:25,JSMR,RG,3400,2,D,YB,SQ,D
10:29:25,JSMR,RG,3400,100,D,YB,SQ,D
10:29:25,JSMR,RG,3400,1,D,KK,SQ,D
10:29:25,JSMR,RG,3400,5,D,YP,SQ,D
10:29:25,JSMR,RG,3400,40,D,YB,SQ,D
10:29:25,JSMR,RG,3400,10,D,CC,SQ,D
10:29:25,JSMR,RG,3400,1,D,KK,SQ,D
10:29:25,JSMR,RG,3400,5,D,YP,SQ,D
10:29:25,JSMR,RG,3400,15,D,KK,SQ,D
10:29:25,JSMR,RG,3400,15,D,YB,SQ,D
10:29:25,JSMR,RG,3400,5,D,YU,SQ,D
10:29:25,JSMR,RG,3400,300,D,YB,SQ,D
10:29:25,JSMR,RG,3400,3,D,YP,SQ,D
10:29:25,JSMR,RG,3400,300,D,GR,SQ,D
10:29:25,JSMR,RG,3400,1,D,YP,SQ,D
10:29:25,JSMR,RG,3400,24,D,CC,SQ,D
10:29:25,JSMR,RG,3400,18,D,CC,SQ,D
10:29:25,JSMR,RG,3400,1,D,XL,SQ,D
10:29:25,JSMR,RG,3400,5,D,GR,SQ,D
10:29:25,JSMR,RG,3400,2,D,NI,SQ,D
10:29:25,JSMR,RG,3400,5,D,YP,SQ,D
10:29:25,JSMR,RG,3400,3,D,YP,SQ,D
10:29:25,JSMR,RG,3400,10,D,PD,SQ,D
10:29:25,JSMR,RG,3400,30,D,YP,SQ,D
10:29:25,JSMR,RG,3400,10,D,YJ,SQ,D
10:29:25,JSMR,RG,3400,1,D,YP,SQ,D
10:29:25,JSMR,RG,3400,24,D,NI,SQ,D
10:29:25,JSMR,RG,3400,20,D,GR,SQ,D
10:29:25,JSMR,RG,3400,5,D,YB,SQ,D
10:29:25,JSMR,RG,3400,30,D,CC,SQ,D
10:29:25,JSMR,RG,3400,10,D,YP,SQ,D
10:29:25,JSMR,RG,3400,1000,D,YB,SQ,D
10:29:25,JSMR,RG,3400,2,D,YP,SQ,D
10:29:25,JSMR,RG,3400,100,D,YB,SQ,D
10:29:25,JSMR,RG,3400,1,D,AZ,SQ,D
10:29:25,JSMR,RG,3400,1,D,YB,SQ,D
10:29:25,JSMR,RG,3400,14,D,LG,SQ,D
10:29:25,JSMR,RG,3400,5,D,YB,SQ,D
10:29:25,JSMR,RG,3400,10,D,SQ,SQ,D
10:29:25,JSMR,RG,3400,1,D,DH,SQ,D
10:29:25,JSMR,RG,3400,1,D,AZ,SQ,D
10:29:25,JSMR,RG,3400,1,D,YU,SQ,D
10:29:25,JSMR,RG,3400,1,D,KK,SQ,D
10:29:25,JSMR,RG,3400,60,D,YP,SQ,D
10:29:25,JSMR,RG,3400,10,D,YP,SQ,D
10:29:25,JSMR,RG,3400,10,D,YP,SQ,D
10:29:25,JSMR,RG,3400,15,D,YP,SQ,D
10:29:25,JSMR,RG,3400,6,D,XL,SQ,D
10:29:25,JSMR,RG,3400,10,D,YB,SQ,D
10:29:25,JSMR,RG,3400,15,D,XL,SQ,D
10:29:25,JSMR,RG,3400,20,D,EP,SQ,D
10:29:25,JSMR,RG,3400,4,D,XC,SQ,D
10:29:25,JSMR,RG,3400,100,D,PD,SQ,D
10:29:25,JSMR,RG,3400,1,D,PD,SQ,D
10:29:25,JSMR,RG,3400,5,D,PD,SQ,D
10:29:25,JSMR,RG,3400,5,D,PD,SQ,D
10:29:25,JSMR,RG,3400,20,D,PD,SQ,D
10:29:25,JSMR,RG,3400,1,D,PD,SQ,D
10:29:25,JSMR,RG,3400,5,D,PD,SQ,D
10:29:25,JSMR,RG,3400,2,D,PD,SQ,D
10:29:25,JSMR,RG,3400,20,D,PD,SQ,D
10:29:25,JSMR,RG,3400,1,D,PD,SQ,D
10:29:25,JSMR,RG,3400,147,D,PD,SQ,D
10:29:17,JSMR,RG,3400,1,D,PD,YP,D
10:29:11,JSMR,RG,3400,2,D,PD,YP,D
10:28:41,JSMR,RG,3400,50,D,PD,NI,D
10:28:41,JSMR,RG,3400,2,D,PD,NI,D
10:28:41,JSMR,RG,3400,3,D,PD,NI,D
10:28:41,JSMR,RG,3400,1,D,PD,NI,D
10:28:41,JSMR,RG,3400,29,D,PD,NI,D
10:28:41,JSMR,RG,3400,1,D,PD,NI,D
10:28:41,JSMR,RG,3400,1,D,OD,NI,D
10:28:41,JSMR,RG,3400,13,D,KK,NI,D
10:28:41,JSMR,RG,3400,7,D,KK,YP,D
10:28:41,JSMR,RG,3400,5,D,DH,YP,D
10:28:41,JSMR,RG,3400,1,D,CC,YP,D
10:28:41,JSMR,RG,3400,87,D,DR,YP,D
10:28:41,JSMR,RG,3400,113,D,DR,SQ,D
10:28:41,JSMR,RG,3400,100,D,LG,SQ,D
10:28:41,JSMR,RG,3400,5,D,YB,SQ,D
10:28:41,JSMR,RG,3400,2,D,YB,SQ,D
10:28:41,JSMR,RG,3400,1,D,GR,SQ,D
10:28:41,JSMR,RG,3400,14,D,YB,SQ,D
10:28:41,JSMR,RG,3400,5,D,YB,SQ,D
10:28:41,JSMR,RG,3400,1,D,YB,SQ,D
10:28:41,JSMR,RG,3400,29,D,YB,SQ,D
10:28:41,JSMR,RG,3400,10,D,YB,SQ,D
10:28:41,JSMR,RG,3400,2,D,CC,SQ,D
10:28:41,JSMR,RG,3400,12,D,YB,SQ,D
10:28:41,JSMR,RG,3400,15,D,PC,SQ,D
10:28:41,JSMR,RG,3400,1,D,YB,SQ,D
10:28:41,JSMR,RG,3400,100,D,YB,SQ,D
10:28:41,JSMR,RG,3400,4,D,KK,SQ,D
10:28:41,JSMR,RG,3400,51,D,YB,SQ,D
10:28:41,JSMR,RG,3400,1,D,YB,SQ,D
10:28:41,JSMR,RG,3400,2,D,CC,SQ,D
10:28:41,JSMR,RG,3400,10,D,AZ,SQ,D
10:28:41,JSMR,RG,3400,7,D,YB,SQ,D
10:28:41,JSMR,RG,3400,15,D,IF,SQ,D
10:27:41,JSMR,RG,3410,10548,D,CC,CC,D
10:27:40,JSMR,RG,3410,61,F,AK,CC,D
10:27:40,JSMR,RG,3410,10,F,AK,CC,D
10:27:40,JSMR,RG,3410,250,D,NI,CC,D
10:27:40,JSMR,RG,3410,1,D,XC,CC,D
10:27:40,JSMR,RG,3410,1,D,YP,CC,D
10:27:40,JSMR,RG,3410,1,D,BQ,CC,D
10:27:40,JSMR,RG,3410,11,F,AK,CC,D
10:27:40,JSMR,RG,3410,5,D,YB,CC,D
10:27:40,JSMR,RG,3410,112,D,PD,CC,D
10:27:12,JSMR,RG,3410,3,D,PD,XL,D
10:27:00,JSMR,RG,3410,185,D,PD,IF,D
10:27:00,JSMR,RG,3410,9,F,AK,IF,D
10:27:00,JSMR,RG,3410,206,D,NI,IF,D
10:26:32,JSMR,RG,3410,14,D,NI,YB,D
10:25:41,JSMR,RG,3410,3,D,NI,YP,D
10:23:59,JSMR,RG,3410,19,D,NI,DR,D
10:23:59,JSMR,RG,3410,1,D,NI,NI,D
10:23:59,JSMR,RG,3410,7,D,NI,BK,F
10:23:58,JSMR,RG,3410,5,D,PD,BK,F
10:23:23,JSMR,RG,3410,1,D,AR,BK,F
10:23:23,JSMR,RG,3410,4,D,AR,DR,D
10:22:48,JSMR,RG,3410,13,F,AK,AK,F
10:22:48,JSMR,RG,3410,172,D,NI,AK,F
10:22:48,JSMR,RG,3410,43,D,NI,YP,D
10:22:42,JSMR,RG,3410,23,D,NI,DR,D
10:22:42,JSMR,RG,3410,12,D,NI,YB,D
10:22:09,JSMR,RG,3410,10,D,YB,YB,D
10:21:52,JSMR,RG,3410,1,D,XC,YB,D
10:21:37,JSMR,RG,3410,13,F,AK,YB,D
10:21:37,JSMR,RG,3410,9,F,AK,YB,D
10:21:33,JSMR,RG,3410,3,F,AK,OD,D
10:21:33,JSMR,RG,3410,1,F,AK,OD,D
10:21:33,JSMR,RG,3410,1,D,GR,OD,D
10:21:33,JSMR,RG,3410,7,D,NI,OD,D
10:21:33,JSMR,RG,3410,1,D,CP,OD,D
10:21:33,JSMR,RG,3410,1,D,IF,OD,D
10:21:33,JSMR,RG,3410,1,D,MK,OD,D
10:21:33,JSMR,RG,3410,1,D,XC,OD,D
10:21:33,JSMR,RG,3410,3,D,XL,OD,D
10:21:33,JSMR,RG,3410,1,F,AK,OD,D
10:21:33,JSMR,RG,3410,2,D,XC,OD,D
10:21:33,JSMR,RG,3410,84,F,AK,OD,D
10:21:33,JSMR,RG,3410,13,D,PD,OD,D
10:21:33,JSMR,RG,3410,12,F,AK,OD,D
10:21:33,JSMR,RG,3410,1,D,KK,OD,D
10:21:33,JSMR,RG,3410,15,D,YB,OD,D
10:21:33,JSMR,RG,3410,2,D,YB,OD,D
10:21:33,JSMR,RG,3410,1,D,YP,OD,D
10:21:33,JSMR,RG,3410,10,D,YP,OD,D
10:21:33,JSMR,RG,3410,50,D,NI,OD,D
10:21:33,JSMR,RG,3410,30,D,YP,OD,D
10:21:33,JSMR,RG,3410,1,D,YP,OD,D
10:21:33,JSMR,RG,3410,100,D,YB,OD,D
10:21:33,JSMR,RG,3410,3,D,YB,OD,D
10:21:33,JSMR,RG,3410,18,D,XL,OD,D
10:21:33,JSMR,RG,3410,12,D,SQ,OD,D
10:21:33,JSMR,RG,3410,15,D,YB,OD,D
10:21:33,JSMR,RG,3410,10,D,AI,OD,D
10:21:33,JSMR,RG,3410,1,D,YB,OD,D
10:21:33,JSMR,RG,3410,15,D,YB,OD,D
10:21:33,JSMR,RG,3410,1,D,YB,OD,D
10:21:33,JSMR,RG,3410,30,D,YP,OD,D
10:21:33,JSMR,RG,3410,1,D,XC,OD,D
10:21:33,JSMR,RG,3410,5,D,YP,OD,D
10:21:33,JSMR,RG,3410,5,D,RS,OD,D
10:21:33,JSMR,RG,3410,5,D,PD,OD,D
10:21:33,JSMR,RG,3410,1,D,PD,OD,D
10:21:33,JSMR,RG,3410,3,D,PD,OD,D
10:21:33,JSMR,RG,3410,1,D,YB,OD,D
10:21:33,JSMR,RG,3410,6,D,YP,OD,D
10:21:33,JSMR,RG,3410,15,D,YB,OD,D
10:21:33,JSMR,RG,3410,14,F,AK,OD,D
10:21:33,JSMR,RG,3410,1,D,YB,OD,D
10:21:33,JSMR,RG,3410,14,F,AK,OD,D
10:21:33,JSMR,RG,3410,1,D,YP,OD,D
10:21:33,JSMR,RG,3410,12,D,CC,OD,D
10:21:33,JSMR,RG,3410,2,D,PD,OD,D
10:21:33,JSMR,RG,3410,5,D,PD,OD,D
10:21:33,JSMR,RG,3410,5,D,YP,OD,D
10:21:33,JSMR,RG,3410,1,D,YB,OD,D
10:21:33,JSMR,RG,3410,49,D,KK,OD,D
10:21:31,JSMR,RG,3410,1,D,KK,YP,D
10:21:09,JSMR,RG,3410,25,D,KK,YP,D
10:20:45,JSMR,RG,3420,11,F,AK,LG,F
10:20:23,JSMR,RG,3410,12,D,KK,CC,D
10:18:08,JSMR,RG,3420,15,D,YB,LG,F
10:17:35,JSMR,RG,3410,3,D,KK,DR,D
10:12:58,JSMR,RG,3410,9,D,KK,XL,D
10:12:58,JSMR,RG,3420,5,D,YP,LG,F
10:10:43,JSMR,RG,3410,19,D,KK,XC,D
10:10:22,JSMR,RG,3410,32,D,KK,CP,D
10:10:22,JSMR,RG,3410,20,D,YP,CP,D
10:10:22,JSMR,RG,3410,20,D,YP,CP,D
10:10:22,JSMR,RG,3410,25,D,EP,CP,D
10:10:22,JSMR,RG,3410,3,D,XL,CP,D
10:10:09,JSMR,RG,3410,1,D,PD,XC,D
10:10:09,JSMR,RG,3410,35,D,PD,XC,D
10:08:28,JSMR,RG,3410,48,D,PD,CC,D
10:08:02,JSMR,RG,3410,17,D,PD,GR,D
10:08:02,JSMR,RG,3410,1,D,PD,GR,D
10:08:02,JSMR,RG,3410,33,D,KK,GR,D
10:08:02,JSMR,RG,3410,8,D,YB,GR,D
10:08:02,JSMR,RG,3410,5,D,AT,GR,D
10:08:02,JSMR,RG,3410,2,D,KK,GR,D
10:08:02,JSMR,RG,3410,100,D,XL,GR,D
10:08:02,JSMR,RG,3410,5,D,DR,GR,D
10:08:02,JSMR,RG,3410,3,D,NI,GR,D
10:08:02,JSMR,RG,3410,10,D,LG,GR,D
10:08:02,JSMR,RG,3410,16,D,YU,GR,D
10:07:20,JSMR,RG,3410,10,D,YU,CC,D
10:07:11,JSMR,RG,3420,2,D,KK,LG,F
10:07:06,JSMR,RG,3420,2,D,KK,LG,F
10:07:06,JSMR,RG,3410,10,D,YU,YP,D
10:07:01,JSMR,RG,3420,2,D,KK,LG,F
10:06:46,JSMR,RG,3410,3,D,YU,DR,D
10:06:11,JSMR,RG,3420,1,F,AK,LG,F
10:06:11,JSMR,RG,3420,14,F,AK,LG,F
10:06:10,JSMR,RG,3420,10,D,CC,LG,F
10:06:10,JSMR,RG,3420,1,D,ZP,LG,F
10:06:10,JSMR,RG,3420,1,D,NI,LG,F
10:06:10,JSMR,RG,3420,5,D,YB,LG,F
10:06:10,JSMR,RG,3420,10,D,XC,LG,F
10:06:10,JSMR,RG,3420,1,D,XC,LG,F
10:06:10,JSMR,RG,3420,1,D,YP,LG,F
10:06:10,JSMR,RG,3420,1,D,YB,LG,F
10:06:10,JSMR,RG,3420,13,F,AK,LG,F
10:06:10,JSMR,RG,3420,1,F,AK,LG,F
10:06:10,JSMR,RG,3420,44,D,PD,LG,F
10:06:10,JSMR,RG,3420,1,D,KK,LG,F
10:06:10,JSMR,RG,3420,1,D,YP,LG,F
10:06:10,JSMR,RG,3420,114,D,YB,LG,F
10:06:10,JSMR,RG,3420,1,D,YB,LG,F
10:06:10,JSMR,RG,3420,36,F,CC,LG,F
10:06:10,JSMR,RG,3420,1,D,CC,LG,F
10:06:10,JSMR,RG,3420,5,D,PD,LG,F
10:06:10,JSMR,RG,3420,3,D,OD,LG,F
10:06:10,JSMR,RG,3420,11,F,AK,LG,F
10:06:10,JSMR,RG,3420,1,F,AK,LG,F
10:06:10,JSMR,RG,3420,5,D,RS,LG,F
10:06:10,JSMR,RG,3420,116,D,OD,LG,F
10:05:44,JSMR,RG,3430,10,D,CC,CS,D
10:05:30,JSMR,RG,3430,24,F,AK,CS,D
10:04:50,JSMR,RG,3420,5,D,OD,PD,D
10:04:41,JSMR,RG,3420,1,D,OD,CC,D
10:03:06,JSMR,RG,3420,5,D,OD,DR,D
10:01:16,JSMR,RG,3420,8,D,OD,YB,D
10:00:21,JSMR,RG,3430,1,D,YP,CS,D
10:00:15,JSMR,RG,3430,32,F,AK,CS,D
10:00:15,JSMR,RG,3430,1,F,AK,PD,D
09:57:36,JSMR,RG,3430,2,D,PD,PD,D
09:57:09,JSMR,RG,3420,3,D,OD,XC,D
09:55:12,JSMR,RG,3420,12,D,OD,XC,D
09:55:12,JSMR,RG,3420,2,D,XC,XC,D
09:52:53,JSMR,RG,3420,6,D,XC,AK,F
09:52:53,JSMR,RG,3420,2,D,XC,PD,D
09:52:30,JSMR,RG,3420,2,D,CC,PD,D
09:52:23,JSMR,RG,3420,1,D,YP,PD,D
09:52:13,JSMR,RG,3420,1,D,DH,PD,D
09:52:12,JSMR,RG,3420,2,D,KK,PD,D
09:52:07,JSMR,RG,3420,2,D,KK,PD,D
09:51:55,JSMR,RG,3420,2,D,YP,AK,F
09:51:55,JSMR,RG,3420,3,D,YP,CC,D
09:51:49,JSMR,RG,3420,10,D,CC,CC,D
09:51:28,JSMR,RG,3420,7,D,CC,CC,D
09:51:28,JSMR,RG,3420,1,D,CC,YP,D
09:51:28,JSMR,RG,3420,17,D,CC,DR,D
09:51:28,JSMR,RG,3420,23,D,CC,CC,D
09:51:24,JSMR,RG,3410,1,D,YU,XL,D
09:51:24,JSMR,RG,3420,2,D,EP,CC,D
09:51:24,JSMR,RG,3410,5,D,YU,DR,D
09:51:21,JSMR,RG,3420,3,D,YP,YP,D
09:51:20,JSMR,RG,3420,1,D,YB,YP,D
09:51:11,JSMR,RG,3420,21,D,BQ,YP,D
09:51:11,JSMR,RG,3420,33,D,BQ,DR,D
09:51:11,JSMR,RG,3420,96,D,BQ,PD,D
09:50:43,JSMR,RG,3420,3,D,YP,PD,D
09:50:26,JSMR,RG,3420,5,D,YP,PD,D
09:50:24,JSMR,RG,3420,3,D,YP,PD,D
09:50:02,JSMR,RG,3420,1,D,YB,PD,D
09:49:58,JSMR,RG,3420,10,D,YB,PD,D
09:49:12,JSMR,RG,3420,10,D,KK,PD,D
09:48:36,JSMR,RG,3420,1,D,YP,PD,D
09:47:51,JSMR,RG,3410,5,D,YU,DR,D
09:47:08,JSMR,RG,3410,5,D,YU,PD,D
09:46:49,JSMR,RG,3410,143,D,YU,BK,F
09:46:43,JSMR,RG,3420,16,D,YB,PD,D
09:46:30,JSMR,RG,3420,6,D,GR,PD,D
09:46:30,JSMR,RG,3420,2,D,GR,YP,D
09:46:30,JSMR,RG,3420,1,D,GR,XC,D
09:46:30,JSMR,RG,3420,3,D,GR,PD,D
09:46:30,JSMR,RG,3420,138,D,GR,BK,F
09:46:04,JSMR,RG,3420,1,D,YP,BK,F
09:45:37,JSMR,RG,3420,41,D,IF,BK,F
09:45:37,JSMR,RG,3420,13,D,IF,DR,D
09:45:37,JSMR,RG,3420,46,D,IF,YP,D
09:45:26,JSMR,RG,3410,10,D,YU,YB,D
09:45:26,JSMR,RG,3410,12,D,YU,NI,D
09:45:26,JSMR,RG,3410,4,D,YU,YB,D
09:45:25,JSMR,RG,3420,14,D,YP,YP,D
09:45:23,JSMR,RG,3410,3,D,YU,KK,D
09:44:58,JSMR,RG,3410,6,D,YU,YP,D
09:44:52,JSMR,RG,3410,16,D,YU,EP,D
09:44:19,JSMR,RG,3410,100,D,YU,YP,D
09:43:59,JSMR,RG,3410,110,D,YU,CC,D
09:43:58,JSMR,RG,3410,41,D,YU,YB,D
09:43:58,JSMR,RG,3410,8,D,EP,YB,D
09:43:58,JSMR,RG,3410,1,D,YB,YB,D
09:43:58,JSMR,RG,3410,10,D,GR,YB,D
09:43:58,JSMR,RG,3410,5,D,YB,YB,D
09:43:58,JSMR,RG,3410,15,D,FZ,YB,D
09:43:58,JSMR,RG,3410,3,D,AZ,YB,D
09:43:58,JSMR,RG,3410,3,D,AZ,YB,D
09:43:58,JSMR,RG,3410,2,D,AZ,XL,D
09:43:55,JSMR,RG,3420,1,D,YP,YP,D
09:43:52,JSMR,RG,3420,15,D,PD,YP,D
09:42:45,JSMR,RG,3420,15,D,YB,YP,D
09:41:58,JSMR,RG,3420,15,D,YB,YP,D
09:41:51,JSMR,RG,3420,15,D,YB,YP,D
09:41:51,JSMR,RG,3420,10,D,PC,YP,D
09:41:51,JSMR,RG,3420,10,D,YU,YP,D
09:41:51,JSMR,RG,3420,9,D,DR,YP,D
09:41:51,JSMR,RG,3420,3,D,PD,YP,D
09:41:51,JSMR,RG,3420,2,D,YP,YP,D
09:41:51,JSMR,RG,3420,1,D,CC,YP,D
09:41:51,JSMR,RG,3420,6,D,CC,YP,D
09:41:51,JSMR,RG,3420,12,F,AK,YP,D
09:41:51,JSMR,RG,3420,10,D,YP,YP,D
09:41:51,JSMR,RG,3420,2,D,XL,YP,D
09:41:51,JSMR,RG,3420,5,D,YP,YP,D
09:41:51,JSMR,RG,3420,1,D,XL,YP,D
09:41:51,JSMR,RG,3420,10,D,PD,YP,D
09:41:51,JSMR,RG,3420,19,D,XL,YP,D
09:41:51,JSMR,RG,3420,5,D,NI,YP,D
09:41:51,JSMR,RG,3420,20,D,EP,YP,D
09:41:51,JSMR,RG,3420,1,D,SQ,YP,D
09:41:51,JSMR,RG,3420,15,D,YB,YP,D
09:41:51,JSMR,RG,3420,13,D,PD,YP,D
09:41:51,JSMR,RG,3420,5,D,NI,YP,D
09:41:51,JSMR,RG,3420,10,D,YP,YP,D
09:41:51,JSMR,RG,3420,5,D,YP,YP,D
09:41:51,JSMR,RG,3420,2,D,PD,YP,D
09:41:51,JSMR,RG,3420,1,D,XL,YP,D
09:41:51,JSMR,RG,3420,2,D,PD,YP,D
09:41:42,JSMR,RG,3420,4,D,CC,AZ,D
09:41:42,JSMR,RG,3420,16,D,GR,AZ,D
09:40:40,JSMR,RG,3420,7,D,GR,PD,D
09:40:01,JSMR,RG,3420,5,D,GR,AZ,D
09:39:15,JSMR,RG,3420,1,D,GR,SQ,D
09:39:08,JSMR,RG,3420,1,D,GR,YP,D
09:39:08,JSMR,RG,3420,8,D,EP,YP,D
09:39:08,JSMR,RG,3420,1,D,YB,YP,D
09:38:43,JSMR,RG,3420,1,D,AZ,SQ,D
09:38:31,JSMR,RG,3420,2,D,AZ,PD,D
09:38:07,JSMR,RG,3430,1,F,CC,PD,D
09:38:07,JSMR,RG,3430,2,D,YP,PD,D
09:37:45,JSMR,RG,3430,1,F,AK,EP,D
09:37:45,JSMR,RG,3430,9,D,YB,EP,D
09:37:27,JSMR,RG,3430,3,D,YB,YP,D
09:36:51,JSMR,RG,3430,1,D,YB,YP,D
09:36:42,JSMR,RG,3430,2,D,YB,DR,D
09:36:40,JSMR,RG,3430,29,D,YB,BK,F
09:36:40,JSMR,RG,3430,2,D,YP,BK,F
09:36:40,JSMR,RG,3430,8,F,AK,BK,F
09:36:33,JSMR,RG,3430,3,F,AK,BK,F
09:36:33,JSMR,RG,3430,1,D,NI,BK,F
09:36:33,JSMR,RG,3430,2,D,XC,BK,F
09:36:33,JSMR,RG,3430,10,D,EP,BK,F
09:36:33,JSMR,RG,3430,2,D,XC,BK,F
09:36:14,JSMR,RG,3430,1,D,YP,DH,D
09:36:04,JSMR,RG,3430,2,D,YP,BK,F
09:35:47,JSMR,RG,3430,6,D,YP,BK,F
09:35:29,JSMR,RG,3430,1,D,YP,YP,D
09:35:28,JSMR,RG,3430,15,D,YP,XC,D
09:35:10,JSMR,RG,3430,13,D,YP,BK,F
09:35:07,JSMR,RG,3430,32,D,YP,BK,F
09:35:06,JSMR,RG,3430,76,D,YP,YU,D
09:35:06,JSMR,RG,3430,1,D,XL,YU,D
09:35:06,JSMR,RG,3430,1,D,XC,YU,D
09:35:06,JSMR,RG,3430,15,D,YB,YU,D
09:35:06,JSMR,RG,3430,12,D,XC,YU,D
09:35:06,JSMR,RG,3430,20,D,YB,YU,D
09:35:06,JSMR,RG,3430,1,D,YB,YU,D
09:35:06,JSMR,RG,3430,2,D,YB,YU,D
09:35:06,JSMR,RG,3430,2,D,PD,YU,D
09:35:06,JSMR,RG,3430,10,D,PD,YU,D
09:35:06,JSMR,RG,3430,10,D,YP,YU,D
09:35:06,JSMR,RG,3430,20,D,YP,YU,D
09:35:06,JSMR,RG,3430,3,D,YP,YU,D
09:35:06,JSMR,RG,3430,5,D,YP,YU,D
09:35:06,JSMR,RG,3430,15,D,CC,YU,D
09:35:06,JSMR,RG,3430,5,D,PD,YU,D
09:35:06,JSMR,RG,3430,2,D,PD,YU,D
09:35:06,JSMR,RG,3430,1,D,KK,YU,D
09:35:06,JSMR,RG,3430,1,D,OD,YU,D
09:35:06,JSMR,RG,3430,6,D,CC,YU,D
09:35:06,JSMR,RG,3430,500,D,YU,YU,D
09:35:06,JSMR,RG,3430,8,D,EP,YU,D
09:35:06,JSMR,RG,3430,3000,D,YU,YU,D
09:35:06,JSMR,RG,3430,7,D,YB,YU,D
09:35:06,JSMR,RG,3430,3,D,YB,YU,D
09:35:06,JSMR,RG,3430,8,D,YB,YU,D
09:35:06,JSMR,RG,3430,1,D,YB,YU,D
09:35:06,JSMR,RG,3430,50,D,YB,YU,D
09:35:06,JSMR,RG,3430,1,D,YB,YU,D
09:35:06,JSMR,RG,3430,5,D,YB,YU,D
09:35:06,JSMR,RG,3430,200,D,YB,YU,D
09:35:06,JSMR,RG,3430,9,D,AT,YU,D
09:34:59,JSMR,RG,3440,1,D,SQ,BK,F
09:34:55,JSMR,RG,3440,1,D,SQ,CC,D
09:34:52,JSMR,RG,3440,4,D,SQ,BK,F
09:34:52,JSMR,RG,3440,1,D,YP,BK,F
09:34:45,JSMR,RG,3440,2,D,YP,PD,D
09:34:45,JSMR,RG,3440,5,D,IF,PD,D
09:33:50,JSMR,RG,3450,1,D,PD,HP,D
09:33:46,JSMR,RG,3440,25,D,IF,YP,D
09:33:33,JSMR,RG,3440,24,D,IF,AK,F
09:33:33,JSMR,RG,3440,1,D,IF,OD,D
09:33:33,JSMR,RG,3440,1,D,IF,YP,D
09:33:33,JSMR,RG,3440,26,D,IF,BK,F
09:33:33,JSMR,RG,3440,18,D,IF,DR,D
09:33:24,JSMR,RG,3430,6,D,AT,DR,D
09:33:24,JSMR,RG,3430,1,D,ZP,DR,D
09:33:24,JSMR,RG,3430,6,D,YB,DR,D
09:33:13,JSMR,RG,3430,1,D,YB,YP,D
09:32:59,JSMR,RG,3440,1,D,XC,AK,F
09:32:59,JSMR,RG,3440,10,F,AK,AK,F
09:32:59,JSMR,RG,3440,1,F,AK,AK,F
09:32:59,JSMR,RG,3440,4,D,YB,AK,F
09:32:59,JSMR,RG,3440,5,D,YB,AK,F
09:32:59,JSMR,RG,3440,1,D,EP,AK,F
09:32:59,JSMR,RG,3440,1,D,YP,AK,F
09:32:59,JSMR,RG,3440,3,D,YP,AK,F
09:32:59,JSMR,RG,3440,45,D,XC,AK,F
09:32:59,JSMR,RG,3440,1,D,XC,AK,F
09:32:59,JSMR,RG,3440,3,D,YP,AK,F
09:32:59,JSMR,RG,3440,1,F,AK,AK,F
09:32:59,JSMR,RG,3440,10,D,YP,AK,F
09:32:59,JSMR,RG,3440,7,D,PD,AK,F
09:32:59,JSMR,RG,3440,1,D,PD,AK,F
09:32:59,JSMR,RG,3440,1,D,PD,AK,F
09:32:59,JSMR,RG,3440,2,D,XC,AK,F
09:32:59,JSMR,RG,3440,300,D,HD,AK,F
09:32:59,JSMR,RG,3440,10,D,YP,AK,F
09:32:59,JSMR,RG,3440,12,D,AZ,AK,F
09:32:59,JSMR,RG,3440,18,D,AZ,AK,F
09:32:59,JSMR,RG,3440,1,F,AK,AK,F
09:32:59,JSMR,RG,3440,2,D,YP,AK,F
09:32:59,JSMR,RG,3440,100,D,YP,AK,F
09:32:59,JSMR,RG,3440,90,D,BQ,AK,F
09:32:59,JSMR,RG,3440,3,D,BQ,YB,D
09:32:22,JSMR,RG,3440,7,D,BQ,AK,F
09:32:22,JSMR,RG,3440,8,D,YB,AK,F
09:32:22,JSMR,RG,3440,5,D,PD,AK,F
09:32:22,JSMR,RG,3440,5,D,PD,AG,D
09:32:22,JSMR,RG,3440,10,D,YB,AG,D
09:32:22,JSMR,RG,3440,35,F,AK,AG,D
09:32:13,JSMR,RG,3440,30,F,AK,YP,D
09:32:13,JSMR,RG,3440,7,F,AK,YB,D
09:31:02,JSMR,RG,3440,8,F,AK,AZ,D
09:31:02,JSMR,RG,3440,5,D,YB,AZ,D
09:31:02,JSMR,RG,3440,87,D,IF,AZ,D
09:30:23,JSMR,RG,3440,12,D,IF,PD,D
09:30:23,JSMR,RG,3450,3,D,YP,PD,D
09:30:15,JSMR,RG,3450,2,F,AK,PD,D
09:30:15,JSMR,RG,3450,1,F,AK,YP,D
09:30:15,JSMR,RG,3450,3,F,AK,NI,D
09:30:15,JSMR,RG,3450,10,F,AK,NI,D
09:30:15,JSMR,RG,3450,16,F,AK,XC,D
09:30:15,JSMR,RG,3450,4,F,AK,BK,F
09:30:04,JSMR,RG,3450,110,F,AK,BK,F
09:30:04,JSMR,RG,3450,1,F,AK,YP,D
09:30:04,JSMR,RG,3450,14,F,AK,BK,F
09:30:04,JSMR,RG,3450,120,F,AK,BK,F
09:29:57,JSMR,RG,3450,1,D,NI,BK,F
09:29:48,JSMR,RG,3440,1,D,IF,YP,D
09:29:48,JSMR,RG,3440,1,D,NI,YP,D
09:29:48,JSMR,RG,3440,1,D,KK,YP,D
09:29:48,JSMR,RG,3440,2,D,YB,YP,D
09:29:29,JSMR,RG,3440,5,D,YB,EP,D
09:29:29,JSMR,RG,3440,20,D,DH,EP,D
09:28:17,JSMR,RG,3440,9,D,DH,CC,D
09:28:17,JSMR,RG,3440,1,F,AK,CC,D
09:26:41,JSMR,RG,3440,1,D,AZ,XC,D
09:25:08,JSMR,RG,3440,2,D,KK,PD,D
09:25:08,JSMR,RG,3440,5,D,PD,PD,D
09:25:08,JSMR,RG,3440,4,D,YP,PD,D
09:24:52,JSMR,RG,3440,1,D,YP,YP,D
09:21:39,JSMR,RG,3440,1,D,LG,LG,D
09:21:39,JSMR,RG,3440,5,D,LG,YP,D
09:21:32,JSMR,RG,3440,1,D,LG,DH,D
09:21:29,JSMR,RG,3440,10,D,LG,YP,D
09:21:16,JSMR,RG,3440,1,D,LG,LG,D
09:21:03,JSMR,RG,3440,25,D,LG,CC,D
09:20:58,JSMR,RG,3440,7,D,LG,CS,D
09:20:58,JSMR,RG,3440,1,D,PD,CS,D
09:20:24,JSMR,RG,3440,2,D,PD,PD,D
09:20:24,JSMR,RG,3440,1,D,PD,PD,D
09:20:24,JSMR,RG,3440,5,D,YP,PD,D
09:20:24,JSMR,RG,3440,4,D,CC,PD,D
09:15:16,JSMR,RG,3440,11,D,CC,PD,D
09:14:58,JSMR,RG,3440,1,D,CC,CC,D
09:13:34,JSMR,RG,3440,3,D,CC,YP,D
09:13:26,JSMR,RG,3450,1,D,YP,BK,F
09:13:23,JSMR,RG,3440,3,D,CC,YP,D
09:13:15,JSMR,RG,3450,1,D,IF,BK,F
09:13:04,JSMR,RG,3440,1,D,CC,CC,D
09:12:19,JSMR,RG,3450,1,D,SQ,BK,F
09:11:20,JSMR,RG,3450,30,D,PD,BK,F
09:10:42,JSMR,RG,3450,32,D,NI,BK,F
09:09:21,JSMR,RG,3450,1,D,KK,BK,F
09:08:03,JSMR,RG,3450,100,D,IF,BK,F
09:07:22,JSMR,RG,3440,2,D,CC,PD,D
09:06:28,JSMR,RG,3440,1,D,XL,CS,D
09:06:28,JSMR,RG,3440,1,D,XC,CS,D
09:06:28,JSMR,RG,3440,1,D,EP,CS,D
09:05:51,JSMR,RG,3440,5,D,EP,DH,D
09:04:58,JSMR,RG,3450,3,D,PD,BK,F
09:02:47,JSMR,RG,3440,1,D,EP,YP,D
09:02:40,JSMR,RG,3440,1,D,EP,YP,D
09:02:30,JSMR,RG,3450,1,D,YP,YP,D
09:02:28,JSMR,RG,3450,1,D,YP,CS,D
09:02:28,JSMR,RG,3450,2,D,XC,PD,D
09:02:28,JSMR,RG,3450,2,D,OD,PD,D
09:01:51,JSMR,RG,3450,2,D,OD,DR,D
09:01:51,JSMR,RG,3450,3,D,XC,DR,D
09:01:51,JSMR,RG,3450,2,D,YP,DR,D
09:01:51,JSMR,RG,3450,3,D,OD,DR,D
09:01:46,JSMR,RG,3460,1,D,YP,YP,D
09:01:42,JSMR,RG,3460,3,D,AZ,YP,D
09:01:41,JSMR,RG,3460,1,D,YP,YP,D
09:01:39,JSMR,RG,3460,1,D,XC,YP,D
09:01:37,JSMR,RG,3460,1,D,YP,YP,D
09:01:20,JSMR,RG,3460,9,D,YB,YP,D
09:00:50,JSMR,RG,3460,1,D,YP,YP,D
09:00:48,JSMR,RG,3450,3,D,OD,EP,D
09:00:48,JSMR,RG,3450,1,F,AK,EP,D
09:00:48,JSMR,RG,3450,1,F,CC,EP,D
09:00:47,JSMR,RG,3450,1,D,YB,YP,D
09:00:47,JSMR,RG,3450,1,D,YB,YP,D
09:00:47,JSMR,RG,3450,4,D,OD,YP,D
09:00:43,JSMR,RG,3450,1,D,OD,YP,D
09:00:39,JSMR,RG,3450,4,D,OD,AK,F
09:00:32,JSMR,RG,3460,1,D,YP,PD,D
09:00:32,JSMR,RG,3460,1,D,YP,CS,D
09:00:32,JSMR,RG,3460,1,D,YP,CS,D
09:00:32,JSMR,RG,3460,1,D,YP,YB,D
09:00:32,JSMR,RG,3460,2,D,YP,YB,D
09:00:32,JSMR,RG,3450,1,D,OD,YP,D
09:00:32,JSMR,RG,3450,1,D,OD,YP,D
09:00:32,JSMR,RG,3450,1,D,OD,YP,D
09:00:10,JSMR,RG,3450,15,D,OD,XL,D
09:00:07,JSMR,RG,3450,5,D,OD,XC,D
09:00:06,JSMR,RG,3450,1,D,OD,XL,D
09:00:06,JSMR,RG,3450,1,D,OD,PD,D
09:00:06,JSMR,RG,3450,8,D,OD,PD,D
09:00:05,JSMR,RG,3450,1,D,OD,CC,D
09:00:05,JSMR,RG,3450,1,D,OD,CC,D
09:00:04,JSMR,RG,3450,2,D,OD,KK,D
09:00:04,JSMR,RG,3460,2,F,AK,YB,D
09:00:03,JSMR,RG,3450,1,D,OD,XL,D
09:00:03,JSMR,RG,3450,8,D,OD,EP,D
09:00:02,JSMR,RG,3450,32,D,OD,DR,D
09:00:02,JSMR,RG,3450,1,D,YB,GR,D
