Time,Stock,Brd,Price,Qty,BT,BC,SC,ST
15:14:53,JSMR,RG,3470,10,D,AK,PD,D
15:14:37,JSMR,RG,3470,1,D,AK,NI,D
15:13:50,JSMR,RG,3470,50,D,AK,YP,D
15:13:25,JSMR,RG,3470,50,D,AK,EP,D
15:13:17,JSMR,RG,3470,20,D,AK,CC,D
15:12:26,JSMR,RG,3470,2,D,AK,BQ,D
15:11:59,JSMR,RG,3470,110,D,AK,LG,D
15:11:59,JSMR,RG,3470,3,D,AK,BQ,D
15:11:59,JSMR,RG,3470,20,D,AK,YP,D
15:11:59,JSMR,RG,3470,100,D,AK,XC,D
15:11:59,JSMR,RG,3470,150,D,AK,YP,D
15:09:18,JSMR,RG,3470,15,D,YU,YP,D
15:09:18,JSMR,RG,3470,50,D,YB,YP,D
15:09:18,JSMR,RG,3470,3,D,YP,YP,D
15:09:18,JSMR,RG,3470,29,D,OD,YP,D
15:09:18,JSMR,RG,3470,14,D,YB,YP,D
15:09:18,JSMR,RG,3470,132,D,CS,YP,D
15:07:43,JSMR,RG,3470,11,D,CS,XC,D
15:07:31,JSMR,RG,3470,1,D,CS,YP,D
15:07:16,JSMR,RG,3470,1,D,CS,NI,D
15:07:08,JSMR,RG,3470,1,D,CS,LG,D
15:07:06,JSMR,RG,3470,20,D,CS,PD,D
15:05:56,JSMR,RG,3470,2,D,CS,CC,D
15:05:47,JSMR,RG,3470,25,D,CS,PD,D
15:05:43,JSMR,RG,3470,15,D,CS,CC,D
15:05:38,JSMR,RG,3470,1,D,CS,NI,D
15:05:29,JSMR,RG,3470,300,D,CS,IH,D
15:05:22,JSMR,RG,3470,10,D,CS,NI,D
15:05:10,JSMR,RG,3470,10,D,CS,XA,D
15:05:10,JSMR,RG,3470,1,D,CS,CP,D
15:04:55,JSMR,RG,3470,1,D,CS,YP,D
15:04:48,JSMR,RG,3470,100,D,CS,YP,D
15:04:39,JSMR,RG,3470,15,D,CS,DR,D
15:04:39,JSMR,RG,3470,3,D,YP,DR,D
15:04:39,JSMR,RG,3470,1,D,CS,DR,D
15:03:19,JSMR,RG,3470,5,D,CS,PD,D
15:03:08,JSMR,RG,3470,250,D,CS,YP,D
15:03:06,JSMR,RG,3470,69,D,CS,SQ,D
15:03:06,JSMR,RG,3470,10,D,AT,SQ,D
15:03:06,JSMR,RG,3470,50,D,SQ,SQ,D
15:03:06,JSMR,RG,3470,1,D,XL,SQ,D
15:03:06,JSMR,RG,3470,528,D,CS,SQ,D
15:02:42,JSMR,RG,3470,10,D,CS,XC,D
15:02:39,JSMR,RG,3470,10,D,CS,YP,D
15:02:27,JSMR,RG,3470,6,D,CS,YP,D
15:02:01,JSMR,RG,3470,2,D,CS,BQ,D
15:01:38,JSMR,RG,3470,1,D,CS,YP,D
15:01:29,JSMR,RG,3470,110,D,CS,HP,D
15:01:26,JSMR,RG,3470,1,D,CS,CC,D
15:01:20,JSMR,RG,3470,130,D,CS,NI,D
15:01:15,JSMR,RG,3470,421,D,CS,DR,D
15:01:00,JSMR,RG,3470,1,D,CS,XC,D
15:01:00,JSMR,RG,3470,200,D,CS,YB,D
15:01:00,JSMR,RG,3470,25,D,CS,PD,D
15:00:00,JSMR,RG,3470,60,D,CS,EP,D
15:00:00,JSMR,RG,3470,1,D,CS,XC,D
15:00:00,JSMR,RG,3470,15,D,CS,DH,D
15:00:00,JSMR,RG,3470,2,D,CS,YU,D
15:00:00,JSMR,RG,3470,2,D,CS,DH,D
15:00:00,JSMR,RG,3470,5,D,CS,YP,D
15:00:00,JSMR,RG,3470,3,D,CS,PD,D
15:00:00,JSMR,RG,3470,17,D,CS,PD,D
15:00:00,JSMR,RG,3470,300,D,CS,OD,D
15:00:00,JSMR,RG,3470,50,D,CS,YP,D
15:00:00,JSMR,RG,3470,25,D,CS,CC,D
15:00:00,JSMR,RG,3470,25,D,CS,SQ,D
15:00:00,JSMR,RG,3470,15,D,CS,CC,D
15:00:00,JSMR,RG,3470,61,D,CS,NI,D
15:00:00,JSMR,RG,3470,10,D,CS,NI,D
15:00:00,JSMR,RG,3470,125,D,CS,YP,D
15:00:00,JSMR,RG,3470,10,D,CS,LG,D
15:00:00,JSMR,RG,3470,15,D,CS,FZ,D
15:00:00,JSMR,RG,3470,50,D,CS,YP,D
15:00:00,JSMR,RG,3470,1,D,CS,YP,D
15:00:00,JSMR,RG,3470,2,D,CS,YB,D
15:00:00,JSMR,RG,3470,9,D,CS,EP,D
15:00:00,JSMR,RG,3470,10,D,CS,ZP,D
15:00:00,JSMR,RG,3470,1,D,CS,NI,D
15:00:00,JSMR,RG,3470,19,D,CS,YP,D
15:00:00,JSMR,RG,3470,281,D,CS,YP,D
15:00:00,JSMR,RG,3470,200,D,CS,LS,D
15:00:00,JSMR,RG,3470,1,D,CS,YP,D
15:00:00,JSMR,RG,3470,5,D,CS,CC,D
15:00:00,JSMR,RG,3470,10,D,CS,DR,D
15:00:00,JSMR,RG,3470,1,D,CS,YP,D
15:00:00,JSMR,RG,3470,1,D,CS,YP,D
15:00:00,JSMR,RG,3470,1,D,CS,YP,D
15:00:00,JSMR,RG,3470,10,D,CS,CD,D
15:00:00,JSMR,RG,3470,654,D,CS,SQ,D
15:00:00,JSMR,RG,3470,62,D,CS,KZ,D
15:00:00,JSMR,RG,3470,123,D,CS,AK,F
15:00:00,JSMR,RG,3470,2,D,CS,AK,F
15:00:00,JSMR,RG,3470,3,D,CS,AK,F
15:00:00,JSMR,RG,3470,2,D,CS,AK,F
15:00:00,JSMR,RG,3470,366,D,CS,DX,D
15:00:00,JSMR,RG,3470,646,D,CS,DX,D
15:00:00,JSMR,RG,3470,1474,D,CS,LG,D
15:00:00,JSMR,RG,3470,1601,D,CS,LG,D
15:00:00,JSMR,RG,3470,3,D,NI,LG,D
15:00:00,JSMR,RG,3470,3,D,YP,LG,D
15:00:00,JSMR,RG,3470,10,D,YP,LG,D
15:00:00,JSMR,RG,3470,1,D,KK,LG,D
15:00:00,JSMR,RG,3470,3,D,YP,LG,D
15:00:00,JSMR,RG,3470,287,D,LG,LG,D
15:00:00,JSMR,RG,3470,30,D,YP,LG,D
15:00:00,JSMR,RG,3470,20,D,AZ,LG,D
15:00:00,JSMR,RG,3470,230,F,BK,LG,D
15:00:00,JSMR,RG,3470,21,F,AK,LG,D
15:00:00,JSMR,RG,3470,48,F,AK,LG,D
14:49:49,JSMR,RG,3470,1,D,CS,CC,D
14:49:47,JSMR,RG,3470,200,D,CS,YP,D
14:49:41,JSMR,RG,3470,1,D,CS,YP,D
14:49:32,JSMR,RG,3470,41,D,CS,CC,D
14:49:32,JSMR,RG,3470,59,D,CS,CC,D
14:49:29,JSMR,RG,3470,15,D,CS,RX,D
14:49:28,JSMR,RG,3470,1,D,CS,CC,D
14:49:28,JSMR,RG,3470,10,D,CS,XC,D
14:49:28,JSMR,RG,3470,48,D,CS,GR,D
14:49:28,JSMR,RG,3470,5,D,CS,AK,F
14:49:28,JSMR,RG,3470,62,D,CS,CC,D
14:49:28,JSMR,RG,3470,19,D,CS,RX,D
14:49:09,JSMR,RG,3470,12,D,PD,YP,D
14:49:09,JSMR,RG,3470,8,D,YB,YP,D
14:49:09,JSMR,RG,3470,250,D,PD,YP,D
14:49:09,JSMR,RG,3470,3,D,YP,YP,D
14:49:09,JSMR,RG,3470,6,F,AK,YP,D
14:49:09,JSMR,RG,3470,219,D,CS,YP,D
14:49:09,JSMR,RG,3470,109,D,CS,YP,D
14:49:06,JSMR,RG,3480,1,F,AK,SQ,D
14:49:00,JSMR,RG,3470,49,D,CS,AK,F
14:48:46,JSMR,RG,3470,2,D,CS,YB,D
14:48:45,JSMR,RG,3480,3,F,AK,SQ,D
14:48:45,JSMR,RG,3470,8,D,CS,AK,F
14:48:44,JSMR,RG,3480,2,D,CC,SQ,D
14:48:30,JSMR,RG,3480,2,F,AK,SQ,D
14:48:30,JSMR,RG,3470,16,D,CS,AK,F
14:48:21,JSMR,RG,3480,2,F,AK,SQ,D
14:48:20,JSMR,RG,3470,2,D,CS,TP,D
14:48:04,JSMR,RG,3470,1,D,CS,KZ,D
14:48:04,JSMR,RG,3470,1,D,CS,KZ,D
14:48:04,JSMR,RG,3470,3,D,CS,KZ,D
14:48:04,JSMR,RG,3470,1,D,CS,EP,D
14:48:04,JSMR,RG,3470,24,D,CS,KZ,D
14:47:38,JSMR,RG,3480,2,D,PD,SQ,D
14:46:24,JSMR,RG,3480,250,D,PD,SQ,D
14:46:11,JSMR,RG,3480,178,D,PD,SQ,D
14:46:11,JSMR,RG,3480,1,D,PD,XC,D
14:46:11,JSMR,RG,3480,3,D,PD,XC,D
14:46:11,JSMR,RG,3480,10,D,PD,PD,D
14:46:11,JSMR,RG,3480,58,D,PD,BK,F
14:46:00,JSMR,RG,3480,17,F,AK,BK,F
14:45:45,JSMR,RG,3470,65,D,CS,AK,F
14:45:45,JSMR,RG,3470,30,D,PD,AK,F
14:45:45,JSMR,RG,3470,24,D,NI,AK,F
14:45:15,JSMR,RG,3470,19,D,NI,AK,F
14:44:45,JSMR,RG,3470,7,D,NI,AK,F
14:44:45,JSMR,RG,3470,8,F,AK,AK,F
14:44:45,JSMR,RG,3470,9,D,PD,AK,F
14:43:45,JSMR,RG,3480,6,F,AK,AK,F
14:43:20,JSMR,RG,3480,5,D,YP,AK,F
14:43:20,JSMR,RG,3480,23,D,YP,KZ,D
14:43:17,JSMR,RG,3480,3,D,YP,KZ,D
14:42:45,JSMR,RG,3480,7,F,AK,KZ,D
14:42:29,JSMR,RG,3480,10,D,CS,KZ,D
14:42:29,JSMR,RG,3480,10,D,CS,NI,D
14:42:29,JSMR,RG,3480,154,D,CS,RX,D
14:42:29,JSMR,RG,3480,55,D,CS,CC,D
14:42:29,JSMR,RG,3480,2,D,CS,YP,D
14:42:29,JSMR,RG,3480,100,D,CS,KK,D
14:42:29,JSMR,RG,3480,8,D,CS,KZ,D
14:42:29,JSMR,RG,3480,5,D,CS,YP,D
14:42:29,JSMR,RG,3480,5,D,CS,YP,D
14:42:29,JSMR,RG,3480,10,D,CS,YP,D
14:42:29,JSMR,RG,3480,100,D,CS,ZP,D
14:42:29,JSMR,RG,3480,1,D,CS,XL,D
14:42:29,JSMR,RG,3480,5,D,CS,CC,D
14:42:29,JSMR,RG,3480,29,D,CS,AK,F
14:42:29,JSMR,RG,3480,3,D,CS,PD,D
14:42:29,JSMR,RG,3480,1,D,CS,YP,D
14:42:29,JSMR,RG,3480,3,D,CS,YP,D
14:42:29,JSMR,RG,3480,4,D,CS,SQ,D
14:42:29,JSMR,RG,3480,10,D,CS,PS,D
14:42:29,JSMR,RG,3480,31,D,CS,AK,F
14:42:29,JSMR,RG,3480,2,D,CS,CC,D
14:42:29,JSMR,RG,3480,1,D,CS,NI,D
14:42:29,JSMR,RG,3480,125,D,CS,RX,D
14:42:29,JSMR,RG,3480,1,D,CS,RX,D
14:42:29,JSMR,RG,3480,525,D,CS,DR,D
14:42:11,JSMR,RG,3470,20,D,PD,YU,D
14:41:43,JSMR,RG,3470,4,D,PD,PD,D
14:41:30,JSMR,RG,3480,152,D,YU,DR,D
14:41:25,JSMR,RG,3470,5,D,PD,PD,D
14:41:00,JSMR,RG,3480,82,D,YU,DR,D
14:41:00,JSMR,RG,3470,12,D,PD,PD,D
14:40:36,JSMR,RG,3470,59,D,PD,RX,D
14:40:29,JSMR,RG,3470,30,D,PD,NI,D
14:39:35,JSMR,RG,3470,28,D,PD,PD,D
14:39:29,JSMR,RG,3470,18,D,PD,YP,D
14:39:05,JSMR,RG,3470,1,D,PD,YP,D
14:39:00,JSMR,RG,3480,190,D,YU,DR,D
14:38:52,JSMR,RG,3470,64,D,PD,DR,D
14:38:52,JSMR,RG,3470,5,D,CC,DR,D
14:38:52,JSMR,RG,3470,2,D,CC,DR,D
14:38:52,JSMR,RG,3470,3,D,YP,DR,D
14:38:52,JSMR,RG,3470,6,F,AK,DR,D
14:38:52,JSMR,RG,3470,120,D,CS,DR,D
14:38:42,JSMR,RG,3470,35,D,CS,PD,D
14:38:38,JSMR,RG,3470,5,D,CS,CC,D
14:38:21,JSMR,RG,3470,2,D,CS,PD,D
14:37:49,JSMR,RG,3480,20,D,KK,DR,D
14:37:30,JSMR,RG,3480,3,D,YP,DR,D
14:37:00,JSMR,RG,3480,28,D,YU,DR,D
14:37:00,JSMR,RG,3480,4,D,YU,NI,D
14:37:00,JSMR,RG,3480,1,D,YU,XC,D
14:37:00,JSMR,RG,3480,7,D,YU,BK,F
14:37:00,JSMR,RG,3480,1,D,YU,XC,D
14:37:00,JSMR,RG,3480,1,D,YU,YP,D
14:37:00,JSMR,RG,3480,60,D,YU,SQ,D
14:37:00,JSMR,RG,3480,15,D,YU,AK,F
14:36:50,JSMR,RG,3470,1,D,CS,XL,D
14:36:30,JSMR,RG,3470,100,D,CS,DR,D
14:36:27,JSMR,RG,3470,1,D,CS,YP,D
14:36:15,JSMR,RG,3470,10,D,CS,YU,D
14:35:51,JSMR,RG,3470,8,D,CS,YP,D
14:35:19,JSMR,RG,3480,34,D,CS,AK,F
14:35:19,JSMR,RG,3480,20,D,CS,SQ,D
14:35:19,JSMR,RG,3480,50,D,CS,KK,D
14:35:19,JSMR,RG,3480,54,D,CS,CC,D
14:35:19,JSMR,RG,3480,11,D,CS,PD,D
14:35:19,JSMR,RG,3480,14,D,CS,PD,D
14:35:19,JSMR,RG,3480,56,D,CS,XC,D
14:35:19,JSMR,RG,3480,31,D,CS,KZ,D
14:35:19,JSMR,RG,3480,30,D,CS,AK,F
14:35:15,JSMR,RG,3480,1,D,DR,CC,F
14:35:09,JSMR,RG,3470,20,D,CS,PD,D
14:35:08,JSMR,RG,3480,3,D,YP,CC,F
14:35:00,JSMR,RG,3480,30,D,YU,CC,F
14:35:00,JSMR,RG,3480,101,D,YU,BK,F
14:35:00,JSMR,RG,3480,4,D,YU,XL,D
14:34:57,JSMR,RG,3470,1,D,CS,CC,D
14:34:26,JSMR,RG,3470,1,D,CS,PD,D
14:34:15,JSMR,RG,3470,1,D,CS,AK,F
14:33:46,JSMR,RG,3480,6,D,CS,XL,D
14:33:46,JSMR,RG,3480,1,D,CS,YU,D
14:33:46,JSMR,RG,3480,10,D,CS,YP,D
14:33:46,JSMR,RG,3480,70,D,CS,MG,D
14:33:46,JSMR,RG,3480,50,D,CS,DR,D
14:33:46,JSMR,RG,3480,75,D,CS,OD,D
14:33:46,JSMR,RG,3480,1,D,CS,YP,D
14:33:46,JSMR,RG,3480,159,D,CS,RX,D
14:33:46,JSMR,RG,3480,1,D,CS,YP,D
14:33:46,JSMR,RG,3480,1,D,CS,KK,D
14:33:46,JSMR,RG,3480,29,D,CS,AK,F
14:33:46,JSMR,RG,3480,50,D,CS,CC,D
14:33:46,JSMR,RG,3480,27,D,CS,KZ,D
14:33:46,JSMR,RG,3480,32,D,CS,AK,F
14:33:46,JSMR,RG,3480,100,D,CS,CC,D
14:33:46,JSMR,RG,3480,62,D,CS,YU,D
14:33:46,JSMR,RG,3480,38,D,CS,YU,D
14:33:46,JSMR,RG,3480,20,D,CS,BQ,D
14:33:46,JSMR,RG,3480,10,D,CS,XC,D
14:33:46,JSMR,RG,3480,25,D,CS,KK,D
14:33:46,JSMR,RG,3480,30,D,CS,XC,D
14:33:46,JSMR,RG,3480,200,D,CS,ZP,D
14:33:46,JSMR,RG,3480,50,D,CS,KI,D
14:33:46,JSMR,RG,3480,1,D,CS,YU,D
14:33:46,JSMR,RG,3480,50,D,CS,PD,D
14:33:46,JSMR,RG,3480,1,D,CS,YP,D
14:33:46,JSMR,RG,3480,101,D,CS,DR,D
14:33:04,JSMR,RG,3470,7,D,CS,XC,D
14:33:03,JSMR,RG,3470,9,D,CS,EP,D
14:33:00,JSMR,RG,3480,123,D,YU,DR,D
14:32:55,JSMR,RG,3470,1,D,CS,XC,D
14:32:49,JSMR,RG,3470,15,D,CS,AK,F
14:32:49,JSMR,RG,3470,144,D,CS,AK,F
14:32:38,JSMR,RG,3470,100,D,CS,DR,D
14:31:00,JSMR,RG,3480,102,D,YU,DR,D
14:30:24,JSMR,RG,3480,7,D,DR,DR,D
14:30:08,JSMR,RG,3470,19,D,CS,PD,D
14:29:00,JSMR,RG,3480,48,D,YU,DR,D
14:28:42,JSMR,RG,3470,1,D,YU,YP,D
14:28:41,JSMR,RG,3480,5,D,HP,DR,D
14:28:33,JSMR,RG,3470,38,D,YU,CC,D
14:28:33,JSMR,RG,3470,8,F,AK,CC,D
14:28:33,JSMR,RG,3470,250,D,PD,CC,D
14:28:33,JSMR,RG,3470,3,D,YP,CC,D
14:28:33,JSMR,RG,3470,11,D,PD,CC,D
14:28:03,JSMR,RG,3480,3,D,XL,DR,D
14:27:00,JSMR,RG,3480,90,D,YU,DR,D
14:26:46,JSMR,RG,3470,10,D,PD,NI,D
14:25:28,JSMR,RG,3470,13,D,PD,PD,D
14:25:25,JSMR,RG,3470,18,D,PD,DR,D
14:25:11,JSMR,RG,3470,198,D,PD,CC,D
14:25:09,JSMR,RG,3470,2,F,AK,CC,D
14:25:09,JSMR,RG,3470,1,F,AK,CC,D
14:25:09,JSMR,RG,3470,56,F,AK,AK,F
14:25:09,JSMR,RG,3470,42,F,AK,RX,D
14:25:09,JSMR,RG,3470,1,F,AK,RX,D
14:25:09,JSMR,RG,3470,1,F,AK,RX,D
14:25:08,JSMR,RG,3470,3,F,AK,RX,D
14:25:08,JSMR,RG,3470,6,F,AK,RX,D
14:25:08,JSMR,RG,3470,11,F,AK,RX,D
14:25:08,JSMR,RG,3470,22,F,AK,RX,D
14:25:08,JSMR,RG,3470,39,D,PD,RX,D
14:25:08,JSMR,RG,3470,1,D,PD,YP,D
14:25:08,JSMR,RG,3470,151,D,PD,AK,F
14:25:08,JSMR,RG,3470,52,D,PD,CC,D
14:25:08,JSMR,RG,3470,7,D,PD,YP,D
14:25:08,JSMR,RG,3460,20,D,CS,PD,D
14:24:30,JSMR,RG,3460,28,D,CS,AK,F
14:24:30,JSMR,RG,3460,2,D,CS,KK,D
14:24:20,JSMR,RG,3460,20,D,CS,RX,D
14:23:57,JSMR,RG,3470,1,D,NI,YP,D
14:23:57,JSMR,RG,3470,2,F,AK,YP,D
14:23:53,JSMR,RG,3470,12,F,AK,DR,D
14:23:53,JSMR,RG,3470,34,D,YU,DR,D
14:23:53,JSMR,RG,3470,4,D,PD,DR,D
14:23:40,JSMR,RG,3470,1,D,PD,KK,D
14:23:00,JSMR,RG,3470,5,D,YP,AK,F
14:23:00,JSMR,RG,3470,3,D,YP,AK,F
14:23:00,JSMR,RG,3470,40,D,YU,AK,F
14:23:00,JSMR,RG,3470,1,F,AK,AK,F
14:22:21,JSMR,RG,3470,5,F,AK,YP,D
14:22:21,JSMR,RG,3470,7,D,NI,YP,D
14:22:16,JSMR,RG,3480,5,D,YP,DR,D
14:21:54,JSMR,RG,3470,5,D,NI,ZP,D
14:21:54,JSMR,RG,3470,5,D,YP,ZP,D
14:21:54,JSMR,RG,3470,20,D,LG,ZP,D
14:21:54,JSMR,RG,3470,170,D,EP,ZP,D
14:21:52,JSMR,RG,3470,1,D,EP,YP,D
14:21:52,JSMR,RG,3470,15,D,EP,YP,D
14:21:49,JSMR,RG,3470,14,D,EP,KZ,D
14:21:49,JSMR,RG,3470,4,F,AK,KZ,D
14:21:44,JSMR,RG,3470,73,F,BK,YP,D
14:21:44,JSMR,RG,3470,6,F,AK,YP,D
14:21:44,JSMR,RG,3470,10,D,XC,YP,D
14:21:44,JSMR,RG,3470,3,D,YP,YP,D
14:21:44,JSMR,RG,3470,281,D,CS,YP,D
14:21:44,JSMR,RG,3470,219,D,CS,YP,D
14:21:44,JSMR,RG,3470,10,D,HP,YP,D
14:21:44,JSMR,RG,3470,250,D,PD,YP,D
14:21:44,JSMR,RG,3470,7,F,AK,YP,D
14:21:44,JSMR,RG,3470,34,D,YU,YP,D
14:21:44,JSMR,RG,3470,25,D,YU,YP,D
14:21:44,JSMR,RG,3470,162,D,PD,YP,D
14:21:00,JSMR,RG,3480,137,D,YU,DR,D
14:20:52,JSMR,RG,3480,68,D,KK,DR,D
14:20:08,JSMR,RG,3480,250,D,PD,DR,D
14:20:07,JSMR,RG,3470,20,D,PD,PD,D
14:19:38,JSMR,RG,3480,1,D,SQ,DR,D
14:19:38,JSMR,RG,3480,250,D,PD,DR,D
14:19:38,JSMR,RG,3480,6,F,AK,DR,D
14:19:38,JSMR,RG,3480,51,D,YU,DR,D
14:19:38,JSMR,RG,3480,250,D,PD,DR,D
14:19:38,JSMR,RG,3480,3,D,YP,DR,D
14:18:43,JSMR,RG,3480,5,D,HP,GR,D
14:18:38,JSMR,RG,3480,3,D,YU,GR,D
14:18:37,JSMR,RG,3480,1,D,YU,XC,D
14:18:31,JSMR,RG,3480,1,D,YU,YP,D
14:18:15,JSMR,RG,3480,51,D,YU,CC,D
14:18:15,JSMR,RG,3480,2,D,XL,CC,D
14:18:15,JSMR,RG,3480,3,D,YP,CC,D
14:18:15,JSMR,RG,3480,4,D,YP,CC,D
14:18:15,JSMR,RG,3480,6,D,XC,CC,D
14:18:15,JSMR,RG,3480,24,F,AK,CC,D
14:18:07,JSMR,RG,3480,3,F,AK,PD,D
14:17:51,JSMR,RG,3480,3,F,AK,PD,D
14:17:36,JSMR,RG,3480,1,F,AK,AK,F
14:17:18,JSMR,RG,3480,5,F,AK,YP,D
14:16:53,JSMR,RG,3480,34,F,AK,KK,D
14:16:53,JSMR,RG,3480,16,D,CS,KK,D
14:16:50,JSMR,RG,3480,2,D,CS,LS,D
14:16:47,JSMR,RG,3480,1,D,CS,YP,D
14:16:30,JSMR,RG,3480,2,D,CS,CC,D
14:16:30,JSMR,RG,3480,30,D,CS,PD,D
14:16:30,JSMR,RG,3480,122,D,CS,RX,D
14:16:30,JSMR,RG,3480,50,D,CS,IT,D
14:16:30,JSMR,RG,3480,121,D,CS,BK,F
14:16:30,JSMR,RG,3480,20,D,CS,KZ,D
14:16:30,JSMR,RG,3480,2,D,CS,XL,D
14:16:30,JSMR,RG,3480,1,D,CS,CC,D
14:16:30,JSMR,RG,3480,4,D,CS,CC,D
14:16:30,JSMR,RG,3480,52,D,CS,CC,D
14:16:30,JSMR,RG,3480,1,D,CS,YP,D
14:16:30,JSMR,RG,3480,98,D,CS,AK,F
14:16:30,JSMR,RG,3480,31,D,CS,AK,F
14:16:30,JSMR,RG,3480,100,D,CS,DR,D
14:16:00,JSMR,RG,3480,119,D,YU,DR,D
14:15:10,JSMR,RG,3470,19,D,PD,PD,D
14:14:55,JSMR,RG,3470,30,D,PD,DR,D
14:14:34,JSMR,RG,3470,19,D,PD,AK,F
14:14:34,JSMR,RG,3470,4,F,AK,AK,F
14:14:34,JSMR,RG,3470,100,F,BK,AK,F
14:14:00,JSMR,RG,3480,108,D,YU,DR,D
14:13:14,JSMR,RG,3470,1,F,BK,YP,D
14:12:18,JSMR,RG,3480,20,D,KK,DR,D
14:10:19,JSMR,RG,3470,116,F,BK,AK,F
14:10:09,JSMR,RG,3470,20,F,BK,PD,D
14:10:00,JSMR,RG,3480,100,D,YU,DR,D
14:09:16,JSMR,RG,3470,7,F,BK,YP,D
14:08:57,JSMR,RG,3470,1,F,BK,XC,D
14:08:50,JSMR,RG,3470,54,F,BK,OD,D
14:08:50,JSMR,RG,3470,5,F,AK,OD,D
14:08:50,JSMR,RG,3470,281,D,CS,OD,D
14:08:50,JSMR,RG,3470,219,D,CS,OD,D
14:08:50,JSMR,RG,3470,37,D,YU,OD,D
14:08:50,JSMR,RG,3470,3,D,YP,OD,D
14:08:50,JSMR,RG,3470,1,D,EP,OD,D
14:08:30,JSMR,RG,3470,6,D,EP,XL,D
14:08:22,JSMR,RG,3470,20,D,EP,CC,D
14:07:35,JSMR,RG,3470,17,D,EP,HP,D
14:07:35,JSMR,RG,3470,1,D,YP,HP,D
14:07:35,JSMR,RG,3470,40,D,YU,HP,D
14:06:49,JSMR,RG,3480,3,D,YP,DR,D
14:06:49,JSMR,RG,3480,4,F,AK,DR,D
14:06:49,JSMR,RG,3480,46,F,AK,DR,D
14:06:31,JSMR,RG,3480,40,F,AK,PD,D
14:05:08,JSMR,RG,3480,29,F,BK,RX,D
14:05:08,JSMR,RG,3480,4,F,BK,YP,D
14:05:08,JSMR,RG,3480,36,F,AK,YP,D
14:05:08,JSMR,RG,3480,8,F,AK,YP,D
14:05:08,JSMR,RG,3480,2,D,CS,YP,D
14:05:08,JSMR,RG,3480,1,D,CS,YP,D
14:05:08,JSMR,RG,3480,60,D,CS,DR,D
14:05:08,JSMR,RG,3480,2,D,CS,KK,D
14:05:08,JSMR,RG,3480,28,D,CS,KZ,D
14:05:08,JSMR,RG,3480,1,D,CS,KK,D
14:05:08,JSMR,RG,3480,30,D,CS,EP,D
14:05:08,JSMR,RG,3480,33,D,CS,AK,F
14:05:08,JSMR,RG,3480,300,D,CS,CC,D
14:05:08,JSMR,RG,3480,15,D,CS,SQ,D
14:05:08,JSMR,RG,3480,35,D,CS,AK,F
14:05:08,JSMR,RG,3480,1,D,CS,YP,D
14:05:08,JSMR,RG,3480,54,D,CS,DR,D
14:05:08,JSMR,RG,3480,438,D,CS,DR,D
14:05:06,JSMR,RG,3470,14,D,YU,PD,D
14:05:06,JSMR,RG,3470,6,D,YB,PD,D
14:05:00,JSMR,RG,3480,8,D,YU,DR,D
14:05:00,JSMR,RG,3480,105,D,YU,DR,D
14:04:15,JSMR,RG,3470,1,D,YB,XL,D
14:03:00,JSMR,RG,3480,77,D,YU,DR,D
14:01:48,JSMR,RG,3470,1,D,YB,YB,D
14:01:29,JSMR,RG,3470,7,D,YB,OD,D
14:01:29,JSMR,RG,3470,8,D,EP,OD,D
14:01:11,JSMR,RG,3480,2,D,CC,DR,D
14:01:00,JSMR,RG,3480,84,D,YU,DR,D
14:00:37,JSMR,RG,3470,5,D,EP,YB,D
14:00:08,JSMR,RG,3470,12,D,EP,PD,D
14:00:08,JSMR,RG,3470,7,D,YP,PD,D
14:00:08,JSMR,RG,3470,3,D,YP,GR,D
14:00:08,JSMR,RG,3470,10,D,DR,GR,D
14:00:08,JSMR,RG,3470,14,D,YP,GR,D
13:59:58,JSMR,RG,3480,1,D,NI,DR,D
13:59:56,JSMR,RG,3470,3,D,YP,CC,D
13:59:56,JSMR,RG,3470,21,D,YP,ZR,D
13:59:56,JSMR,RG,3470,129,D,PD,ZR,D
13:59:47,JSMR,RG,3480,31,D,CS,DR,D
13:59:28,JSMR,RG,3480,95,D,CS,AK,F
13:59:28,JSMR,RG,3480,169,D,CS,RX,D
13:59:28,JSMR,RG,3480,121,D,CS,AK,F
13:59:28,JSMR,RG,3480,34,D,CS,DR,D
13:59:28,JSMR,RG,3480,350,D,CS,DR,D
13:59:19,JSMR,RG,3470,28,D,PD,KZ,D
13:59:15,JSMR,RG,3470,33,D,PD,AK,F
13:58:41,JSMR,RG,3470,60,D,PD,RX,D
13:57:53,JSMR,RG,3480,5,F,AK,DR,D
13:57:53,JSMR,RG,3480,5,F,AK,DR,D
13:57:53,JSMR,RG,3480,2,D,YP,DR,D
13:57:53,JSMR,RG,3480,32,D,YU,DR,D
13:57:53,JSMR,RG,3480,1,D,PD,DR,D
13:57:53,JSMR,RG,3480,1,D,CC,DR,D
13:57:53,JSMR,RG,3480,10,D,AI,DR,D
13:57:53,JSMR,RG,3480,4,F,AK,DR,D
13:57:53,JSMR,RG,3480,4,F,AK,DR,D
13:57:53,JSMR,RG,3480,56,D,YU,DR,D
13:57:53,JSMR,RG,3480,4,F,AK,DR,D
13:57:53,JSMR,RG,3480,25,D,CC,DR,D
13:57:53,JSMR,RG,3480,48,D,YU,DR,D
13:57:53,JSMR,RG,3480,2,D,DH,DR,D
13:57:53,JSMR,RG,3480,2,D,PD,DR,D
13:57:53,JSMR,RG,3480,65,D,PD,DR,D
13:57:53,JSMR,RG,3480,280,D,CS,DR,D
13:57:53,JSMR,RG,3480,220,D,CS,DR,D
13:57:53,JSMR,RG,3480,250,D,PD,DR,D
13:57:53,JSMR,RG,3480,100,D,GR,DR,D
13:56:01,JSMR,RG,3480,13,F,AK,XC,D
13:56:00,JSMR,RG,3490,8,D,YU,YP,D
13:56:00,JSMR,RG,3490,6,D,YU,CC,D
13:56:00,JSMR,RG,3490,5,D,YU,DR,D
13:56:00,JSMR,RG,3490,10,D,YU,LS,D
13:56:00,JSMR,RG,3490,31,D,YU,AK,F
13:56:00,JSMR,RG,3490,13,D,YU,GR,D
13:55:38,JSMR,RG,3480,20,F,AK,YP,D
13:55:21,JSMR,RG,3480,1,F,AK,XC,D
13:55:18,JSMR,RG,3480,1,F,AK,YP,D
13:55:16,JSMR,RG,3480,20,F,AK,PD,D
13:54:37,JSMR,RG,3480,5,F,AK,CC,D
13:54:16,JSMR,RG,3480,1,F,AK,ZR,D
13:54:03,JSMR,RG,3480,2,F,AK,XL,D
13:53:54,JSMR,RG,3480,3,F,AK,CP,D
13:53:28,JSMR,RG,3490,4,D,IF,GR,D
13:53:00,JSMR,RG,3490,29,D,YU,GR,D
13:53:00,JSMR,RG,3490,78,D,YU,DR,D
13:52:46,JSMR,RG,3490,1,F,AK,DR,D
13:52:46,JSMR,RG,3480,1,F,AK,XL,D
13:52:22,JSMR,RG,3490,1,D,PD,DR,D
13:52:19,JSMR,RG,3490,3,D,CC,DR,D
13:51:27,JSMR,RG,3490,217,D,PD,DR,D
13:51:27,JSMR,RG,3490,1,D,PD,YP,D
13:51:27,JSMR,RG,3490,31,D,PD,AK,F
13:51:27,JSMR,RG,3490,1,D,PD,YP,D
13:50:57,JSMR,RG,3480,15,F,AK,GR,D
13:50:51,JSMR,RG,3480,10,F,AK,KK,D
13:50:36,JSMR,RG,3480,1,F,AK,CC,D
13:50:24,JSMR,RG,3480,9,F,AK,YP,D
13:50:24,JSMR,RG,3480,1,D,KK,YP,D
13:50:24,JSMR,RG,3480,6,F,AK,YP,D
13:50:10,JSMR,RG,3480,6,D,PD,PD,D
13:50:09,JSMR,RG,3490,1,D,XL,PD,D
13:50:09,JSMR,RG,3490,13,D,PD,PD,D
13:49:36,JSMR,RG,3490,1,D,PD,DH,D
13:49:24,JSMR,RG,3490,59,D,PD,CC,D
13:49:19,JSMR,RG,3490,1,D,PD,YP,D
13:49:06,JSMR,RG,3490,11,D,PD,XL,D
13:49:01,JSMR,RG,3490,24,D,PD,YP,D
13:49:01,JSMR,RG,3490,68,D,PD,AK,F
13:49:01,JSMR,RG,3490,2,D,PD,NI,D
13:49:01,JSMR,RG,3490,71,D,PD,KK,D
13:49:00,JSMR,RG,3490,1,F,AK,KK,D
13:49:00,JSMR,RG,3490,1,F,AK,KK,D
13:49:00,JSMR,RG,3490,1,F,AK,KK,D
13:48:58,JSMR,RG,3490,1,F,AK,KK,D
13:48:58,JSMR,RG,3490,1,F,AK,KK,D
13:48:58,JSMR,RG,3490,24,D,PD,KK,D
13:48:58,JSMR,RG,3490,3,D,PD,YP,D
13:48:58,JSMR,RG,3490,25,D,PD,EP,D
13:48:58,JSMR,RG,3490,1,D,PD,XC,D
13:48:58,JSMR,RG,3490,119,D,PD,RX,D
13:48:58,JSMR,RG,3490,1,D,PD,AK,F
13:48:58,JSMR,RG,3490,77,D,PD,AK,F
13:48:15,JSMR,RG,3490,74,D,PD,AK,F
13:48:15,JSMR,RG,3490,26,D,PD,AK,F
13:48:09,JSMR,RG,3490,3,D,PD,AK,F
13:47:52,JSMR,RG,3490,1,D,PD,AK,F
13:47:11,JSMR,RG,3490,3,D,PD,SQ,D
13:46:56,JSMR,RG,3490,1,F,AK,CC,F
13:46:56,JSMR,RG,3490,4,F,AK,CC,F
13:46:54,JSMR,RG,3490,4,F,AK,KZ,D
13:46:54,JSMR,RG,3490,1,F,AK,KZ,D
13:46:54,JSMR,RG,3490,4,F,AK,KZ,D
13:46:54,JSMR,RG,3490,3,F,BK,KZ,D
13:46:50,JSMR,RG,3490,5,F,BK,PD,D
13:46:50,JSMR,RG,3490,355,F,AK,PD,D
13:46:50,JSMR,RG,3490,69,D,YU,PD,D
13:46:50,JSMR,RG,3490,5,F,AK,PD,D
13:46:50,JSMR,RG,3490,5,F,AK,PD,D
13:46:50,JSMR,RG,3490,1,D,KK,PD,D
13:46:50,JSMR,RG,3490,60,F,AK,PD,D
13:46:47,JSMR,RG,3490,11,F,AK,CC,F
13:46:47,JSMR,RG,3490,5,D,CC,CC,F
13:46:44,JSMR,RG,3490,24,D,CC,PD,D
13:46:37,JSMR,RG,3490,10,D,CC,CC,D
13:46:23,JSMR,RG,3490,10,D,CC,CC,D
13:46:18,JSMR,RG,3490,1,D,CC,NI,D
13:46:18,JSMR,RG,3490,1,F,AK,NI,D
13:46:18,JSMR,RG,3500,6,D,IF,DR,D
13:46:12,JSMR,RG,3490,2,F,AK,DR,D
13:46:12,JSMR,RG,3490,3,F,AK,DR,D
13:46:12,JSMR,RG,3490,6,F,AK,DR,D
13:46:12,JSMR,RG,3490,5,F,AK,DR,D
13:46:12,JSMR,RG,3490,4,F,BK,DR,D
13:46:00,JSMR,RG,3500,1,F,AK,DR,D
13:45:41,JSMR,RG,3500,14,F,BK,DR,D
13:45:38,JSMR,RG,3500,25,F,BK,DR,D
13:45:36,JSMR,RG,3490,13,F,BK,PD,D
13:45:36,JSMR,RG,3490,570,F,AK,PD,D
13:45:36,JSMR,RG,3490,99,D,YU,PD,D
13:45:36,JSMR,RG,3490,68,D,YU,PD,D
13:45:30,JSMR,RG,3500,3,F,AK,DR,D
13:45:18,JSMR,RG,3500,1,F,AK,DR,D
13:45:17,JSMR,RG,3490,5,D,YU,SQ,D
13:45:07,JSMR,RG,3490,19,D,YU,PD,D
13:45:03,JSMR,RG,3500,16,F,BK,DR,D
13:45:02,JSMR,RG,3490,8,D,YU,YP,D
13:45:00,JSMR,RG,3500,2,F,AK,DR,D
13:45:00,JSMR,RG,3500,38,F,BK,DR,D
13:45:00,JSMR,RG,3500,100,D,YU,DR,D
13:44:57,JSMR,RG,3500,21,F,AK,DR,D
13:44:57,JSMR,RG,3500,3,F,AK,DR,D
13:44:57,JSMR,RG,3500,1,F,AK,CC,D
13:44:57,JSMR,RG,3500,1,F,AK,PD,D
13:44:57,JSMR,RG,3500,500,F,AK,IT,D
13:44:57,JSMR,RG,3500,25,F,AK,SQ,D
13:44:57,JSMR,RG,3500,10,F,AK,IP,D
13:44:57,JSMR,RG,3500,90,F,BK,IP,D
13:44:53,JSMR,RG,3490,44,F,AK,YP,D
13:44:53,JSMR,RG,3490,6,D,CS,YP,D
13:44:53,JSMR,RG,3490,5,D,CS,EP,D
13:44:53,JSMR,RG,3490,1,D,CS,KK,D
13:44:53,JSMR,RG,3490,10,D,CS,SQ,D
13:44:53,JSMR,RG,3490,50,D,CS,YP,D
13:44:53,JSMR,RG,3490,30,D,CS,DR,D
13:44:53,JSMR,RG,3490,2,D,CS,YU,D
13:44:53,JSMR,RG,3490,36,D,CS,AK,F
13:44:53,JSMR,RG,3490,99,D,CS,PD,D
13:44:53,JSMR,RG,3490,33,D,CS,AK,F
13:44:53,JSMR,RG,3490,3,D,CS,CC,F
13:44:53,JSMR,RG,3490,87,D,CS,RX,D
13:44:53,JSMR,RG,3490,1,D,CS,YB,D
13:44:53,JSMR,RG,3490,1,D,CS,XL,D
13:44:53,JSMR,RG,3490,2,D,CS,YB,D
13:44:53,JSMR,RG,3490,25,D,CS,SQ,D
13:44:53,JSMR,RG,3490,6,D,CS,YP,D
13:44:53,JSMR,RG,3490,20,D,CS,YP,D
13:44:53,JSMR,RG,3490,1,D,CS,YP,D
13:44:53,JSMR,RG,3490,25,D,CS,CC,D
13:44:53,JSMR,RG,3490,9,D,CS,KZ,D
13:44:53,JSMR,RG,3490,3,D,CS,CC,D
13:44:53,JSMR,RG,3490,186,D,CS,YP,D
13:44:53,JSMR,RG,3490,1,D,CS,OD,D
13:44:53,JSMR,RG,3490,1,D,CS,XL,D
13:44:53,JSMR,RG,3490,1,D,CS,YP,D
13:44:53,JSMR,RG,3490,3,D,CS,XC,D
13:44:53,JSMR,RG,3490,10,D,CS,OD,D
13:44:53,JSMR,RG,3490,1,D,CS,XC,D
13:44:53,JSMR,RG,3490,1,D,CS,XC,D
13:44:53,JSMR,RG,3490,350,D,CS,CC,D
13:44:53,JSMR,RG,3490,20,D,CS,CC,D
13:44:53,JSMR,RG,3490,5,D,CS,DX,D
13:44:53,JSMR,RG,3490,1,D,CS,PD,D
13:44:53,JSMR,RG,3490,1,D,CS,LG,D
13:44:53,JSMR,RG,3490,11,D,CS,PD,D
13:44:53,JSMR,RG,3490,2,D,CS,KK,D
13:44:53,JSMR,RG,3490,7,D,CS,XC,D
13:44:53,JSMR,RG,3490,2,D,CS,KK,D
13:44:53,JSMR,RG,3490,14,D,CS,KK,D
13:44:53,JSMR,RG,3490,92,D,CS,SQ,D
13:44:53,JSMR,RG,3490,3,D,CS,KK,D
13:44:53,JSMR,RG,3490,72,D,CS,SQ,D
13:44:53,JSMR,RG,3490,6,D,CS,SQ,D
13:44:53,JSMR,RG,3490,10,D,CS,EP,D
13:44:53,JSMR,RG,3490,4,D,CS,GR,D
13:44:53,JSMR,RG,3490,2,D,CS,YU,D
13:44:53,JSMR,RG,3490,14,D,CS,CC,D
13:44:53,JSMR,RG,3490,1,D,CS,YP,D
13:44:53,JSMR,RG,3490,1,D,CS,DH,D
13:44:53,JSMR,RG,3490,1,D,CS,XC,D
13:44:53,JSMR,RG,3490,1,D,CS,PD,D
13:44:53,JSMR,RG,3490,119,D,CS,XL,D
13:44:53,JSMR,RG,3490,181,D,CS,XL,D
13:44:53,JSMR,RG,3490,1,D,CS,YP,D
13:44:53,JSMR,RG,3490,100,D,CS,CC,D
13:44:53,JSMR,RG,3490,1,D,CS,NI,D
13:44:53,JSMR,RG,3490,3,D,CS,XC,D
13:44:53,JSMR,RG,3490,100,D,CS,PD,D
13:44:53,JSMR,RG,3490,5,D,CS,CC,D
13:44:53,JSMR,RG,3490,2,D,CS,AT,D
13:44:53,JSMR,RG,3490,1,D,CS,XC,D
13:44:53,JSMR,RG,3490,10,D,CS,CC,D
13:44:53,JSMR,RG,3490,16,D,CS,DX,D
13:44:53,JSMR,RG,3490,5,D,CS,YP,D
13:44:53,JSMR,RG,3490,2,D,CS,NI,D
13:44:53,JSMR,RG,3490,1,D,CS,YP,D
13:44:53,JSMR,RG,3490,1,D,CS,YP,D
13:44:53,JSMR,RG,3490,15,D,CS,PD,D
13:44:53,JSMR,RG,3490,200,D,CS,CP,D
13:44:53,JSMR,RG,3490,2,D,CS,LS,D
13:44:53,JSMR,RG,3490,100,D,CS,OD,D
13:44:53,JSMR,RG,3490,1,D,CS,BQ,D
13:44:53,JSMR,RG,3490,40,D,CS,DR,D
13:44:53,JSMR,RG,3490,50,D,CS,KK,D
13:44:53,JSMR,RG,3490,20,D,CS,YP,D
13:44:53,JSMR,RG,3490,100,D,CS,YP,D
13:44:53,JSMR,RG,3490,1,D,CS,YP,D
13:44:53,JSMR,RG,3490,2,D,CS,PD,D
13:44:53,JSMR,RG,3490,5,D,CS,XA,D
13:44:53,JSMR,RG,3490,5,D,CS,YP,D
13:44:53,JSMR,RG,3490,1,D,CS,DX,D
13:44:53,JSMR,RG,3490,1,D,CS,PD,D
13:44:53,JSMR,RG,3490,10,D,CS,YP,D
13:44:53,JSMR,RG,3490,2,D,CS,CC,D
13:44:53,JSMR,RG,3490,10,D,CS,DR,D
13:44:53,JSMR,RG,3490,10,D,CS,GR,D
13:44:53,JSMR,RG,3490,98,D,CS,CP,D
13:44:45,JSMR,RG,3490,2,F,AK,CP,D
13:44:30,JSMR,RG,3490,2,F,AK,XL,D
13:44:00,JSMR,RG,3490,3,F,AK,NI,D
13:43:16,JSMR,RG,3490,219,F,AK,NI,D
13:43:16,JSMR,RG,3490,5,F,AK,YU,D
13:43:16,JSMR,RG,3490,25,F,AK,SQ,D
13:43:16,JSMR,RG,3490,5,F,AK,XC,D
13:43:16,JSMR,RG,3490,250,F,AK,IT,D
13:43:16,JSMR,RG,3490,4,F,AK,YP,D
13:43:16,JSMR,RG,3490,10,F,AK,CC,D
13:43:16,JSMR,RG,3490,41,F,AK,NI,D
13:43:07,JSMR,RG,3480,1,D,PD,OD,D
13:43:00,JSMR,RG,3490,9,F,AK,NI,D
13:43:00,JSMR,RG,3490,1,F,AK,PD,D
13:43:00,JSMR,RG,3490,15,F,AK,YP,D
13:43:00,JSMR,RG,3490,25,F,AK,KK,D
13:43:00,JSMR,RG,3490,5,F,AK,KK,D
13:43:00,JSMR,RG,3490,1,F,AK,YP,D
13:43:00,JSMR,RG,3490,50,F,AK,LG,D
13:43:00,JSMR,RG,3490,6,F,AK,CC,D
13:43:00,JSMR,RG,3490,5,F,AK,PD,D
13:43:00,JSMR,RG,3490,50,F,AK,NI,D
13:43:00,JSMR,RG,3490,20,F,AK,YP,D
13:43:00,JSMR,RG,3490,35,F,AK,OD,D
13:43:00,JSMR,RG,3490,10,F,AK,CC,D
13:43:00,JSMR,RG,3490,10,F,AK,YP,D
13:43:00,JSMR,RG,3490,1,F,AK,YP,D
13:43:00,JSMR,RG,3490,100,F,AK,PD,D
13:43:00,JSMR,RG,3490,1,F,AK,SQ,D
13:43:00,JSMR,RG,3490,1,F,AK,PD,D
13:43:00,JSMR,RG,3490,1,F,AK,XC,D
13:43:00,JSMR,RG,3490,50,F,AK,SQ,D
13:43:00,JSMR,RG,3490,5,F,AK,YP,D
13:43:00,JSMR,RG,3490,30,F,AK,AG,F
13:43:00,JSMR,RG,3490,1,F,AK,DX,D
13:43:00,JSMR,RG,3490,11,F,AK,YP,D
13:43:00,JSMR,RG,3490,5,F,AK,CC,D
13:43:00,JSMR,RG,3490,3,F,AK,EP,D
13:43:00,JSMR,RG,3490,49,F,AK,YB,D
13:43:00,JSMR,RG,3490,50,F,AK,CC,D
13:43:00,JSMR,RG,3490,2,F,AK,CP,D
13:43:00,JSMR,RG,3490,7,F,AK,YP,D
13:43:00,JSMR,RG,3490,6,F,AK,YP,D
13:43:00,JSMR,RG,3490,7,F,AK,YP,D
13:43:00,JSMR,RG,3490,3,F,AK,NI,D
13:43:00,JSMR,RG,3490,45,F,AK,YP,D
13:43:00,JSMR,RG,3490,1,F,AK,BQ,D
13:43:00,JSMR,RG,3490,1,F,AK,YP,D
13:43:00,JSMR,RG,3490,45,F,AK,YP,D
13:43:00,JSMR,RG,3490,457,F,AK,YP,D
13:43:00,JSMR,RG,3490,162,D,YU,YP,D
13:42:41,JSMR,RG,3490,50,D,GR,YP,D
13:42:37,JSMR,RG,3480,30,D,PD,PD,D
13:41:00,JSMR,RG,3490,93,D,YU,YP,D
13:40:47,JSMR,RG,3480,1,D,PD,YP,D
13:40:10,JSMR,RG,3480,4,D,PD,YP,D
13:40:04,JSMR,RG,3480,20,D,PD,PD,D
13:39:00,JSMR,RG,3490,68,D,YU,YP,D
13:38:38,JSMR,RG,3480,1,D,PD,XC,D
13:38:34,JSMR,RG,3480,5,D,PD,PD,D
13:38:26,JSMR,RG,3480,50,D,PD,CC,D
13:38:20,JSMR,RG,3480,1,D,PD,GR,D
13:38:14,JSMR,RG,3480,18,D,PD,KZ,D
13:38:05,JSMR,RG,3480,3,D,PD,PD,D
13:38:04,JSMR,RG,3490,5,D,IF,YP,D
13:38:03,JSMR,RG,3480,3,D,PD,DH,D
13:37:56,JSMR,RG,3480,2,D,PD,AR,D
13:37:46,JSMR,RG,3480,59,D,PD,AK,F
13:37:46,JSMR,RG,3480,46,D,PD,PD,D
13:37:27,JSMR,RG,3480,4,F,AK,PD,D
13:37:27,JSMR,RG,3480,4,F,AK,PD,D
13:37:27,JSMR,RG,3480,7,F,AK,PD,D
13:37:27,JSMR,RG,3480,5,F,AK,PD,D
13:37:27,JSMR,RG,3480,4,F,AK,PD,D
13:37:27,JSMR,RG,3480,3,F,AK,PD,D
13:37:15,JSMR,RG,3490,5,F,AK,YP,D
13:37:00,JSMR,RG,3480,1,F,AK,YB,D
13:37:00,JSMR,RG,3480,23,D,YU,YB,D
13:37:00,JSMR,RG,3480,3,D,YU,BK,F
13:37:00,JSMR,RG,3480,1,D,YU,XC,D
13:37:00,JSMR,RG,3480,35,D,YU,AK,F
13:37:00,JSMR,RG,3480,1,D,YU,OD,D
13:37:00,JSMR,RG,3480,6,D,YU,PD,D
13:37:00,JSMR,RG,3480,1,D,YU,YP,D
13:37:00,JSMR,RG,3480,100,D,YU,PD,D
13:37:00,JSMR,RG,3480,20,D,YU,CP,D
13:37:00,JSMR,RG,3480,1,D,YU,CC,F
13:37:00,JSMR,RG,3480,33,D,YU,AK,F
13:36:37,JSMR,RG,3470,30,F,AK,SQ,D
13:36:37,JSMR,RG,3470,170,D,CS,SQ,D
13:36:27,JSMR,RG,3470,66,D,CS,OD,D
13:36:27,JSMR,RG,3470,134,D,CS,OD,D
13:36:21,JSMR,RG,3470,1,D,CS,OD,D
13:36:00,JSMR,RG,3470,20,D,CS,CC,D
13:35:10,JSMR,RG,3470,30,D,CS,YP,D
13:35:10,JSMR,RG,3470,120,D,YU,YP,D
13:35:08,JSMR,RG,3470,19,D,YU,PD,D
13:34:13,JSMR,RG,3480,1,D,IF,AK,F
13:33:46,JSMR,RG,3480,33,D,CS,AK,F
13:33:46,JSMR,RG,3480,1,D,CS,YP,D
13:33:46,JSMR,RG,3480,10,D,CS,CC,D
13:33:46,JSMR,RG,3480,34,D,CS,AK,F
13:33:46,JSMR,RG,3480,2,D,CS,YP,D
13:33:46,JSMR,RG,3480,244,D,CS,RX,D
13:33:46,JSMR,RG,3480,1,D,CS,YP,D
13:33:46,JSMR,RG,3480,10,D,CS,YP,D
13:33:46,JSMR,RG,3480,1,D,CS,YP,D
13:33:46,JSMR,RG,3480,10,D,CS,YP,D
13:33:46,JSMR,RG,3480,16,D,CS,CC,D
13:33:46,JSMR,RG,3480,2,D,CS,YP,D
13:33:46,JSMR,RG,3480,195,D,CS,YP,D
13:33:46,JSMR,RG,3480,441,D,CS,YP,D
13:33:30,JSMR,RG,3470,13,D,YU,RX,D
13:33:30,JSMR,RG,3470,3,D,YU,RX,D
13:33:15,JSMR,RG,3470,45,D,YU,XL,D
13:33:14,JSMR,RG,3470,2,D,YU,YP,D
13:33:14,JSMR,RG,3470,2,D,SQ,YP,D
13:33:14,JSMR,RG,3470,6,F,AK,YP,D
13:33:14,JSMR,RG,3470,4,D,YU,YP,D
13:33:06,JSMR,RG,3470,10,D,YU,AI,D
13:32:57,JSMR,RG,3470,5,D,YU,YP,D
13:32:57,JSMR,RG,3470,5,D,YU,YP,D
13:32:54,JSMR,RG,3470,30,D,YU,RX,D
13:32:54,JSMR,RG,3470,2,D,YU,YP,D
13:32:54,JSMR,RG,3470,29,D,YU,KZ,D
13:32:54,JSMR,RG,3470,6,F,AK,KZ,D
13:32:49,JSMR,RG,3470,3,F,AK,DR,D
13:32:49,JSMR,RG,3470,1,D,YP,DR,D
13:32:49,JSMR,RG,3470,6,F,AK,DR,D
13:32:49,JSMR,RG,3470,15,D,CC,DR,D
13:32:49,JSMR,RG,3470,1,D,XC,DR,D
13:32:49,JSMR,RG,3470,1,D,KK,DR,D
13:32:49,JSMR,RG,3470,25,D,CP,DR,D
13:32:49,JSMR,RG,3470,1,D,XC,DR,D
13:32:49,JSMR,RG,3470,10,D,SQ,DR,D
13:32:49,JSMR,RG,3470,10,D,AZ,DR,D
13:32:49,JSMR,RG,3470,250,D,PD,DR,D
13:32:49,JSMR,RG,3470,3,D,CC,DR,D
13:32:49,JSMR,RG,3470,1,D,YB,DR,D
13:32:49,JSMR,RG,3470,7,D,BQ,DR,D
13:32:49,JSMR,RG,3470,278,D,CS,DR,D
13:32:49,JSMR,RG,3470,38,D,CS,DR,D
13:31:49,JSMR,RG,3470,17,D,CS,RX,D
13:31:43,JSMR,RG,3470,10,D,CS,PD,D
13:31:35,JSMR,RG,3470,1,D,CS,YP,D
13:31:04,JSMR,RG,3470,1,D,CS,YP,D
13:31:01,JSMR,RG,3470,23,D,CS,RX,D
13:30:27,JSMR,RG,3480,6,D,YB,YP,D
13:30:27,JSMR,RG,3470,20,D,CS,PD,D
13:30:05,JSMR,RG,3480,22,F,AK,YP,D
13:30:05,JSMR,RG,3470,1,D,CS,AK,F
13:30:05,JSMR,RG,3480,1,D,YP,YP,D
13:30:05,JSMR,RG,3470,1,D,CS,YP,D
13:30:05,JSMR,RG,3470,1,D,CS,YP,D
13:30:05,JSMR,RG,3470,1,D,CS,YP,D
13:30:05,JSMR,RG,3470,1,D,CS,YP,D
13:30:05,JSMR,RG,3470,1,D,CS,YP,D
13:30:04,JSMR,RG,3470,106,D,CS,AK,F
13:30:04,JSMR,RG,3470,2,D,YP,AK,F
13:30:03,JSMR,RG,3480,14,F,AK,YP,D
13:30:03,JSMR,RG,3480,216,D,YU,YP,D
13:30:02,JSMR,RG,3480,5,D,DR,YP,D
13:30:02,JSMR,RG,3480,1,D,DR,PD,D
13:30:02,JSMR,RG,3480,4,D,DR,PD,D
13:30:01,JSMR,RG,3480,1,D,PD,PD,D
13:30:01,JSMR,RG,3480,1,D,KK,PD,D
13:30:01,JSMR,RG,3480,2,D,YP,PD,D
13:30:01,JSMR,RG,3480,17,D,YU,PD,D
13:30:01,JSMR,RG,3480,25,D,CS,PD,D
13:30:01,JSMR,RG,3480,75,D,CS,PD,D
13:30:01,JSMR,RG,3490,3,D,PD,YP,D
13:30:01,JSMR,RG,3490,3,D,PD,YP,D
13:30:01,JSMR,RG,3480,5,D,CS,PD,D
13:30:01,JSMR,RG,3480,3,D,CS,PD,D
13:30:01,JSMR,RG,3480,2,D,CS,PD,D
13:30:01,JSMR,RG,3480,1,D,CS,PD,D
13:30:01,JSMR,RG,3480,169,D,CS,LG,D
13:30:01,JSMR,RG,3480,131,D,CS,LG,D
13:30:01,JSMR,RG,3490,10,D,SQ,YP,D
13:30:01,JSMR,RG,3480,1,D,CS,SQ,D
13:30:01,JSMR,RG,3480,5,D,CS,YU,D
11:29:55,JSMR,RG,3490,1,F,AK,YP,D
11:29:41,JSMR,RG,3490,1,F,AK,YP,D
11:29:38,JSMR,RG,3480,1,D,CS,CP,D
11:29:33,JSMR,RG,3480,30,D,CS,KK,D
11:29:31,JSMR,RG,3480,11,D,CS,RX,D
11:29:28,JSMR,RG,3480,1,D,CS,YB,D
11:29:28,JSMR,RG,3480,1,D,CS,YU,D
11:29:22,JSMR,RG,3480,8,D,CS,EP,D
11:29:11,JSMR,RG,3480,1,D,CS,YP,D
11:29:08,JSMR,RG,3480,20,D,CS,PD,D
11:29:03,JSMR,RG,3480,10,D,CS,RX,D
11:29:03,JSMR,RG,3480,2,D,YP,RX,D
11:29:03,JSMR,RG,3480,1,F,AK,RX,D
11:29:03,JSMR,RG,3480,1,F,AK,RX,D
11:29:03,JSMR,RG,3480,3,D,YU,RX,D
11:28:52,JSMR,RG,3480,24,D,YU,SQ,D
11:28:52,JSMR,RG,3480,161,F,AK,SQ,D
11:28:52,JSMR,RG,3480,2,F,AK,SQ,D
11:28:52,JSMR,RG,3480,32,D,YU,SQ,D
11:28:52,JSMR,RG,3480,250,D,PD,SQ,D
11:28:52,JSMR,RG,3480,31,D,YU,SQ,D
11:28:40,JSMR,RG,3490,2,F,AK,YP,D
11:28:30,JSMR,RG,3480,1,D,YU,LG,D
11:28:25,JSMR,RG,3490,1,F,AK,YP,D
11:28:14,JSMR,RG,3480,1,D,YU,YP,D
11:28:05,JSMR,RG,3480,1,D,YU,YP,D
11:28:01,JSMR,RG,3480,1,D,YU,KZ,D
11:28:01,JSMR,RG,3480,1,F,AK,KZ,D
11:28:01,JSMR,RG,3480,2,D,YP,KZ,D
11:28:01,JSMR,RG,3480,2,F,AK,KZ,D
11:28:01,JSMR,RG,3480,1,F,AK,KZ,D
11:27:55,JSMR,RG,3490,2,F,AK,YP,D
11:27:30,JSMR,RG,3480,1,F,AK,PD,D
11:27:30,JSMR,RG,3480,19,F,BK,PD,D
11:27:25,JSMR,RG,3490,1,F,AK,YP,D
11:27:05,JSMR,RG,3480,1,F,BK,YP,D
11:26:49,JSMR,RG,3480,10,F,BK,PD,D
11:26:49,JSMR,RG,3480,25,F,BK,CC,D
11:26:29,JSMR,RG,3480,20,F,BK,YP,D
11:26:26,JSMR,RG,3480,1,F,BK,PD,D
11:26:18,JSMR,RG,3480,6,F,BK,PD,D
11:26:18,JSMR,RG,3480,194,D,CS,PD,D
11:25:59,JSMR,RG,3480,5,D,CS,YP,D
11:25:59,JSMR,RG,3480,5,D,CS,YP,D
11:25:59,JSMR,RG,3480,5,D,CS,YP,D
11:25:55,JSMR,RG,3480,5,D,CS,YP,D
11:25:55,JSMR,RG,3480,5,D,CS,YP,D
11:25:55,JSMR,RG,3480,3,D,CS,YP,D
11:25:55,JSMR,RG,3480,2,D,CS,YP,D
11:25:49,JSMR,RG,3490,5,F,AK,YP,D
11:25:48,JSMR,RG,3480,6,D,CS,SQ,D
11:25:07,JSMR,RG,3480,2,D,CS,PD,D
11:24:58,JSMR,RG,3480,1,D,CS,LG,D
11:24:51,JSMR,RG,3480,200,D,CS,XL,D
11:24:33,JSMR,RG,3480,5,D,CS,PD,D
11:24:33,JSMR,RG,3480,28,D,CS,RX,D
11:24:33,JSMR,RG,3480,1,D,CS,YP,D
11:24:33,JSMR,RG,3480,5,D,CS,YP,D
11:24:33,JSMR,RG,3480,28,D,CS,CC,D
11:24:21,JSMR,RG,3470,25,F,BK,CC,D
11:24:05,JSMR,RG,3470,3,F,BK,PD,D
11:24:05,JSMR,RG,3470,16,D,YB,PD,D
11:24:03,JSMR,RG,3480,2,D,YU,CC,D
11:24:02,JSMR,RG,3480,28,D,YU,YP,D
11:24:02,JSMR,RG,3480,2,D,YP,YP,D
11:23:55,JSMR,RG,3490,3,F,AK,YP,D
11:23:48,JSMR,RG,3480,7,F,AK,CP,D
11:23:48,JSMR,RG,3480,73,D,PD,CP,D
11:23:44,JSMR,RG,3480,1,D,PD,PD,D
11:23:28,JSMR,RG,3480,1,D,PD,YP,D
11:23:21,JSMR,RG,3480,25,D,PD,CC,D
11:23:21,JSMR,RG,3480,1,D,PD,CC,F
11:23:21,JSMR,RG,3480,1,D,PD,YP,D
11:23:21,JSMR,RG,3480,124,D,PD,BK,F
11:23:21,JSMR,RG,3480,1,D,PD,PD,D
11:23:21,JSMR,RG,3480,23,D,PD,PD,D
11:23:01,JSMR,RG,3480,2,D,YP,PD,D
11:23:01,JSMR,RG,3480,35,D,YU,PD,D
11:22:46,JSMR,RG,3480,4,D,NI,NI,D
11:22:34,JSMR,RG,3480,1,D,NI,YP,D
11:22:25,JSMR,RG,3480,5,D,NI,YP,D
11:22:21,JSMR,RG,3480,8,D,NI,KZ,D
11:22:21,JSMR,RG,3480,1,D,BQ,KZ,D
11:22:21,JSMR,RG,3480,2,D,YP,KZ,D
11:22:21,JSMR,RG,3480,1,F,AK,KZ,D
11:22:21,JSMR,RG,3480,1,D,PD,KZ,D
11:22:00,JSMR,RG,3490,4,F,AK,YP,D
11:21:59,JSMR,RG,3480,5,D,PD,CC,D
11:21:55,JSMR,RG,3480,3,D,PD,YP,D
11:21:55,JSMR,RG,3480,50,D,PD,CC,D
11:21:44,JSMR,RG,3480,3,D,PD,CC,D
11:21:29,JSMR,RG,3480,2,D,PD,XC,D
11:21:28,JSMR,RG,3480,5,D,PD,PD,D
11:21:18,JSMR,RG,3480,1,D,PD,XC,D
11:20:52,JSMR,RG,3480,50,D,PD,EP,D
11:20:51,JSMR,RG,3480,50,D,PD,BQ,D
11:20:30,JSMR,RG,3480,1,D,PD,LS,D
11:20:26,JSMR,RG,3480,1,D,PD,XC,D
11:20:18,JSMR,RG,3480,50,D,PD,YP,D
11:20:18,JSMR,RG,3480,2,D,PD,NI,D
11:20:18,JSMR,RG,3480,10,D,PD,CC,D
11:20:18,JSMR,RG,3480,16,D,PD,CC,D
11:20:14,JSMR,RG,3480,484,F,BK,CC,D
11:20:14,JSMR,RG,3480,1,F,BK,YP,D
11:20:14,JSMR,RG,3480,83,F,BK,BK,F
11:20:14,JSMR,RG,3480,240,D,PD,BK,F
11:20:14,JSMR,RG,3480,10,D,PD,YP,D
11:19:39,JSMR,RG,3470,156,D,YB,EP,D
11:19:33,JSMR,RG,3480,10,D,AZ,YP,D
11:19:30,JSMR,RG,3470,1,D,YB,YP,D
11:19:10,JSMR,RG,3470,17,D,YB,PD,D
11:19:09,JSMR,RG,3480,2,D,YP,PD,D
11:19:09,JSMR,RG,3480,1,D,YU,PD,D
11:19:06,JSMR,RG,3480,2,D,YU,AT,D
11:19:02,JSMR,RG,3480,41,D,YU,PD,D
11:19:02,JSMR,RG,3480,9,D,NI,PD,D
11:19:01,JSMR,RG,3480,1,D,NI,YP,D
11:18:48,JSMR,RG,3480,18,D,NI,SQ,D
11:18:48,JSMR,RG,3480,5,D,BQ,SQ,D
11:18:48,JSMR,RG,3480,1,D,XC,SQ,D
11:18:48,JSMR,RG,3480,25,D,YU,SQ,D
11:18:48,JSMR,RG,3480,4,D,DR,SQ,D
11:18:48,JSMR,RG,3480,1,F,AK,SQ,D
11:18:48,JSMR,RG,3480,2,D,YP,SQ,D
11:18:48,JSMR,RG,3480,3,F,AK,SQ,D
11:18:48,JSMR,RG,3480,1,F,AK,SQ,D
11:18:48,JSMR,RG,3480,75,F,BK,SQ,D
11:18:33,JSMR,RG,3480,5,F,BK,YP,D
11:18:32,JSMR,RG,3480,2,F,BK,SQ,D
11:18:27,JSMR,RG,3480,3,F,BK,XC,D
11:18:14,JSMR,RG,3480,1,F,BK,YP,D
11:18:11,JSMR,RG,3490,18,F,BK,YP,D
11:18:10,JSMR,RG,3480,35,F,BK,DR,D
11:18:10,JSMR,RG,3480,67,F,AK,DR,D
11:18:09,JSMR,RG,3480,10,F,AK,DH,D
11:17:54,JSMR,RG,3480,4,F,AK,DR,D
11:17:49,JSMR,RG,3490,16,F,BK,YP,D
11:17:44,JSMR,RG,3490,35,F,BK,YP,D
11:17:43,JSMR,RG,3480,4,F,AK,NI,D
11:17:40,JSMR,RG,3490,55,F,BK,YP,D
11:17:40,JSMR,RG,3490,15,F,BK,YP,D
11:17:40,JSMR,RG,3490,1,F,BK,YP,D
11:17:40,JSMR,RG,3490,2,F,BK,YP,D
11:17:40,JSMR,RG,3490,5,F,BK,AT,D
11:17:40,JSMR,RG,3490,1,F,BK,PD,D
11:17:40,JSMR,RG,3490,10,F,BK,PD,D
11:17:40,JSMR,RG,3490,1,F,BK,PD,D
11:17:40,JSMR,RG,3490,1,F,BK,OD,D
11:17:40,JSMR,RG,3490,5,F,BK,YB,D
11:17:40,JSMR,RG,3490,100,F,BK,GR,D
11:17:40,JSMR,RG,3490,2,F,BK,MU,D
11:17:38,JSMR,RG,3480,5,F,AK,XL,D
11:17:38,JSMR,RG,3480,10,F,AK,XC,D
11:17:38,JSMR,RG,3480,69,F,AK,BK,F
11:17:37,JSMR,RG,3480,327,D,CS,BK,F
11:17:37,JSMR,RG,3480,100,D,CS,DR,D
11:17:37,JSMR,RG,3480,1,D,CS,YP,D
11:17:37,JSMR,RG,3480,50,D,CS,PD,D
11:17:37,JSMR,RG,3480,10,D,CS,NI,D
11:17:37,JSMR,RG,3480,50,D,CS,YP,D
11:17:37,JSMR,RG,3480,1,D,CS,CC,F
11:17:37,JSMR,RG,3480,1,D,CS,PD,D
11:17:37,JSMR,RG,3480,16,D,CS,XC,D
11:17:37,JSMR,RG,3480,4,D,CS,XC,D
11:17:37,JSMR,RG,3480,10,D,CS,XC,D
11:17:37,JSMR,RG,3480,30,D,CS,XA,D
11:17:37,JSMR,RG,3480,2,D,CS,XC,D
11:17:37,JSMR,RG,3480,50,D,CS,CC,D
11:17:37,JSMR,RG,3480,1,D,CS,DH,D
11:17:37,JSMR,RG,3480,100,D,CS,YP,D
11:17:37,JSMR,RG,3480,100,D,CS,GR,D
11:17:37,JSMR,RG,3480,20,D,CS,GR,D
11:17:37,JSMR,RG,3480,1,D,CS,NI,D
11:17:37,JSMR,RG,3480,20,D,CS,OD,D
11:17:37,JSMR,RG,3480,2,D,CS,XC,D
11:17:37,JSMR,RG,3480,1,D,CS,XC,D
11:17:37,JSMR,RG,3480,60,D,CS,CC,D
11:17:37,JSMR,RG,3480,43,D,CS,GR,D
11:17:35,JSMR,RG,3480,45,F,BK,GR,D
11:17:34,JSMR,RG,3480,112,F,BK,GR,D
11:17:34,JSMR,RG,3480,5,F,BK,YP,D
11:17:34,JSMR,RG,3480,1,F,BK,DX,D
11:17:34,JSMR,RG,3480,3,F,BK,CC,D
11:17:34,JSMR,RG,3480,40,F,BK,PD,D
11:17:34,JSMR,RG,3480,10,F,BK,YP,D
11:17:34,JSMR,RG,3480,5,F,BK,SQ,D
11:17:34,JSMR,RG,3480,19,F,BK,XC,D
11:17:34,JSMR,RG,3480,2,F,BK,CC,D
11:17:34,JSMR,RG,3480,10,F,BK,GR,D
11:17:34,JSMR,RG,3480,2,F,BK,PD,D
11:17:34,JSMR,RG,3480,50,F,BK,ZP,D
11:17:34,JSMR,RG,3480,1,F,BK,KZ,D
11:17:34,JSMR,RG,3480,1,F,BK,LG,D
11:17:34,JSMR,RG,3480,124,F,BK,LG,D
11:17:34,JSMR,RG,3480,3,F,BK,NI,D
11:17:34,JSMR,RG,3480,30,F,BK,PD,D
11:17:34,JSMR,RG,3480,1,F,BK,YP,D
11:17:34,JSMR,RG,3480,3,F,BK,XC,D
11:17:34,JSMR,RG,3480,3,F,BK,CC,D
11:17:34,JSMR,RG,3480,20,F,BK,EP,D
11:17:34,JSMR,RG,3480,1,F,BK,XC,D
11:17:34,JSMR,RG,3480,7,F,BK,CC,D
11:17:34,JSMR,RG,3480,20,F,BK,XC,D
11:17:34,JSMR,RG,3480,10,F,BK,NI,D
11:17:34,JSMR,RG,3480,1,F,BK,YP,D
11:17:34,JSMR,RG,3480,6,F,BK,YP,D
11:17:34,JSMR,RG,3480,10,F,BK,YP,D
11:17:34,JSMR,RG,3480,20,F,BK,KK,D
11:17:34,JSMR,RG,3480,1,F,BK,PD,D
11:17:34,JSMR,RG,3480,2,F,BK,PD,D
11:17:34,JSMR,RG,3480,127,F,BK,NI,D
11:16:55,JSMR,RG,3470,10,D,YB,NI,D
11:16:46,JSMR,RG,3470,5,D,YB,SQ,D
11:15:43,JSMR,RG,3470,1,D,YB,YP,D
11:15:33,JSMR,RG,3470,5,D,YB,YP,D
11:15:31,JSMR,RG,3470,1,D,YB,YP,D
11:15:26,JSMR,RG,3470,4,D,YB,YP,D
11:15:25,JSMR,RG,3470,24,D,YB,YU,D
11:15:21,JSMR,RG,3470,3,F,AK,YU,D
11:15:21,JSMR,RG,3470,2,F,AK,YU,D
11:15:21,JSMR,RG,3470,1,F,AK,YU,D
11:15:19,JSMR,RG,3470,1,F,AK,SQ,D
11:15:19,JSMR,RG,3470,2,F,AK,SQ,D
11:15:19,JSMR,RG,3470,1,F,AK,SQ,D
11:15:19,JSMR,RG,3470,120,F,BK,SQ,D
11:15:19,JSMR,RG,3470,2,D,YP,SQ,D
11:15:19,JSMR,RG,3470,170,F,BK,SQ,D
11:15:19,JSMR,RG,3470,500,D,DR,SQ,D
11:15:19,JSMR,RG,3470,3,F,AK,SQ,D
11:15:19,JSMR,RG,3470,1,F,AK,SQ,D
11:15:13,JSMR,RG,3480,95,F,BK,NI,D
11:15:13,JSMR,RG,3480,10,F,BK,YP,D
11:15:13,JSMR,RG,3480,1,F,BK,CP,D
11:15:13,JSMR,RG,3480,5,F,BK,XL,D
11:15:13,JSMR,RG,3480,1,F,BK,YP,D
11:15:13,JSMR,RG,3480,1,F,BK,XL,D
11:15:13,JSMR,RG,3480,25,F,BK,NI,D
11:15:13,JSMR,RG,3480,1,F,BK,YP,D
11:15:13,JSMR,RG,3480,5,F,BK,PD,D
11:15:13,JSMR,RG,3480,1,F,BK,GR,D
11:15:13,JSMR,RG,3480,15,F,BK,YP,D
11:15:13,JSMR,RG,3480,5,F,BK,KK,D
11:15:13,JSMR,RG,3480,1,F,BK,YP,D
11:15:13,JSMR,RG,3480,100,F,BK,PD,D
11:15:13,JSMR,RG,3480,1,F,BK,KZ,D
11:15:13,JSMR,RG,3480,20,F,BK,LS,D
11:15:13,JSMR,RG,3480,100,F,BK,PD,D
11:15:13,JSMR,RG,3480,1,F,BK,OD,D
11:15:13,JSMR,RG,3480,1,F,BK,PD,D
11:15:13,JSMR,RG,3480,5,F,BK,YP,D
11:15:13,JSMR,RG,3480,30,F,BK,AG,F
11:15:13,JSMR,RG,3480,1,F,BK,XC,D
11:15:13,JSMR,RG,3480,1,F,BK,NI,D
11:15:13,JSMR,RG,3480,20,F,BK,CC,D
11:15:13,JSMR,RG,3480,1,F,BK,IF,D
11:15:13,JSMR,RG,3480,41,F,BK,DR,D
11:15:09,JSMR,RG,3480,2,D,YP,DR,D
11:14:50,JSMR,RG,3470,2,F,AK,PD,D
11:14:44,JSMR,RG,3470,252,F,BK,CC,D
11:14:44,JSMR,RG,3470,30,D,YU,CC,D
11:14:44,JSMR,RG,3470,42,D,YU,CC,D
11:14:44,JSMR,RG,3470,26,D,YU,CC,D
11:14:43,JSMR,RG,3480,7,F,BK,DR,D
11:14:43,JSMR,RG,3480,6,F,BK,SQ,D
11:14:43,JSMR,RG,3480,15,F,BK,XC,D
11:14:43,JSMR,RG,3480,11,F,BK,YP,D
11:14:40,JSMR,RG,3480,9,F,BK,YP,D
11:14:40,JSMR,RG,3480,40,F,BK,YP,D
11:14:40,JSMR,RG,3480,5,F,BK,YP,D
11:14:40,JSMR,RG,3480,1,F,BK,YP,D
11:14:40,JSMR,RG,3480,15,F,BK,YP,D
11:14:40,JSMR,RG,3480,10,F,BK,YP,D
11:14:40,JSMR,RG,3480,1,F,BK,YP,D
11:14:40,JSMR,RG,3480,5,F,BK,CC,D
11:14:40,JSMR,RG,3480,2,F,BK,PD,D
11:14:40,JSMR,RG,3480,2,F,BK,PD,D
11:14:40,JSMR,RG,3480,1,F,BK,PD,D
11:14:40,JSMR,RG,3480,2,F,BK,YP,D
11:14:40,JSMR,RG,3480,1,F,BK,PD,D
11:14:40,JSMR,RG,3480,50,F,BK,CC,D
11:14:40,JSMR,RG,3480,75,F,BK,CP,D
11:14:40,JSMR,RG,3470,4,F,BK,KZ,D
11:14:40,JSMR,RG,3470,56,F,BK,SQ,D
11:14:40,JSMR,RG,3470,255,D,CS,SQ,D
11:14:40,JSMR,RG,3470,74,D,CS,CC,D
11:14:40,JSMR,RG,3470,1,D,CS,XC,D
11:14:40,JSMR,RG,3470,1,D,CS,XC,D
11:14:40,JSMR,RG,3470,1,D,CS,CP,D
11:14:40,JSMR,RG,3470,2,D,CS,LS,D
11:14:40,JSMR,RG,3470,2,D,CS,NI,D
11:14:40,JSMR,RG,3470,100,D,CS,YP,D
11:14:40,JSMR,RG,3470,100,D,CS,YP,D
11:14:40,JSMR,RG,3470,25,D,CS,XC,D
11:14:40,JSMR,RG,3470,4,D,CS,CC,F
11:14:40,JSMR,RG,3470,1,D,CS,YP,D
11:14:40,JSMR,RG,3470,1,D,CS,PD,D
11:14:40,JSMR,RG,3470,1,D,CS,YP,D
11:14:40,JSMR,RG,3470,16,D,CS,XC,D
11:14:40,JSMR,RG,3470,2,D,CS,LG,D
11:14:40,JSMR,RG,3470,1,D,CS,YP,D
11:14:40,JSMR,RG,3470,3,D,CS,XC,D
11:14:40,JSMR,RG,3470,4,D,CS,CC,D
11:14:40,JSMR,RG,3470,1,D,CS,NI,D
11:14:40,JSMR,RG,3470,6,D,CS,KK,D
11:14:40,JSMR,RG,3470,1,D,CS,KZ,D
11:14:40,JSMR,RG,3470,10,D,CS,CC,D
11:14:40,JSMR,RG,3470,10,D,CS,YP,D
11:14:40,JSMR,RG,3470,90,D,CS,KK,D
11:14:40,JSMR,RG,3470,1,D,CS,XC,D
11:14:40,JSMR,RG,3470,3,D,CS,CC,D
11:14:40,JSMR,RG,3470,1,D,CS,GR,D
11:14:40,JSMR,RG,3470,5,D,CS,EP,D
11:14:40,JSMR,RG,3470,10,D,CS,YP,D
11:14:40,JSMR,RG,3470,5,D,CS,PD,D
11:14:40,JSMR,RG,3470,4,D,CS,PD,D
11:14:40,JSMR,RG,3470,2,D,CS,CC,D
11:14:40,JSMR,RG,3470,20,D,CS,YP,D
11:14:40,JSMR,RG,3470,1,D,CS,YP,D
11:14:40,JSMR,RG,3470,1,D,CS,YP,D
11:14:40,JSMR,RG,3470,20,D,CS,KK,D
11:14:40,JSMR,RG,3470,26,D,CS,CC,D
11:14:40,JSMR,RG,3470,1,D,CS,GR,D
11:14:40,JSMR,RG,3470,6,D,CS,XL,D
11:14:40,JSMR,RG,3470,1,D,CS,DR,D
11:14:40,JSMR,RG,3470,14,D,CS,CC,D
11:14:40,JSMR,RG,3470,205,D,CS,CC,D
11:14:40,JSMR,RG,3470,3,D,CS,NI,D
11:14:40,JSMR,RG,3470,3,D,CS,PD,D
11:14:40,JSMR,RG,3470,25,D,CS,DH,D
11:14:40,JSMR,RG,3470,1,D,CS,YP,D
11:14:40,JSMR,RG,3470,10,D,CS,CC,D
11:14:40,JSMR,RG,3470,25,D,CS,NI,D
11:14:40,JSMR,RG,3470,1,D,CS,XL,D
11:14:40,JSMR,RG,3470,30,D,CS,KK,D
11:14:40,JSMR,RG,3470,30,D,CS,CC,D
11:14:40,JSMR,RG,3470,1,D,CS,SQ,D
11:14:40,JSMR,RG,3470,50,D,CS,EP,D
11:14:40,JSMR,RG,3470,100,D,CS,XC,D
11:14:40,JSMR,RG,3470,20,D,CS,LS,D
11:14:40,JSMR,RG,3470,163,D,CS,AK,F
11:14:07,JSMR,RG,3460,20,D,CS,PD,D
11:14:01,JSMR,RG,3460,76,D,CS,AK,F
11:14:01,JSMR,RG,3460,30,D,CS,EP,D
11:13:51,JSMR,RG,3460,2,F,BK,GR,D
11:13:51,JSMR,RG,3460,1,F,BK,YP,D
11:13:51,JSMR,RG,3460,64,F,BK,AK,F
11:13:51,JSMR,RG,3460,63,F,BK,AK,F
11:13:51,JSMR,RG,3460,96,F,BK,RX,D
11:13:51,JSMR,RG,3460,204,F,BK,SQ,D
11:12:38,JSMR,RG,3450,14,D,CS,RX,D
11:12:38,JSMR,RG,3450,21,D,CS,RX,D
11:11:51,JSMR,RG,3450,10,D,CS,CC,D
11:11:46,JSMR,RG,3450,6,D,CS,YP,F
11:11:18,JSMR,RG,3450,3,D,CS,XL,D
11:11:18,JSMR,RG,3450,24,D,CS,RX,D
11:10:47,JSMR,RG,3460,3,F,AK,SQ,D
11:10:47,JSMR,RG,3460,1,F,AK,SQ,D
11:10:47,JSMR,RG,3460,1,F,AK,SQ,D
11:10:47,JSMR,RG,3460,2,F,AK,SQ,D
11:10:47,JSMR,RG,3460,3,F,AK,SQ,D
11:10:47,JSMR,RG,3460,1,F,AK,SQ,D
11:10:47,JSMR,RG,3460,28,F,BK,SQ,D
11:10:47,JSMR,RG,3460,2,F,AK,SQ,D
11:10:47,JSMR,RG,3460,5,F,AK,SQ,D
11:10:47,JSMR,RG,3460,450,F,BK,SQ,D
11:10:46,JSMR,RG,3460,1,F,BK,YP,D
11:10:38,JSMR,RG,3460,29,F,BK,YP,D
11:10:38,JSMR,RG,3460,3,F,AK,YP,D
11:10:38,JSMR,RG,3460,1,F,AK,YP,D
11:10:38,JSMR,RG,3460,1,D,XC,YP,D
11:10:38,JSMR,RG,3460,25,D,AI,YP,D
11:10:38,JSMR,RG,3460,41,D,YU,YP,D
11:10:34,JSMR,RG,3460,1,D,YU,NI,D
11:10:31,JSMR,RG,3460,5,D,YU,KZ,D
11:10:31,JSMR,RG,3460,5,D,PD,AK,F
11:10:31,JSMR,RG,3460,32,D,YU,AK,F
11:10:31,JSMR,RG,3460,31,F,BK,AK,F
11:10:31,JSMR,RG,3460,2,F,AK,AK,F
11:10:31,JSMR,RG,3460,1,F,AK,AK,F
11:10:31,JSMR,RG,3460,250,D,PD,AK,F
11:10:31,JSMR,RG,3460,2,F,AK,AK,F
11:10:31,JSMR,RG,3460,2,D,YP,AK,F
11:10:31,JSMR,RG,3460,1,F,AK,AK,F
11:10:31,JSMR,RG,3460,11,F,BK,AK,F
11:10:13,JSMR,RG,3460,1,F,BK,XC,D
11:10:00,JSMR,RG,3470,77,D,YU,AK,F
11:09:29,JSMR,RG,3470,5,F,AK,AK,F
11:09:28,JSMR,RG,3460,1,F,BK,PD,D
11:09:23,JSMR,RG,3460,30,F,BK,FZ,D
11:09:08,JSMR,RG,3460,19,F,BK,PD,D
11:08:18,JSMR,RG,3460,25,F,BK,RX,D
11:08:01,JSMR,RG,3460,5,F,BK,YP,D
11:07:51,JSMR,RG,3460,3,F,BK,PD,D
11:07:25,JSMR,RG,3460,4,F,BK,YP,D
11:07:12,JSMR,RG,3470,11,D,PD,AK,F
11:07:03,JSMR,RG,3470,2,D,IF,AK,F
11:06:58,JSMR,RG,3460,1,F,BK,YP,D
11:06:55,JSMR,RG,3470,3,F,AK,AK,F
11:06:49,JSMR,RG,3460,50,F,BK,YP,D
11:06:41,JSMR,RG,3460,28,F,BK,PD,D
11:06:41,JSMR,RG,3460,22,D,YU,PD,D
11:06:33,JSMR,RG,3460,1,D,YU,YP,D
11:05:33,JSMR,RG,3470,20,D,PD,AK,F
11:05:25,JSMR,RG,3470,2,F,AK,AK,F
11:04:59,JSMR,RG,3470,10,D,PD,AK,F
11:04:53,JSMR,RG,3460,3,D,YU,OD,D
11:04:34,JSMR,RG,3460,1,D,YU,LS,D
11:04:07,JSMR,RG,3460,2,D,YU,PD,D
11:04:07,JSMR,RG,3460,18,D,YU,PD,D
11:03:40,JSMR,RG,3470,2,F,AK,AK,F
11:02:57,JSMR,RG,3460,24,D,YU,YP,D
11:02:57,JSMR,RG,3460,1,D,DR,YP,D
11:02:57,JSMR,RG,3460,2,F,AK,YP,D
11:02:57,JSMR,RG,3460,1,F,AK,YP,D
11:02:57,JSMR,RG,3460,2,D,PD,YP,D
11:02:56,JSMR,RG,3460,10,D,PD,LS,D
11:02:32,JSMR,RG,3470,1,F,AK,AK,F
11:02:31,JSMR,RG,3460,5,D,PD,KZ,D
11:01:47,JSMR,RG,3460,10,D,PD,TP,D
11:01:00,JSMR,RG,3470,66,D,YU,AK,F
11:00:58,JSMR,RG,3460,100,D,PD,YP,D
11:00:29,JSMR,RG,3460,1,D,PD,YP,D
11:00:14,JSMR,RG,3460,122,D,PD,GR,D
11:00:14,JSMR,RG,3460,2,F,AK,GR,D
11:00:14,JSMR,RG,3460,2,F,AK,GR,D
11:00:14,JSMR,RG,3460,1,F,AK,GR,D
11:00:14,JSMR,RG,3460,1,F,AK,GR,D
11:00:14,JSMR,RG,3460,2,D,YP,GR,D
11:00:14,JSMR,RG,3460,99,F,BK,GR,D
10:59:44,JSMR,RG,3460,50,F,BK,XC,D
10:59:44,JSMR,RG,3460,25,F,BK,AR,D
10:59:40,JSMR,RG,3470,3,F,AK,AK,F
10:59:08,JSMR,RG,3460,1,F,BK,PD,D
10:59:08,JSMR,RG,3460,19,D,CS,PD,D
10:59:06,JSMR,RG,3460,1,D,CS,XL,D
10:59:00,JSMR,RG,3460,1,D,CS,RO,D
10:57:42,JSMR,RG,3460,10,D,CS,YP,D
10:57:31,JSMR,RG,3470,3,F,AK,AK,F
10:57:30,JSMR,RG,3460,25,D,CS,PD,D
10:56:46,JSMR,RG,3460,1,D,CS,YP,D
10:55:56,JSMR,RG,3460,15,D,CS,YB,D
10:55:54,JSMR,RG,3460,118,D,CS,PD,D
10:55:48,JSMR,RG,3460,7,D,CS,YP,D
10:55:40,JSMR,RG,3460,5,D,CS,YB,D
10:55:40,JSMR,RG,3470,2,F,AK,AK,F
10:54:37,JSMR,RG,3460,30,D,CS,YP,D
10:54:33,JSMR,RG,3460,1,D,CS,XC,D
10:54:27,JSMR,RG,3460,19,D,CS,PD,D
10:54:15,JSMR,RG,3460,1,D,CS,XC,D
10:54:11,JSMR,RG,3460,25,D,CS,CC,D
10:54:11,JSMR,RG,3460,152,D,CS,CC,D
10:54:11,JSMR,RG,3460,1,D,CS,YP,D
10:54:11,JSMR,RG,3460,64,D,CS,AK,F
10:54:11,JSMR,RG,3460,1,D,CS,CC,F
10:54:11,JSMR,RG,3460,4,D,CS,YB,D
10:53:48,JSMR,RG,3460,1,D,YP,YB,D
10:53:48,JSMR,RG,3460,1,D,YP,YB,D
10:53:48,JSMR,RG,3460,4,D,EP,YB,D
10:53:43,JSMR,RG,3460,6,D,EP,XL,D
10:53:43,JSMR,RG,3460,4,D,EP,XL,D
10:53:29,JSMR,RG,3460,5,D,EP,CC,D
10:53:28,JSMR,RG,3460,1,D,EP,LG,D
10:53:07,JSMR,RG,3460,1,D,EP,NI,D
10:53:05,JSMR,RG,3460,4,D,EP,OD,D
10:53:05,JSMR,RG,3460,16,D,YU,OD,D
10:52:44,JSMR,RG,3460,2,D,YU,EP,D
10:52:36,JSMR,RG,3460,2,D,YU,YP,D
10:52:26,JSMR,RG,3460,8,D,YU,DR,D
10:52:26,JSMR,RG,3460,1,F,AK,DR,D
10:52:26,JSMR,RG,3460,1,F,AK,DR,D
10:52:26,JSMR,RG,3460,1,D,YP,DR,D
10:52:26,JSMR,RG,3460,3,F,AK,DR,D
10:52:26,JSMR,RG,3460,2,F,AK,DR,D
10:52:15,JSMR,RG,3460,78,F,BK,NI,D
10:52:15,JSMR,RG,3460,59,F,AK,NI,D
10:52:14,JSMR,RG,3460,2,F,AK,PD,D
10:52:14,JSMR,RG,3460,98,D,YB,PD,D
10:51:50,JSMR,RG,3460,1,D,YB,AK,F
10:51:41,JSMR,RG,3460,1,D,YB,YP,D
10:51:41,JSMR,RG,3460,1,D,XC,YP,D
10:51:35,JSMR,RG,3460,2,D,XC,PD,D
10:51:35,JSMR,RG,3460,1,D,YP,PD,D
10:51:35,JSMR,RG,3460,2,F,AK,PD,D
10:51:35,JSMR,RG,3460,1,F,AK,PD,D
10:51:25,JSMR,RG,3460,1,D,YP,YP,D
10:51:03,JSMR,RG,3460,2,F,AK,NI,D
10:51:03,JSMR,RG,3460,1,F,AK,NI,D
10:51:03,JSMR,RG,3460,78,D,PD,NI,D
10:51:00,JSMR,RG,3460,1,D,PD,YP,D
10:50:55,JSMR,RG,3460,5,D,PD,LG,D
10:50:43,JSMR,RG,3470,29,D,YU,AK,F
10:50:39,JSMR,RG,3460,6,D,PD,KZ,D
10:50:39,JSMR,RG,3460,58,D,PD,AK,F
10:50:39,JSMR,RG,3460,20,D,PD,YP,D
10:50:39,JSMR,RG,3460,2,D,PD,YP,D
10:50:39,JSMR,RG,3460,1,D,PD,CC,F
10:50:39,JSMR,RG,3460,72,D,PD,RX,D
10:50:39,JSMR,RG,3460,7,D,PD,YP,D
10:49:43,JSMR,RG,3460,1,D,YP,YP,D
10:49:43,JSMR,RG,3460,1,D,NI,YP,D
10:49:43,JSMR,RG,3460,5,D,CS,YP,D
10:49:37,JSMR,RG,3460,11,D,CS,NI,D
10:49:01,JSMR,RG,3460,5,D,CS,YU,D
10:48:47,JSMR,RG,3460,1,D,CS,XC,D
10:48:47,JSMR,RG,3460,1,D,CS,DH,D
10:48:47,JSMR,RG,3460,58,D,CS,AK,F
10:48:47,JSMR,RG,3460,1,D,CS,DX,D
10:48:47,JSMR,RG,3460,20,D,CS,YP,D
10:48:47,JSMR,RG,3460,20,D,CS,YP,D
10:48:47,JSMR,RG,3460,144,D,CS,BK,F
10:48:47,JSMR,RG,3460,334,D,CS,BK,F
10:48:26,JSMR,RG,3460,1,D,YB,BK,F
10:48:10,JSMR,RG,3460,10,D,YB,BK,F
10:48:01,JSMR,RG,3450,1,D,CS,XC,D
10:47:29,JSMR,RG,3450,68,D,CS,DX,D
10:47:29,JSMR,RG,3450,232,D,PD,DX,D
10:46:58,JSMR,RG,3460,46,F,AK,BK,F
10:46:57,JSMR,RG,3460,68,F,AK,BK,F
10:46:57,JSMR,RG,3460,6,F,AK,BK,F
10:46:57,JSMR,RG,3460,94,F,AK,NI,D
10:46:55,JSMR,RG,3460,6,F,AK,NI,D
10:46:44,JSMR,RG,3460,5,F,AK,NI,D
10:46:44,JSMR,RG,3460,1,F,AK,CC,D
10:46:44,JSMR,RG,3460,27,F,AK,RX,D
10:46:44,JSMR,RG,3460,16,F,AK,XC,D
10:46:44,JSMR,RG,3460,1,F,AK,CC,D
10:45:58,JSMR,RG,3470,470,D,CD,AK,F
10:45:58,JSMR,RG,3460,1,D,CD,XC,D
10:45:58,JSMR,RG,3460,1,D,CD,CC,F
10:45:58,JSMR,RG,3460,28,D,CD,AK,F
10:45:41,JSMR,RG,3460,35,D,CS,AK,F
10:45:41,JSMR,RG,3460,1,D,CS,XL,D
10:45:41,JSMR,RG,3460,2,D,CS,CC,D
10:45:41,JSMR,RG,3460,1,D,CS,GR,D
10:45:41,JSMR,RG,3460,180,D,CS,CC,D
10:45:41,JSMR,RG,3460,1,D,CS,YP,D
10:45:41,JSMR,RG,3460,2,D,CS,YP,D
10:45:41,JSMR,RG,3460,30,D,CS,YP,D
10:45:41,JSMR,RG,3460,26,D,CS,CD,D
10:45:41,JSMR,RG,3460,174,D,CS,CD,D
10:45:41,JSMR,RG,3460,48,D,CS,YP,D
10:44:20,JSMR,RG,3460,16,D,PD,YP,D
10:44:20,JSMR,RG,3460,1,D,PD,PD,D
10:44:20,JSMR,RG,3460,12,D,PD,CC,D
10:44:20,JSMR,RG,3460,200,D,PD,CD,D
10:44:20,JSMR,RG,3460,21,D,PD,SQ,D
10:44:12,JSMR,RG,3450,18,D,PD,YP,D
10:44:12,JSMR,RG,3450,5,D,PD,YP,D
10:43:30,JSMR,RG,3460,1,D,YP,CC,F
10:43:25,JSMR,RG,3450,5,D,PD,KK,D
10:43:25,JSMR,RG,3450,1,D,AZ,KK,D
10:43:25,JSMR,RG,3450,3,D,YB,KK,D
10:43:25,JSMR,RG,3450,91,D,IH,KK,D
10:43:15,JSMR,RG,3460,3,D,YB,AK,F
10:43:06,JSMR,RG,3460,62,D,CS,AK,F
10:43:06,JSMR,RG,3460,9,D,CS,KZ,D
10:43:06,JSMR,RG,3460,29,D,CS,RX,D
10:43:06,JSMR,RG,3460,1,D,CS,CC,F
10:43:06,JSMR,RG,3460,4,D,CS,PD,D
10:43:06,JSMR,RG,3460,2,D,CS,YP,D
10:43:06,JSMR,RG,3460,60,D,CS,CC,D
10:43:06,JSMR,RG,3460,133,D,CS,CC,D
10:43:06,JSMR,RG,3450,20,D,IH,PD,D
10:43:03,JSMR,RG,3460,1,D,GR,CC,D
10:42:22,JSMR,RG,3460,6,F,AK,CC,D
10:42:22,JSMR,RG,3460,94,F,AK,AK,F
10:42:22,JSMR,RG,3460,1,D,PD,AK,F
10:42:15,JSMR,RG,3460,48,F,AK,AK,F
10:42:15,JSMR,RG,3460,69,F,AK,AK,F
10:42:15,JSMR,RG,3460,3,F,AK,GR,D
10:42:14,JSMR,RG,3460,27,F,AK,GR,D
10:42:14,JSMR,RG,3460,187,F,AK,CP,D
10:42:03,JSMR,RG,3460,1,D,YP,CP,D
10:41:52,JSMR,RG,3460,5,D,SQ,CP,D
10:41:52,JSMR,RG,3460,57,D,PD,CP,D
10:41:42,JSMR,RG,3460,50,D,PD,OD,D
10:41:42,JSMR,RG,3460,100,D,PD,CC,D
10:41:42,JSMR,RG,3460,1,D,PD,AK,F
10:41:42,JSMR,RG,3460,2,D,PD,YP,D
10:41:42,JSMR,RG,3460,28,D,PD,AK,F
10:41:42,JSMR,RG,3460,6,D,PD,DR,D
10:41:42,JSMR,RG,3460,6,D,PD,CC,D
10:41:29,JSMR,RG,3450,1,D,IH,XL,D
10:41:29,JSMR,RG,3460,5,D,SQ,CC,D
10:41:12,JSMR,RG,3460,5,D,SQ,CC,D
10:40:47,JSMR,RG,3460,5,D,SQ,CC,D
10:40:21,JSMR,RG,3460,2,D,YB,CC,D
10:39:52,JSMR,RG,3460,1,D,YP,CC,D
10:39:28,JSMR,RG,3460,2,D,YP,YP,D
10:39:06,JSMR,RG,3460,1,D,YP,KK,D
10:38:54,JSMR,RG,3460,17,D,YP,OD,D
10:38:54,JSMR,RG,3460,1,D,YP,OD,D
10:38:54,JSMR,RG,3460,2,D,GR,OD,D
10:38:51,JSMR,RG,3460,5,D,GR,PD,D
10:38:24,JSMR,RG,3460,1,D,GR,YP,D
10:38:11,JSMR,RG,3460,30,D,GR,XC,D
10:38:06,JSMR,RG,3460,5,D,GR,XC,D
10:37:41,JSMR,RG,3460,4,D,GR,NI,D
10:37:41,JSMR,RG,3460,2,D,GR,YP,D
10:37:36,JSMR,RG,3460,4,D,GR,CC,F
10:37:36,JSMR,RG,3460,13,D,GR,GR,D
10:37:27,JSMR,RG,3460,1,D,YP,GR,D
10:37:27,JSMR,RG,3460,1,D,YP,GR,D
10:36:57,JSMR,RG,3470,1,D,YP,AK,F
10:36:44,JSMR,RG,3470,1,D,YB,AK,F
10:36:44,JSMR,RG,3460,2,D,YB,YP,D
10:36:26,JSMR,RG,3460,143,F,AK,KK,D
10:36:26,JSMR,RG,3460,33,D,YP,KK,D
10:36:26,JSMR,RG,3460,1,D,YP,KK,D
10:36:26,JSMR,RG,3460,200,D,YP,KK,D
10:36:26,JSMR,RG,3460,250,F,AK,KK,D
10:36:26,JSMR,RG,3460,196,D,YB,KK,D
10:36:26,JSMR,RG,3460,177,D,PD,KK,D
10:36:18,JSMR,RG,3460,73,D,PD,PD,D
10:36:18,JSMR,RG,3460,1,D,CS,PD,D
10:35:49,JSMR,RG,3460,300,D,CS,YP,D
10:35:46,JSMR,RG,3460,18,D,CS,GR,D
10:35:45,JSMR,RG,3460,5,D,CS,YP,D
10:35:45,JSMR,RG,3460,30,D,CS,OD,D
10:35:45,JSMR,RG,3460,2,D,CS,YP,D
10:35:45,JSMR,RG,3460,94,D,CS,RX,D
10:35:45,JSMR,RG,3460,106,D,CS,AK,F
10:35:45,JSMR,RG,3460,96,D,CS,AK,F
10:35:45,JSMR,RG,3460,7,D,CS,KZ,D
10:35:45,JSMR,RG,3460,341,D,CS,YP,D
10:35:41,JSMR,RG,3460,170,D,PD,YP,D
10:35:41,JSMR,RG,3460,30,D,PD,DR,D
10:35:41,JSMR,RG,3460,50,D,PD,AK,F
10:35:24,JSMR,RG,3460,20,D,NI,AK,F
10:35:24,JSMR,RG,3460,1,D,PD,AK,F
10:35:24,JSMR,RG,3460,5,D,YP,AK,F
10:35:24,JSMR,RG,3460,4,F,AK,AK,F
10:35:24,JSMR,RG,3460,1,D,CC,AK,F
10:35:24,JSMR,RG,3460,4,F,AK,AK,F
10:35:24,JSMR,RG,3460,2,D,XC,AK,F
10:35:24,JSMR,RG,3460,100,D,YB,AK,F
10:35:24,JSMR,RG,3460,50,D,CC,AK,F
10:35:24,JSMR,RG,3460,100,D,YB,AK,F
10:35:24,JSMR,RG,3460,250,D,PD,AK,F
10:35:24,JSMR,RG,3460,5,D,SQ,AK,F
10:35:24,JSMR,RG,3460,1,D,YP,AK,F
10:35:24,JSMR,RG,3460,1,D,XC,AK,F
10:35:24,JSMR,RG,3460,5,D,YP,AK,F
10:35:24,JSMR,RG,3460,4,D,YP,AK,F
10:35:24,JSMR,RG,3460,397,D,YP,AK,F
10:34:32,JSMR,RG,3460,16,D,YP,NI,D
10:34:19,JSMR,RG,3460,5,D,YP,YU,D
10:33:38,JSMR,RG,3460,1,D,YP,LG,D
10:32:40,JSMR,RG,3470,40,D,YB,AK,F
10:32:20,JSMR,RG,3470,1,D,CC,AK,F
10:32:14,JSMR,RG,3470,1,D,CC,AK,F
10:31:40,JSMR,RG,3470,10,D,YB,AK,F
10:31:27,JSMR,RG,3470,50,D,DH,AK,F
10:31:27,JSMR,RG,3470,15,D,EP,AK,F
10:31:27,JSMR,RG,3470,4,F,AK,AK,F
10:31:27,JSMR,RG,3470,8,D,YB,AK,F
10:31:21,JSMR,RG,3470,3,D,YB,CC,D
10:31:13,JSMR,RG,3470,10,D,YB,XC,D
10:31:12,JSMR,RG,3470,5,D,YB,GR,D
10:31:00,JSMR,RG,3470,5,D,YB,YP,D
10:30:58,JSMR,RG,3470,50,D,YB,NI,D
10:30:44,JSMR,RG,3470,19,D,YB,YP,D
10:30:44,JSMR,RG,3470,1,D,YP,YP,D
10:30:44,JSMR,RG,3470,4,F,AK,YP,D
10:30:44,JSMR,RG,3470,6,D,YP,YP,D
10:30:42,JSMR,RG,3470,10,D,YP,EP,D
10:30:26,JSMR,RG,3470,3,D,YP,CC,D
10:30:25,JSMR,RG,3480,25,D,YB,CP,D
10:30:25,JSMR,RG,3480,25,D,YB,SQ,D
10:30:25,JSMR,RG,3480,50,D,YB,IP,D
10:30:13,JSMR,RG,3470,1,D,YP,KK,D
10:30:13,JSMR,RG,3470,99,D,PD,KK,D
10:30:13,JSMR,RG,3470,30,D,PD,KK,D
10:30:00,JSMR,RG,3470,2,D,PD,PD,D
10:30:00,JSMR,RG,3470,6,D,PD,XL,D
10:29:58,JSMR,RG,3470,10,D,PD,LG,D
10:29:46,JSMR,RG,3470,10,D,PD,YP,D
10:29:44,JSMR,RG,3470,2,D,PD,YP,D
10:29:44,JSMR,RG,3470,21,D,PD,RX,D
10:29:44,JSMR,RG,3470,25,D,PD,NI,D
10:29:44,JSMR,RG,3470,45,D,PD,YP,D
10:29:39,JSMR,RG,3470,27,D,YB,YP,D
10:29:39,JSMR,RG,3470,42,D,YB,AK,F
10:29:33,JSMR,RG,3470,60,D,PD,AK,F
10:29:33,JSMR,RG,3470,50,D,PD,CC,D
10:29:33,JSMR,RG,3470,10,D,PD,OD,D
10:29:33,JSMR,RG,3470,10,D,PD,CC,D
10:29:33,JSMR,RG,3470,100,D,PD,YP,D
10:29:33,JSMR,RG,3470,20,D,PD,KK,D
10:28:50,JSMR,RG,3460,10,D,YP,YP,D
10:28:25,JSMR,RG,3460,6,D,YP,YP,D
10:28:20,JSMR,RG,3470,50,D,YB,EP,D
10:28:20,JSMR,RG,3470,10,D,YB,CC,D
10:28:20,JSMR,RG,3470,6,D,YB,XC,D
10:28:20,JSMR,RG,3470,1,D,YB,CC,D
10:28:20,JSMR,RG,3470,12,D,YB,XL,D
10:28:20,JSMR,RG,3470,1,D,YB,PD,D
10:28:20,JSMR,RG,3470,2,D,YB,YP,D
10:28:20,JSMR,RG,3470,10,D,YB,YP,D
10:28:20,JSMR,RG,3470,10,D,YB,EP,D
10:28:20,JSMR,RG,3470,30,D,YB,RX,D
10:28:20,JSMR,RG,3470,49,D,YB,AK,F
10:27:36,JSMR,RG,3470,45,D,LG,AK,F
10:27:36,JSMR,RG,3470,1,D,LG,CC,F
10:27:36,JSMR,RG,3470,15,D,LG,DH,D
10:27:36,JSMR,RG,3470,6,D,LG,KZ,D
10:27:36,JSMR,RG,3470,16,D,LG,YP,D
10:27:24,JSMR,RG,3470,1,D,YP,YP,D
10:27:14,JSMR,RG,3460,1,D,YP,CC,D
10:27:03,JSMR,RG,3460,1,D,YP,EP,D
10:27:02,JSMR,RG,3460,7,D,YP,SQ,D
10:27:01,JSMR,RG,3470,33,D,CS,YP,D
10:27:01,JSMR,RG,3470,10,D,CS,SQ,D
10:27:01,JSMR,RG,3470,1,D,CS,YP,D
10:27:01,JSMR,RG,3470,103,D,CS,PD,D
10:27:01,JSMR,RG,3470,10,D,CS,EP,D
10:27:01,JSMR,RG,3470,31,D,CS,XC,D
10:27:01,JSMR,RG,3470,100,D,CS,NI,D
10:27:01,JSMR,RG,3470,1,D,CS,PD,D
10:27:01,JSMR,RG,3470,1,D,CS,YP,D
10:27:01,JSMR,RG,3470,1,D,CS,YP,D
10:27:01,JSMR,RG,3470,50,D,CS,NI,D
10:27:01,JSMR,RG,3470,5,D,CS,PD,D
10:27:01,JSMR,RG,3470,75,D,CS,CC,D
10:27:01,JSMR,RG,3470,10,D,CS,CC,D
10:27:01,JSMR,RG,3470,25,D,CS,NI,D
10:27:01,JSMR,RG,3470,50,D,CS,SQ,D
10:27:01,JSMR,RG,3470,15,D,CS,XC,D
10:27:01,JSMR,RG,3470,1,D,CS,YP,D
10:27:01,JSMR,RG,3470,2,D,CS,YP,D
10:27:01,JSMR,RG,3470,6,D,CS,XC,D
10:27:01,JSMR,RG,3470,2,D,CS,KZ,D
10:27:01,JSMR,RG,3470,1,D,CS,YP,D
10:27:01,JSMR,RG,3470,100,D,CS,PD,D
10:27:01,JSMR,RG,3470,1,D,CS,PD,D
10:27:01,JSMR,RG,3470,10,D,CS,XC,D
10:27:01,JSMR,RG,3470,1,D,CS,KK,D
10:27:01,JSMR,RG,3470,30,D,CS,XA,D
10:27:01,JSMR,RG,3470,2,D,CS,NI,F
10:27:01,JSMR,RG,3470,3,D,CS,XL,D
10:27:01,JSMR,RG,3470,5,D,CS,YP,D
10:27:01,JSMR,RG,3470,1,D,CS,PD,D
10:27:01,JSMR,RG,3470,1,D,CS,YP,D
10:27:01,JSMR,RG,3470,146,D,CS,XL,D
10:27:01,JSMR,RG,3470,4,D,CS,XL,D
10:27:01,JSMR,RG,3470,5,D,CS,CC,D
10:27:01,JSMR,RG,3470,300,D,CS,PD,D
10:27:01,JSMR,RG,3470,3,D,CS,NI,D
10:27:01,JSMR,RG,3470,25,D,CS,GR,D
10:27:01,JSMR,RG,3470,35,D,CS,YP,D
10:27:01,JSMR,RG,3470,15,D,CS,YP,D
10:27:01,JSMR,RG,3470,6,D,CS,XL,D
10:27:01,JSMR,RG,3470,1,D,CS,PD,D
10:27:01,JSMR,RG,3470,50,D,CS,PD,D
10:27:01,JSMR,RG,3470,1,D,CS,PD,D
10:27:01,JSMR,RG,3470,1,D,CS,PD,D
10:27:01,JSMR,RG,3470,50,D,CS,YU,D
10:27:01,JSMR,RG,3470,30,D,CS,AG,F
10:27:01,JSMR,RG,3470,20,D,CS,CP,D
10:27:01,JSMR,RG,3470,100,D,CS,PD,D
10:27:01,JSMR,RG,3470,21,D,CS,IN,D
10:26:58,JSMR,RG,3460,2,D,YP,YP,D
10:26:58,JSMR,RG,3460,4,D,YP,EP,D
10:26:55,JSMR,RG,3460,50,D,YP,EP,D
10:26:45,JSMR,RG,3460,1,D,YP,EP,D
10:26:40,JSMR,RG,3460,8,D,PD,YP,D
10:26:28,JSMR,RG,3460,2,D,PD,PD,D
10:26:28,JSMR,RG,3460,5,D,SQ,PD,D
10:26:28,JSMR,RG,3460,8,D,XL,PD,D
10:26:14,JSMR,RG,3460,12,D,XL,NI,D
10:26:11,JSMR,RG,3460,99,D,CS,NI,D
10:26:11,JSMR,RG,3460,1,D,CS,CC,D
10:26:11,JSMR,RG,3460,1,D,CS,GR,D
10:26:11,JSMR,RG,3460,95,D,CS,AK,F
10:26:11,JSMR,RG,3460,1,D,CS,YP,D
10:26:11,JSMR,RG,3460,1,D,CS,YP,D
10:26:11,JSMR,RG,3460,25,D,CS,YP,D
10:26:11,JSMR,RG,3460,1,D,CS,PD,D
10:26:11,JSMR,RG,3460,20,D,CS,XC,D
10:26:11,JSMR,RG,3460,2,D,CS,YP,D
10:26:11,JSMR,RG,3460,32,D,CS,BK,F
10:26:11,JSMR,RG,3460,81,D,CS,BK,F
10:26:11,JSMR,RG,3460,101,D,CS,AK,F
10:26:11,JSMR,RG,3460,1,D,CS,CP,D
10:26:11,JSMR,RG,3460,2,D,CS,EP,D
10:26:11,JSMR,RG,3460,37,D,CS,XC,D
10:26:03,JSMR,RG,3450,188,D,IH,KK,D
10:26:03,JSMR,RG,3450,1,D,HD,KK,D
10:26:03,JSMR,RG,3450,1,D,YP,KK,D
10:26:03,JSMR,RG,3450,4,F,AK,KK,D
10:26:03,JSMR,RG,3450,223,D,CS,KK,D
10:26:03,JSMR,RG,3450,18,D,CS,KK,D
10:25:43,JSMR,RG,3450,10,D,CS,OD,D
10:25:38,JSMR,RG,3460,2,D,SQ,XC,D
10:25:38,JSMR,RG,3460,1,D,SQ,YP,D
10:25:38,JSMR,RG,3460,1,D,SQ,YP,D
10:25:38,JSMR,RG,3460,1,D,SQ,EP,D
10:25:24,JSMR,RG,3450,1,D,CS,CC,D
10:25:24,JSMR,RG,3450,25,D,CS,NI,D
10:24:56,JSMR,RG,3450,10,D,CS,XL,D
10:24:25,JSMR,RG,3450,50,D,CS,CC,D
10:24:22,JSMR,RG,3450,1,D,CS,KK,D
10:23:08,JSMR,RG,3450,10,D,CS,YP,D
10:22:49,JSMR,RG,3450,2,D,CS,YP,D
10:22:36,JSMR,RG,3450,40,D,CS,RX,D
10:22:36,JSMR,RG,3450,10,D,CS,YP,D
10:22:24,JSMR,RG,3450,1,D,YP,YP,D
10:22:24,JSMR,RG,3450,14,D,PD,YP,D
10:22:18,JSMR,RG,3450,3,D,PD,PD,D
10:21:49,JSMR,RG,3450,1,D,PD,GR,D
10:21:39,JSMR,RG,3450,2,D,PD,YP,D
10:21:33,JSMR,RG,3450,30,D,PD,KK,D
10:21:33,JSMR,RG,3450,50,D,PD,KK,D
10:21:33,JSMR,RG,3450,20,D,YP,KK,D
10:21:10,JSMR,RG,3450,5,D,YP,YP,D
10:21:03,JSMR,RG,3450,5,D,YP,DH,D
10:20:50,JSMR,RG,3450,1,D,YP,YP,D
10:20:49,JSMR,RG,3450,1,D,YP,YP,D
10:20:49,JSMR,RG,3450,268,D,YP,KK,D
10:20:39,JSMR,RG,3450,100,D,CP,KK,D
10:20:33,JSMR,RG,3450,4,F,AK,KK,D
10:20:33,JSMR,RG,3450,3,F,AK,KK,D
10:20:33,JSMR,RG,3450,3,D,PD,KK,D
10:20:33,JSMR,RG,3450,5,D,OD,KK,D
10:20:33,JSMR,RG,3450,4,F,AK,KK,D
10:20:33,JSMR,RG,3450,1000,D,YU,KK,D
10:20:33,JSMR,RG,3450,113,D,PD,KK,D
10:20:28,JSMR,RG,3450,137,D,PD,BK,F
10:20:28,JSMR,RG,3450,4,F,AK,BK,F
10:20:28,JSMR,RG,3450,15,D,YB,BK,F
10:20:28,JSMR,RG,3450,1,D,YP,BK,F
10:20:28,JSMR,RG,3450,4,F,AK,BK,F
10:20:28,JSMR,RG,3450,5,F,AK,BK,F
10:20:28,JSMR,RG,3450,1,D,CC,BK,F
10:20:28,JSMR,RG,3450,181,D,CP,BK,F
10:20:28,JSMR,RG,3450,37,F,AK,BK,F
10:20:28,JSMR,RG,3450,72,D,PD,BK,F
10:20:28,JSMR,RG,3460,2,D,DR,AK,F
10:20:28,JSMR,RG,3460,6,D,DR,XC,D
10:20:26,JSMR,RG,3460,2,D,DR,EP,D
10:20:25,JSMR,RG,3460,10,D,DR,BR,D
10:20:25,JSMR,RG,3460,7,D,DR,XC,D
10:20:24,JSMR,RG,3460,1,D,DR,XC,D
10:20:16,JSMR,RG,3460,1,D,DR,EP,D
10:20:15,JSMR,RG,3460,3,D,DR,YP,D
10:20:15,JSMR,RG,3460,15,D,DR,PD,D
10:20:10,JSMR,RG,3460,1,D,DR,YP,D
10:20:09,JSMR,RG,3460,3,D,DR,YP,D
10:20:08,JSMR,RG,3460,20,D,DR,CP,D
10:20:07,JSMR,RG,3460,1,D,DR,PD,D
10:19:55,JSMR,RG,3460,98,D,DR,AK,F
10:19:55,JSMR,RG,3460,115,D,DR,YP,D
10:19:55,JSMR,RG,3460,15,D,DR,PD,D
10:19:45,JSMR,RG,3460,1,D,AT,AK,F
10:19:45,JSMR,RG,3460,10,D,YB,AK,F
10:19:45,JSMR,RG,3460,1,D,PD,PD,D
10:19:45,JSMR,RG,3460,5,F,AK,PD,D
10:19:45,JSMR,RG,3460,2,D,PD,PD,D
10:19:45,JSMR,RG,3460,9,D,EP,PD,D
10:19:45,JSMR,RG,3460,1,D,YP,PD,D
10:19:45,JSMR,RG,3460,32,D,PD,PD,D
10:19:27,JSMR,RG,3460,10,D,PD,YP,D
10:19:24,JSMR,RG,3460,1,D,PD,YP,D
10:18:57,JSMR,RG,3460,2,D,PD,XC,D
10:18:56,JSMR,RG,3470,50,D,YP,IN,D
10:18:56,JSMR,RG,3470,4,F,AK,IN,D
10:18:48,JSMR,RG,3460,1,D,PD,XL,D
10:18:47,JSMR,RG,3460,1,D,PD,XC,D
10:18:45,JSMR,RG,3460,5,D,PD,KZ,D
10:18:45,JSMR,RG,3460,1,D,PD,CC,F
10:18:45,JSMR,RG,3460,1,D,PD,YP,D
10:18:45,JSMR,RG,3460,2,D,PD,NI,D
10:18:45,JSMR,RG,3460,1,D,PD,OD,D
10:18:45,JSMR,RG,3460,2,D,PD,EP,D
10:18:45,JSMR,RG,3460,20,D,PD,XA,D
10:18:45,JSMR,RG,3460,100,D,PD,PD,D
10:18:45,JSMR,RG,3460,1,D,PD,PD,D
10:18:45,JSMR,RG,3460,5,D,PD,DR,D
10:18:45,JSMR,RG,3460,65,D,PD,AK,F
10:18:29,JSMR,RG,3460,35,D,PD,AK,F
10:18:29,JSMR,RG,3460,25,D,PD,XC,D
10:18:29,JSMR,RG,3460,30,D,PD,KK,D
10:18:29,JSMR,RG,3460,1,D,PD,YP,D
10:18:29,JSMR,RG,3460,159,D,PD,BK,F
10:18:27,JSMR,RG,3460,5,D,OD,BK,F
10:18:23,JSMR,RG,3450,1,D,PD,OD,D
10:18:20,JSMR,RG,3460,9,D,XL,BK,F
10:18:18,JSMR,RG,3460,41,D,YP,BK,F
10:18:18,JSMR,RG,3460,500,D,YP,ZP,D
10:18:18,JSMR,RG,3460,1,D,YP,CC,F
10:18:18,JSMR,RG,3460,1,D,YP,PD,D
10:18:18,JSMR,RG,3460,5,D,YP,YP,D
10:18:18,JSMR,RG,3460,60,D,YP,SQ,D
10:18:18,JSMR,RG,3460,1,D,YP,YP,D
10:18:18,JSMR,RG,3460,25,D,YP,YP,D
10:18:18,JSMR,RG,3460,5,D,YP,CC,D
10:18:18,JSMR,RG,3460,1,D,YP,XL,D
10:18:18,JSMR,RG,3460,30,D,YP,PD,D
10:18:18,JSMR,RG,3460,1,D,YP,PD,D
10:18:18,JSMR,RG,3460,10,D,YP,CC,D
10:18:18,JSMR,RG,3460,319,D,YP,YP,D
10:18:17,JSMR,RG,3450,1,D,PD,OD,D
10:18:13,JSMR,RG,3450,31,D,PD,XL,D
10:18:11,JSMR,RG,3460,19,D,PD,YP,D
10:18:11,JSMR,RG,3460,119,D,PD,OD,D
10:18:11,JSMR,RG,3460,50,D,PD,YB,D
10:18:11,JSMR,RG,3460,25,D,PD,YP,D
10:18:11,JSMR,RG,3460,10,D,PD,GR,D
10:18:11,JSMR,RG,3460,2,D,PD,PD,D
10:18:11,JSMR,RG,3460,10,D,PD,YP,D
10:18:11,JSMR,RG,3460,15,D,PD,YP,D
10:17:40,JSMR,RG,3460,10,D,DR,YP,D
10:17:37,JSMR,RG,3460,5,F,AK,YP,D
10:17:37,JSMR,RG,3460,15,F,AK,YP,D
10:17:37,JSMR,RG,3460,1,F,AK,PD,D
10:17:37,JSMR,RG,3460,1,F,AK,PD,D
10:17:37,JSMR,RG,3460,1,F,AK,PD,D
10:17:37,JSMR,RG,3460,4,F,AK,SQ,D
10:17:36,JSMR,RG,3450,1,D,PD,YP,D
10:17:32,JSMR,RG,3450,50,D,PD,YP,D
10:17:28,JSMR,RG,3450,1,D,PD,YP,D
10:17:23,JSMR,RG,3450,10,D,PD,YP,D
10:17:14,JSMR,RG,3450,1,D,PD,EP,D
10:17:09,JSMR,RG,3450,2,D,PD,EP,D
10:17:09,JSMR,RG,3450,2,D,PD,EP,D
10:17:07,JSMR,RG,3450,10,D,PD,CP,D
10:17:02,JSMR,RG,3450,5,D,PD,XC,D
10:17:00,JSMR,RG,3450,16,D,PD,YP,D
10:16:56,JSMR,RG,3450,1,D,PD,EP,D
10:16:34,JSMR,RG,3450,1,D,PD,XC,D
10:16:25,JSMR,RG,3450,5,D,PD,YP,D
10:16:02,JSMR,RG,3460,8,D,YB,SQ,D
10:16:02,JSMR,RG,3460,5,D,YB,DH,D
10:16:02,JSMR,RG,3460,30,D,YB,AG,F
10:16:02,JSMR,RG,3460,30,D,YB,CP,D
10:16:02,JSMR,RG,3460,25,D,YB,SQ,D
10:16:02,JSMR,RG,3460,2,D,YB,MU,D
10:15:53,JSMR,RG,3450,20,D,PD,AG,D
10:15:38,JSMR,RG,3450,1,D,PD,OD,D
10:15:33,JSMR,RG,3450,4,D,PD,CC,D
10:15:33,JSMR,RG,3450,15,D,PD,XC,D
10:15:32,JSMR,RG,3450,5,F,AK,XC,D
10:15:32,JSMR,RG,3450,2,F,AK,EP,D
10:15:32,JSMR,RG,3450,1,F,AK,PD,D
10:15:32,JSMR,RG,3450,5,F,AK,YP,D
10:15:32,JSMR,RG,3450,80,F,AK,AK,F
10:15:32,JSMR,RG,3450,14,D,CS,AK,F
10:15:32,JSMR,RG,3450,3,D,CS,NI,F
10:15:32,JSMR,RG,3450,2,D,CS,NI,D
10:15:32,JSMR,RG,3450,145,D,CS,BK,F
10:15:32,JSMR,RG,3450,1,D,CS,PD,D
10:15:32,JSMR,RG,3450,10,D,CS,YP,D
10:15:32,JSMR,RG,3450,125,D,CS,PD,D
10:15:32,JSMR,RG,3450,1,D,CS,CC,F
10:15:32,JSMR,RG,3450,1,D,CS,DH,D
10:15:32,JSMR,RG,3450,1,D,CS,NI,D
10:15:32,JSMR,RG,3450,1,D,CS,YP,D
10:15:32,JSMR,RG,3450,10,D,CS,YP,D
10:15:32,JSMR,RG,3450,6,D,CS,YP,D
10:15:32,JSMR,RG,3450,12,D,CS,YP,D
10:15:32,JSMR,RG,3450,5,D,CS,CC,D
10:15:32,JSMR,RG,3450,2,D,CS,CC,D
10:15:32,JSMR,RG,3450,20,D,CS,XC,D
10:15:32,JSMR,RG,3450,1,D,CS,XA,D
10:15:32,JSMR,RG,3450,5,D,CS,XL,D
10:15:32,JSMR,RG,3450,2,D,CS,XL,D
10:15:32,JSMR,RG,3450,50,D,CS,KK,D
10:15:32,JSMR,RG,3450,5,D,CS,SQ,D
10:15:32,JSMR,RG,3450,3,D,CS,EP,D
10:15:32,JSMR,RG,3450,20,D,CS,NI,D
10:15:32,JSMR,RG,3450,30,D,CS,YP,D
10:15:32,JSMR,RG,3450,20,D,CS,PD,D
10:15:32,JSMR,RG,3450,40,D,CS,YP,D
10:15:32,JSMR,RG,3450,50,D,CS,LH,D
10:15:32,JSMR,RG,3450,25,D,CS,NI,D
10:15:32,JSMR,RG,3450,5,D,CS,EP,D
10:15:32,JSMR,RG,3450,5,D,CS,KK,D
10:15:32,JSMR,RG,3450,5,D,CS,CD,D
10:15:32,JSMR,RG,3450,200,D,CS,YP,D
10:15:32,JSMR,RG,3450,50,D,CS,KI,D
10:15:32,JSMR,RG,3450,6,D,CS,OD,D
10:15:32,JSMR,RG,3450,1,D,CS,YP,D
10:15:32,JSMR,RG,3450,3,D,CS,XC,D
10:15:32,JSMR,RG,3450,10,D,CS,OD,D
10:15:32,JSMR,RG,3450,25,D,CS,YP,D
10:15:32,JSMR,RG,3450,20,D,CS,YP,D
10:15:32,JSMR,RG,3450,15,D,CS,YP,D
10:15:32,JSMR,RG,3450,1,D,CS,YP,D
10:15:32,JSMR,RG,3450,4,D,CS,XL,D
10:15:32,JSMR,RG,3450,15,D,CS,EP,D
10:15:32,JSMR,RG,3450,5,D,CS,CC,D
10:15:32,JSMR,RG,3450,1,D,CS,KK,D
10:15:32,JSMR,RG,3450,15,D,CS,CC,D
10:15:32,JSMR,RG,3450,10,D,CS,LS,D
10:15:32,JSMR,RG,3450,1,D,CS,PD,D
10:15:32,JSMR,RG,3450,5,D,CS,OD,D
10:15:32,JSMR,RG,3450,18,D,CS,PD,D
10:15:32,JSMR,RG,3450,1,D,CS,PD,D
10:15:32,JSMR,RG,3450,1,D,CS,PD,D
10:15:32,JSMR,RG,3450,1,D,CS,OD,D
10:15:32,JSMR,RG,3450,78,D,CS,DR,D
10:15:32,JSMR,RG,3450,122,D,CS,DR,D
10:15:32,JSMR,RG,3450,30,D,CS,AG,F
10:15:32,JSMR,RG,3450,25,D,CS,IF,D
10:15:32,JSMR,RG,3450,300,D,CS,SS,D
10:15:32,JSMR,RG,3450,412,D,CS,IT,D
10:15:31,JSMR,RG,3440,20,F,AK,YP,D
10:15:17,JSMR,RG,3440,9,F,AK,PD,D
10:14:57,JSMR,RG,3440,10,F,AK,EP,D
10:14:56,JSMR,RG,3450,4,F,AK,IT,D
10:14:53,JSMR,RG,3440,5,F,AK,LG,D
10:14:44,JSMR,RG,3450,8,D,DR,IT,D
10:14:43,JSMR,RG,3440,1,F,AK,OD,D
10:14:36,JSMR,RG,3450,15,D,GR,IT,D
10:14:23,JSMR,RG,3440,5,F,AK,KK,D
10:14:21,JSMR,RG,3440,1,F,AK,NI,D
10:14:18,JSMR,RG,3440,1,F,AK,CC,D
10:14:18,JSMR,RG,3440,10,F,AK,CC,D
10:14:18,JSMR,RG,3440,1,F,AK,CC,D
10:14:05,JSMR,RG,3440,1,F,AK,DX,D
10:13:57,JSMR,RG,3450,61,D,YB,IT,D
10:13:55,JSMR,RG,3440,1,F,AK,NI,D
10:13:53,JSMR,RG,3440,5,F,AK,XC,D
10:13:50,JSMR,RG,3440,14,F,AK,YP,D
10:13:43,JSMR,RG,3440,10,F,AK,YP,D
10:13:32,JSMR,RG,3440,1,F,AK,PD,D
10:13:20,JSMR,RG,3440,1,F,AK,YP,D
10:13:20,JSMR,RG,3440,1,F,AK,EP,D
10:13:20,JSMR,RG,3440,14,F,AK,CC,D
10:13:20,JSMR,RG,3440,1,F,AK,CC,F
10:13:20,JSMR,RG,3440,18,F,AK,DH,D
10:13:20,JSMR,RG,3440,132,D,YP,DH,D
10:13:20,JSMR,RG,3440,2,D,YP,KK,D
10:13:20,JSMR,RG,3440,10,D,YP,YP,D
10:13:20,JSMR,RG,3440,5,D,YP,CC,D
10:13:20,JSMR,RG,3440,1,D,YP,XC,D
10:13:20,JSMR,RG,3440,2,D,YP,CC,D
10:13:20,JSMR,RG,3440,20,D,YP,OD,D
10:13:20,JSMR,RG,3440,5,D,YP,XC,D
10:13:20,JSMR,RG,3440,30,D,YP,AG,F
10:13:20,JSMR,RG,3440,15,D,YP,YP,D
10:13:20,JSMR,RG,3440,200,D,YP,PD,D
10:13:20,JSMR,RG,3440,250,D,YP,IT,D
10:13:20,JSMR,RG,3440,2,D,YP,EP,D
10:13:20,JSMR,RG,3440,2,D,YP,YP,D
10:13:20,JSMR,RG,3440,17,D,YP,XC,D
10:13:20,JSMR,RG,3440,2,D,YP,CC,D
10:13:20,JSMR,RG,3440,5,D,YP,YP,D
10:13:20,JSMR,RG,3440,100,D,YP,YU,D
10:13:15,JSMR,RG,3440,9,D,YB,KK,D
10:13:10,JSMR,RG,3440,16,D,DR,KK,D
10:13:10,JSMR,RG,3440,10,D,DR,DR,D
10:13:10,JSMR,RG,3440,5,D,DR,GR,D
10:13:10,JSMR,RG,3440,10,D,DR,NI,D
10:13:10,JSMR,RG,3440,5,D,DR,YP,D
10:13:10,JSMR,RG,3440,1,D,DR,YP,D
10:13:10,JSMR,RG,3440,1,D,DR,YP,D
10:13:10,JSMR,RG,3440,15,D,DR,YP,D
10:13:10,JSMR,RG,3440,26,D,DR,YP,D
10:13:10,JSMR,RG,3440,6,D,DR,YP,D
10:13:10,JSMR,RG,3440,15,D,DR,YP,D
10:13:10,JSMR,RG,3440,3,D,DR,PD,D
10:13:10,JSMR,RG,3440,1,D,DR,XL,D
10:13:10,JSMR,RG,3440,6,D,DR,CC,D
10:13:10,JSMR,RG,3440,5,D,DR,CC,D
10:13:10,JSMR,RG,3440,100,D,DR,GR,D
10:13:10,JSMR,RG,3440,5,D,DR,CC,D
10:13:10,JSMR,RG,3440,5,D,DR,OD,D
10:13:10,JSMR,RG,3440,50,D,DR,LG,D
10:13:10,JSMR,RG,3440,30,D,DR,PD,D
10:13:10,JSMR,RG,3440,2,D,DR,KK,D
10:13:10,JSMR,RG,3440,4,D,DR,BQ,D
10:13:10,JSMR,RG,3440,179,D,DR,DR,D
10:12:42,JSMR,RG,3440,71,F,AK,DR,D
10:12:42,JSMR,RG,3440,24,F,AK,SQ,D
10:12:32,JSMR,RG,3430,100,F,AK,AK,F
10:12:32,JSMR,RG,3430,20,F,AK,LG,D
10:12:32,JSMR,RG,3430,3,F,AK,EP,D
10:12:32,JSMR,RG,3430,1,F,AK,PD,D
10:12:32,JSMR,RG,3430,5,F,AK,RX,D
10:12:31,JSMR,RG,3430,21,D,CS,RX,D
10:12:31,JSMR,RG,3430,3,D,CS,KK,D
10:12:31,JSMR,RG,3430,10,D,CS,KZ,D
10:12:31,JSMR,RG,3430,1,D,CS,CC,F
10:12:31,JSMR,RG,3430,350,D,CS,AK,F
10:12:31,JSMR,RG,3430,75,D,CS,CC,D
10:12:31,JSMR,RG,3430,15,D,CS,YP,D
10:12:31,JSMR,RG,3430,5,D,CS,CC,D
10:12:31,JSMR,RG,3430,1,D,CS,XC,D
10:12:31,JSMR,RG,3430,2,D,CS,CC,D
10:12:31,JSMR,RG,3430,20,D,CS,OD,D
10:12:31,JSMR,RG,3430,4,D,CS,XL,D
10:12:31,JSMR,RG,3430,1,D,CS,XC,D
10:12:31,JSMR,RG,3430,5,D,CS,KZ,D
10:12:31,JSMR,RG,3430,3,D,CS,XC,D
10:12:31,JSMR,RG,3430,10,D,CS,YP,D
10:12:31,JSMR,RG,3430,1,D,CS,YP,D
10:12:31,JSMR,RG,3430,300,D,CS,YP,D
10:12:31,JSMR,RG,3430,2,D,CS,PD,D
10:12:31,JSMR,RG,3430,1,D,CS,CC,D
10:12:31,JSMR,RG,3430,50,D,CS,YB,D
10:12:31,JSMR,RG,3430,3,D,CS,YP,D
10:12:31,JSMR,RG,3430,5,D,CS,YP,D
10:12:31,JSMR,RG,3430,1,D,CS,KK,D
10:12:31,JSMR,RG,3430,24,D,CS,KK,D
10:12:31,JSMR,RG,3430,1000,D,CS,CC,D
10:12:31,JSMR,RG,3430,1,D,CS,DR,D
10:12:31,JSMR,RG,3430,30,D,CS,AG,F
10:12:31,JSMR,RG,3430,3,D,CS,YP,D
10:12:31,JSMR,RG,3430,10,D,CS,YP,D
10:12:31,JSMR,RG,3430,15,D,CS,YP,D
10:12:31,JSMR,RG,3430,1,D,CS,PD,D
10:12:31,JSMR,RG,3430,9,D,CS,XC,D
10:12:31,JSMR,RG,3430,18,D,CS,PD,D
10:11:12,JSMR,RG,3430,1,D,YB,PD,D
10:10:40,JSMR,RG,3430,1,D,XL,PD,D
10:10:40,JSMR,RG,3430,1,D,XL,PD,D
10:10:40,JSMR,RG,3430,1,D,XL,CC,D
10:09:46,JSMR,RG,3420,2,F,AK,KK,D
10:09:46,JSMR,RG,3420,114,F,AK,BK,F
10:09:46,JSMR,RG,3420,1,F,AK,CC,F
10:09:46,JSMR,RG,3420,120,F,AK,AK,F
10:09:46,JSMR,RG,3420,1,F,AK,YP,D
10:09:46,JSMR,RG,3420,5,F,AK,CC,D
10:09:46,JSMR,RG,3420,5,F,AK,YP,D
10:09:46,JSMR,RG,3420,17,F,AK,PD,D
10:09:46,JSMR,RG,3420,1,F,AK,XC,D
10:09:46,JSMR,RG,3420,2,F,AK,KK,D
10:09:46,JSMR,RG,3420,108,F,AK,YP,D
10:09:46,JSMR,RG,3420,94,F,AK,RX,D
10:09:46,JSMR,RG,3420,30,F,AK,PD,D
10:09:46,JSMR,RG,3420,2,F,AK,CC,D
10:09:46,JSMR,RG,3420,7,F,AK,EP,D
10:09:46,JSMR,RG,3420,153,F,AK,AK,F
10:09:46,JSMR,RG,3420,5,F,AK,KZ,D
10:09:46,JSMR,RG,3420,1,F,AK,YP,D
10:09:46,JSMR,RG,3420,5,F,AK,YP,D
10:09:46,JSMR,RG,3420,3,D,DR,AZ,D
10:09:46,JSMR,RG,3420,1,D,DR,YP,D
10:09:46,JSMR,RG,3420,1,D,DR,PD,D
10:09:46,JSMR,RG,3420,1,D,DR,YP,D
10:09:46,JSMR,RG,3420,5,D,DR,DX,D
10:09:46,JSMR,RG,3420,5,D,DR,PD,D
10:09:46,JSMR,RG,3420,5,D,DR,YP,D
10:09:46,JSMR,RG,3420,25,D,DR,KK,D
10:09:46,JSMR,RG,3420,6,D,DR,KZ,D
10:09:46,JSMR,RG,3420,5,D,DR,YP,D
10:09:46,JSMR,RG,3420,5,D,DR,LS,D
10:09:46,JSMR,RG,3420,8,D,DR,EP,D
10:09:46,JSMR,RG,3420,8,D,DR,PD,D
10:09:46,JSMR,RG,3420,1,D,DR,YB,D
10:09:46,JSMR,RG,3420,25,D,DR,SQ,D
10:09:46,JSMR,RG,3420,396,D,DR,SQ,D
10:09:15,JSMR,RG,3420,1,D,PD,SQ,D
10:09:05,JSMR,RG,3410,6,D,PD,XC,D
10:09:00,JSMR,RG,3410,17,D,PD,RX,D
10:08:53,JSMR,RG,3410,5,D,PD,AK,F
10:08:53,JSMR,RG,3410,10,D,PD,CC,D
10:08:53,JSMR,RG,3410,1,D,PD,CC,F
10:08:53,JSMR,RG,3410,146,D,PD,AK,F
10:08:25,JSMR,RG,3410,24,D,LG,AK,F
10:08:24,JSMR,RG,3410,2,D,YB,AK,F
10:08:24,JSMR,RG,3410,4,D,YP,AK,F
10:08:24,JSMR,RG,3410,12,D,XL,AK,F
10:08:24,JSMR,RG,3410,1,D,YP,AK,F
10:08:24,JSMR,RG,3410,4,F,AK,AK,F
10:08:24,JSMR,RG,3410,4,F,AK,AK,F
10:08:24,JSMR,RG,3410,10,D,YB,AK,F
10:08:24,JSMR,RG,3410,10,D,LG,AK,F
10:08:24,JSMR,RG,3410,2,D,EP,AK,F
10:07:37,JSMR,RG,3410,8,D,EP,YP,D
10:07:37,JSMR,RG,3410,2,F,NI,YP,D
10:06:50,JSMR,RG,3410,1,F,NI,AK,F
10:05:56,JSMR,RG,3410,2,F,NI,AT,D
10:05:47,JSMR,RG,3410,20,F,NI,RX,D
10:05:47,JSMR,RG,3410,3,D,CP,RX,D
10:05:19,JSMR,RG,3410,97,D,CP,GR,D
10:05:19,JSMR,RG,3410,3,D,YB,GR,D
10:04:52,JSMR,RG,3410,2,D,YB,NI,D
10:04:52,JSMR,RG,3410,4,F,AK,NI,D
10:04:52,JSMR,RG,3410,1,D,AT,NI,D
10:04:52,JSMR,RG,3410,16,D,YP,NI,D
10:04:52,JSMR,RG,3410,1,D,ZP,NI,D
10:04:52,JSMR,RG,3410,20,D,YU,NI,D
10:04:52,JSMR,RG,3410,2,D,ZP,NI,D
10:04:52,JSMR,RG,3410,5,D,DR,NI,D
10:04:52,JSMR,RG,3410,1,D,YP,NI,D
10:04:52,JSMR,RG,3410,4,F,AK,NI,D
10:04:52,JSMR,RG,3410,14,D,PD,NI,D
10:04:41,JSMR,RG,3420,5,D,YB,SQ,D
10:04:41,JSMR,RG,3410,8,D,PD,KZ,D
10:04:38,JSMR,RG,3410,24,D,PD,RX,D
10:03:26,JSMR,RG,3420,5,F,AK,SQ,D
10:03:14,JSMR,RG,3410,1,D,PD,XL,D
10:00:26,JSMR,RG,3420,4,F,AK,SQ,D
09:59:55,JSMR,RG,3410,26,D,PD,PD,D
09:59:55,JSMR,RG,3410,89,F,AK,PD,D
09:59:55,JSMR,RG,3410,33,D,DR,PD,D
09:59:10,JSMR,RG,3420,14,D,YB,SQ,D
09:58:52,JSMR,RG,3420,14,D,YB,SQ,D
09:58:51,JSMR,RG,3410,11,D,DR,KZ,D
09:57:41,JSMR,RG,3420,5,F,AK,SQ,D
09:56:22,JSMR,RG,3420,50,D,SQ,SQ,D
09:53:26,JSMR,RG,3420,6,F,AK,SQ,D
09:52:35,JSMR,RG,3410,10,D,DR,XC,D
09:51:16,JSMR,RG,3410,81,D,DR,AK,F
09:51:16,JSMR,RG,3410,1,D,DR,NI,D
09:51:16,JSMR,RG,3410,27,D,DR,KZ,D
09:51:16,JSMR,RG,3410,1,D,DR,YP,D
09:51:16,JSMR,RG,3410,136,D,DR,AK,F
09:50:49,JSMR,RG,3410,64,D,CS,AK,F
09:50:35,JSMR,RG,3410,10,D,CS,EP,D
09:50:09,JSMR,RG,3410,52,D,CS,AK,F
09:50:09,JSMR,RG,3410,10,D,CS,YP,D
09:50:09,JSMR,RG,3410,1,D,CS,YP,D
09:50:09,JSMR,RG,3410,142,D,CS,RX,D
09:50:09,JSMR,RG,3410,191,D,CS,AK,F
09:50:09,JSMR,RG,3410,37,D,CS,CC,D
09:50:09,JSMR,RG,3410,49,D,CS,CC,D
09:50:09,JSMR,RG,3410,444,D,CS,CC,D
09:49:41,JSMR,RG,3410,4,F,AK,CC,D
09:48:21,JSMR,RG,3400,22,D,YP,YP,D
09:48:14,JSMR,RG,3410,2,D,ZP,CC,D
09:48:14,JSMR,RG,3410,1,D,ZP,CC,D
09:47:19,JSMR,RG,3410,1,D,ZP,YP,D
09:47:15,JSMR,RG,3410,2,D,ZP,PD,D
09:46:52,JSMR,RG,3410,1,D,ZP,AK,F
09:46:32,JSMR,RG,3410,2,D,CS,AK,F
09:46:32,JSMR,RG,3410,3,D,CS,AK,F
09:46:31,JSMR,RG,3410,1,D,CS,YP,D
09:46:15,JSMR,RG,3410,10,D,CS,AK,F
09:46:15,JSMR,RG,3410,2,D,CS,SQ,D
09:46:15,JSMR,RG,3410,25,D,CS,YP,D
09:46:15,JSMR,RG,3410,1,D,CS,AK,F
09:46:15,JSMR,RG,3410,31,D,CS,AK,F
09:46:15,JSMR,RG,3410,2,D,CS,NI,D
09:46:15,JSMR,RG,3410,7,D,CS,XL,D
09:46:15,JSMR,RG,3410,5,D,CS,XL,D
09:46:15,JSMR,RG,3410,1,D,CS,YP,D
09:46:15,JSMR,RG,3410,10,D,CS,YP,D
09:46:15,JSMR,RG,3410,11,D,CS,CC,D
09:46:15,JSMR,RG,3410,7,D,CS,KZ,D
09:46:15,JSMR,RG,3410,32,D,CS,YJ,D
09:46:06,JSMR,RG,3410,16,D,PD,YJ,D
09:46:06,JSMR,RG,3410,2,D,PD,HD,D
09:46:06,JSMR,RG,3410,1,D,PD,PD,D
09:46:06,JSMR,RG,3410,1,D,PD,PD,D
09:45:03,JSMR,RG,3400,3,D,YP,PD,D
09:44:39,JSMR,RG,3400,14,D,YP,AK,F
09:44:28,JSMR,RG,3400,3,D,PD,AK,F
09:43:55,JSMR,RG,3400,39,D,CS,RX,D
09:43:55,JSMR,RG,3400,11,D,CS,KZ,D
09:43:55,JSMR,RG,3400,1,D,CS,AK,F
09:43:55,JSMR,RG,3400,33,D,CS,AK,F
09:43:55,JSMR,RG,3400,32,D,CS,AK,F
09:43:55,JSMR,RG,3400,7,D,CS,YP,D
09:43:55,JSMR,RG,3400,27,D,CS,CC,D
09:42:09,JSMR,RG,3400,10,D,CS,CC,D
09:42:09,JSMR,RG,3400,3,D,CS,YP,D
09:42:09,JSMR,RG,3400,2,D,CS,XC,D
09:42:09,JSMR,RG,3400,11,D,CS,AK,F
09:42:09,JSMR,RG,3400,11,D,CS,KZ,D
09:42:09,JSMR,RG,3400,20,D,CS,CC,F
09:42:09,JSMR,RG,3400,1,D,CS,PD,D
09:42:09,JSMR,RG,3400,1,D,CS,CC,D
09:42:09,JSMR,RG,3400,44,D,CS,AK,F
09:42:09,JSMR,RG,3400,64,D,CS,YP,D
09:42:09,JSMR,RG,3400,133,D,CS,YP,D
09:41:42,JSMR,RG,3390,22,D,CS,RX,D
09:40:05,JSMR,RG,3390,3,D,CS,YP,D
09:39:45,JSMR,RG,3390,18,D,CS,RX,D
09:39:28,JSMR,RG,3390,2,D,CS,PD,D
09:36:36,JSMR,RG,3390,12,D,CS,KZ,D
09:35:31,JSMR,RG,3390,16,D,CS,RX,D
09:35:18,JSMR,RG,3390,10,D,CS,XC,D
09:34:35,JSMR,RG,3390,30,D,CS,AK,F
09:34:35,JSMR,RG,3390,80,D,CS,AK,F
09:34:35,JSMR,RG,3390,5,D,CS,BQ,D
09:34:26,JSMR,RG,3390,16,D,CS,OD,D
09:33:36,JSMR,RG,3390,34,D,CS,RX,D
09:33:01,JSMR,RG,3390,3,D,CS,XC,D
09:32:44,JSMR,RG,3390,1,D,CS,XL,D
09:32:40,JSMR,RG,3390,1,D,CS,YP,D
09:30:06,JSMR,RG,3390,19,D,CS,RX,D
09:28:42,JSMR,RG,3390,8,D,CS,YP,D
09:28:02,JSMR,RG,3390,10,D,CS,XC,D
09:27:53,JSMR,RG,3390,1,D,YP,BK,F
09:27:53,JSMR,RG,3390,4,F,AK,BK,F
09:27:53,JSMR,RG,3390,50,D,NI,BK,F
09:27:53,JSMR,RG,3390,1,D,CD,BK,F
09:27:53,JSMR,RG,3390,1,D,PD,BK,F
09:27:53,JSMR,RG,3390,50,D,LG,BK,F
09:27:53,JSMR,RG,3390,4,F,AK,BK,F
09:27:53,JSMR,RG,3390,1,D,YP,BK,F
09:27:53,JSMR,RG,3390,2,D,EP,BK,F
09:27:53,JSMR,RG,3390,10,D,YP,BK,F
09:27:53,JSMR,RG,3390,112,D,NI,BK,F
09:27:53,JSMR,RG,3390,110,D,NI,AK,F
09:27:53,JSMR,RG,3390,5,D,DH,AK,F
09:27:53,JSMR,RG,3390,3,D,XL,AK,F
09:27:52,JSMR,RG,3390,2,D,XL,CP,D
09:27:52,JSMR,RG,3390,90,D,YP,CP,D
09:27:52,JSMR,RG,3390,8,D,YP,CP,D
09:27:25,JSMR,RG,3390,2,D,YP,EP,D
09:27:25,JSMR,RG,3390,1,D,DR,EP,D
09:27:25,JSMR,RG,3390,4,F,AK,EP,D
09:27:25,JSMR,RG,3390,20,D,PD,EP,D
09:27:13,JSMR,RG,3390,2,D,PD,EP,D
09:27:09,JSMR,RG,3390,2,D,PD,CC,D
09:27:03,JSMR,RG,3390,1,D,PD,EP,D
09:26:34,JSMR,RG,3390,50,D,PD,EP,D
09:26:28,JSMR,RG,3400,1,D,NI,YP,D
09:26:28,JSMR,RG,3390,1,D,PD,PD,D
09:26:20,JSMR,RG,3390,1,D,PD,AK,F
09:26:08,JSMR,RG,3390,1,D,PD,YP,D
09:25:13,JSMR,RG,3400,2,D,NI,YP,D
09:25:13,JSMR,RG,3400,3,D,NI,NI,D
09:25:13,JSMR,RG,3400,10,D,NI,NI,D
09:25:02,JSMR,RG,3390,145,D,PD,CD,D
09:24:22,JSMR,RG,3390,2,D,PD,PD,D
09:22:39,JSMR,RG,3390,6,D,PD,PD,D
09:22:14,JSMR,RG,3390,1,D,PD,PD,D
09:21:06,JSMR,RG,3390,1,D,PD,AK,F
09:21:06,JSMR,RG,3390,18,D,PD,AK,F
09:21:06,JSMR,RG,3390,43,D,PD,RX,D
09:21:06,JSMR,RG,3390,6,D,PD,AK,F
09:19:43,JSMR,RG,3390,1,D,YP,CC,F
09:19:35,JSMR,RG,3390,1,D,XL,AK,F
09:19:35,JSMR,RG,3390,14,D,XL,AK,F
09:19:34,JSMR,RG,3380,19,D,CS,RX,D
09:19:17,JSMR,RG,3380,70,D,CS,AK,F
09:19:17,JSMR,RG,3380,2,D,CP,AK,F
09:19:17,JSMR,RG,3380,1,D,AZ,AK,F
09:19:17,JSMR,RG,3380,10,D,YP,AK,F
09:19:17,JSMR,RG,3380,1,D,YP,AK,F
09:19:17,JSMR,RG,3380,1,D,XC,AK,F
09:19:17,JSMR,RG,3380,10,D,PD,AK,F
09:19:17,JSMR,RG,3380,60,D,AZ,AK,F
09:19:17,JSMR,RG,3380,1,D,PD,AK,F
09:19:17,JSMR,RG,3380,20,D,DH,AK,F
09:19:17,JSMR,RG,3390,2,D,KK,AK,F
09:19:17,JSMR,RG,3390,4,D,YU,AK,F
09:19:17,JSMR,RG,3390,16,D,YP,AK,F
09:19:16,JSMR,RG,3390,7,D,YP,AK,F
09:19:16,JSMR,RG,3390,2,D,YP,KZ,D
09:19:16,JSMR,RG,3390,11,D,XC,KZ,D
09:19:16,JSMR,RG,3390,2,F,AK,KZ,D
09:19:16,JSMR,RG,3390,15,F,AK,AK,F
09:19:16,JSMR,RG,3390,222,D,NI,AK,F
09:19:16,JSMR,RG,3390,15,D,PD,AK,F
09:19:16,JSMR,RG,3390,1,D,YP,AK,F
09:19:16,JSMR,RG,3390,124,F,AK,AK,F
09:19:16,JSMR,RG,3390,23,D,YP,AK,F
09:18:46,JSMR,RG,3390,15,D,YP,YB,D
09:16:51,JSMR,RG,3390,51,D,YP,XC,D
09:16:26,JSMR,RG,3400,1,D,PD,NI,D
09:15:44,JSMR,RG,3400,2,D,NI,NI,D
09:15:44,JSMR,RG,3400,95,D,NI,AK,F
09:15:44,JSMR,RG,3400,9,D,NI,DH,D
09:15:44,JSMR,RG,3400,2,D,NI,CC,F
09:15:44,JSMR,RG,3400,3,D,NI,YP,D
09:15:17,JSMR,RG,3390,3,D,YP,AK,F
09:15:17,JSMR,RG,3390,7,D,YP,XC,D
09:15:17,JSMR,RG,3390,1,D,YP,AK,F
09:14:46,JSMR,RG,3390,25,D,YP,AK,F
09:14:38,JSMR,RG,3390,3,D,NI,AK,F
09:14:35,JSMR,RG,3390,5,D,YP,AK,F
09:14:21,JSMR,RG,3390,6,D,CC,AK,F
09:14:02,JSMR,RG,3390,1,D,CS,AK,F
09:14:02,JSMR,RG,3390,28,D,CS,RX,D
09:14:02,JSMR,RG,3390,2,D,CS,AK,F
09:14:02,JSMR,RG,3390,30,D,CS,AK,F
09:14:02,JSMR,RG,3390,13,D,CS,AK,F
09:14:02,JSMR,RG,3390,30,D,CS,AK,F
09:14:02,JSMR,RG,3390,63,D,CS,BK,F
09:14:02,JSMR,RG,3390,133,D,CS,BK,F
09:13:57,JSMR,RG,3380,39,D,DH,AK,F
09:13:57,JSMR,RG,3380,5,D,KK,AK,F
09:13:57,JSMR,RG,3380,8,D,EP,AK,F
09:13:56,JSMR,RG,3390,8,F,AK,BK,F
09:13:56,JSMR,RG,3390,81,F,AK,RX,D
09:13:56,JSMR,RG,3390,40,F,AK,RX,D
09:13:56,JSMR,RG,3390,28,D,GR,RX,D
09:13:56,JSMR,RG,3390,16,D,GR,AK,F
09:13:56,JSMR,RG,3390,1,D,GR,AK,F
09:13:56,JSMR,RG,3390,27,D,GR,KZ,D
09:13:56,JSMR,RG,3390,23,D,GR,AK,F
09:13:56,JSMR,RG,3390,5,D,GR,AK,F
09:13:26,JSMR,RG,3390,1,D,NI,AK,F
09:13:26,JSMR,RG,3390,4,D,PD,AK,F
09:13:26,JSMR,RG,3390,15,D,XC,AK,F
09:13:26,JSMR,RG,3390,1,D,YP,AK,F
09:13:26,JSMR,RG,3390,36,D,GR,AK,F
09:13:25,JSMR,RG,3390,13,D,GR,AK,F
09:13:25,JSMR,RG,3390,51,D,GR,RX,D
09:13:25,JSMR,RG,3390,20,D,GR,RX,D
09:13:25,JSMR,RG,3390,1,D,AZ,RX,D
09:13:25,JSMR,RG,3390,3,D,YU,RX,D
09:13:25,JSMR,RG,3390,3,D,YU,RX,D
09:13:25,JSMR,RG,3390,96,D,BQ,RX,D
09:13:22,JSMR,RG,3390,4,D,BQ,AK,F
09:13:22,JSMR,RG,3390,102,D,CS,AK,F
09:13:21,JSMR,RG,3390,65,D,CS,PD,D
09:13:21,JSMR,RG,3390,133,D,CS,PD,D
09:13:21,JSMR,RG,3390,100,D,CC,PD,D
09:13:21,JSMR,RG,3390,2,F,AK,PD,D
09:12:49,JSMR,RG,3390,3,F,AK,RX,D
09:12:47,JSMR,RG,3390,7,F,AK,XL,D
09:12:25,JSMR,RG,3390,12,F,AK,RX,D
09:12:22,JSMR,RG,3390,17,F,AK,AK,F
09:12:21,JSMR,RG,3390,10,F,AK,KZ,D
09:11:44,JSMR,RG,3390,1,F,AK,RX,D
09:11:42,JSMR,RG,3390,3,F,AK,YP,D
09:11:17,JSMR,RG,3390,1,F,AK,RX,D
09:11:14,JSMR,RG,3390,3,F,AK,IF,D
09:11:01,JSMR,RG,3390,7,F,AK,RX,D
09:10:59,JSMR,RG,3390,17,F,AK,RX,D
09:08:52,JSMR,RG,3390,4,F,AK,RX,D
09:08:52,JSMR,RG,3390,5,D,NI,RX,D
09:08:51,JSMR,RG,3390,15,D,NI,AK,F
09:08:50,JSMR,RG,3390,5,D,NI,XC,D
09:08:14,JSMR,RG,3390,3,D,NI,RX,D
09:08:11,JSMR,RG,3390,2,D,NI,XL,D
09:08:11,JSMR,RG,3390,4,D,KK,XL,D
09:08:05,JSMR,RG,3390,6,D,KK,RX,D
09:08:05,JSMR,RG,3390,1,D,PD,RX,D
09:08:05,JSMR,RG,3390,10,D,PD,RX,D
09:08:05,JSMR,RG,3390,1,D,KK,RX,D
09:08:05,JSMR,RG,3390,1,D,YP,RX,D
09:08:05,JSMR,RG,3390,1,D,XA,RX,D
09:08:05,JSMR,RG,3390,1,D,XL,RX,D
09:08:05,JSMR,RG,3390,1,D,XL,RX,D
09:08:05,JSMR,RG,3390,3,D,XL,RX,D
09:08:05,JSMR,RG,3390,5,D,CC,RX,D
09:08:04,JSMR,RG,3390,20,D,CC,AK,F
09:08:03,JSMR,RG,3390,50,D,CC,NI,D
09:07:57,JSMR,RG,3400,5,D,YU,NI,D
09:07:45,JSMR,RG,3390,6,D,CC,RX,D
09:07:43,JSMR,RG,3390,15,D,CC,AK,F
09:07:42,JSMR,RG,3390,4,D,CC,RX,D
09:07:42,JSMR,RG,3390,4,D,XC,RX,D
09:07:42,JSMR,RG,3390,4,D,DH,RX,D
09:07:42,JSMR,RG,3390,1,D,XC,RX,D
09:07:42,JSMR,RG,3390,1,D,ZP,RX,D
09:07:42,JSMR,RG,3390,2,D,CC,RX,D
09:07:42,JSMR,RG,3390,5,D,CD,RX,D
09:07:42,JSMR,RG,3390,1,D,CS,RX,D
09:07:40,JSMR,RG,3390,25,D,CS,NI,D
09:07:40,JSMR,RG,3390,9,D,CS,AK,F
09:07:39,JSMR,RG,3390,17,D,CS,RX,D
09:07:15,JSMR,RG,3390,1,D,CS,RX,D
09:07:13,JSMR,RG,3390,1,D,CS,XC,D
09:07:13,JSMR,RG,3390,1,D,CS,NI,D
09:06:27,JSMR,RG,3390,1,D,CS,NI,D
09:06:09,JSMR,RG,3390,1,D,CS,RX,D
09:06:09,JSMR,RG,3390,1,D,CS,NI,D
09:06:06,JSMR,RG,3390,3,D,CS,RX,D
09:06:05,JSMR,RG,3390,9,D,CS,AK,F
09:06:04,JSMR,RG,3390,7,D,CS,RX,D
09:06:04,JSMR,RG,3390,15,D,CS,YB,D
09:04:32,JSMR,RG,3390,7,D,CS,RX,D
09:04:31,JSMR,RG,3390,17,D,CS,AK,F
09:04:31,JSMR,RG,3390,51,D,CS,RX,D
09:04:30,JSMR,RG,3390,23,D,CS,AK,F
09:04:29,JSMR,RG,3390,68,D,CS,BK,F
09:03:34,JSMR,RG,3390,3,D,CS,AK,F
09:03:34,JSMR,RG,3390,10,D,CS,PD,D
09:03:24,JSMR,RG,3390,4,D,CS,AK,F
09:03:23,JSMR,RG,3390,3,D,CS,AK,F
09:03:23,JSMR,RG,3390,8,D,CS,AK,F
09:03:08,JSMR,RG,3400,2,D,XL,NI,D
09:01:32,JSMR,RG,3400,8,D,CS,AK,F
09:01:28,JSMR,RG,3400,107,D,CS,RX,D
09:01:28,JSMR,RG,3400,108,D,CS,BK,F
09:01:28,JSMR,RG,3400,103,D,CS,BK,F
09:01:28,JSMR,RG,3400,39,D,CS,RX,D
09:01:28,JSMR,RG,3400,35,D,CS,RX,D
09:00:56,JSMR,RG,3400,1,D,YP,RX,D
09:00:36,JSMR,RG,3390,52,D,CS,RX,D
09:00:33,JSMR,RG,3400,1,D,YP,RX,D
09:00:33,JSMR,RG,3400,1,D,YP,RX,D
09:00:33,JSMR,RG,3400,1,D,YP,RX,D
09:00:23,JSMR,RG,3390,121,D,CS,KZ,D
09:00:20,JSMR,RG,3390,1,D,CS,KZ,D
09:00:20,JSMR,RG,3400,51,D,CS,RX,D
09:00:20,JSMR,RG,3400,116,D,CS,BK,F
09:00:20,JSMR,RG,3400,95,D,CS,BK,F
09:00:20,JSMR,RG,3400,1,D,CS,CC,F
09:00:20,JSMR,RG,3400,11,D,CS,RX,D
09:00:20,JSMR,RG,3400,2,D,CS,RX,D
09:00:20,JSMR,RG,3400,15,D,CS,CC,D
09:00:20,JSMR,RG,3400,8,D,CS,EP,D
09:00:20,JSMR,RG,3400,1,D,CS,XC,D
09:00:15,JSMR,RG,3390,1,D,CS,RX,D
09:00:14,JSMR,RG,3390,1,D,CS,KZ,D
09:00:12,JSMR,RG,3390,2,D,CS,RX,D
09:00:12,JSMR,RG,3390,4,D,CS,KZ,D
09:00:11,JSMR,RG,3390,9,D,CS,RX,D
09:00:09,JSMR,RG,3390,3,D,CS,KZ,D
09:00:07,JSMR,RG,3390,4,D,CS,KZ,D
09:00:07,JSMR,RG,3390,1,D,CS,KZ,D
09:00:06,JSMR,RG,3400,3,D,PD,XC,D
09:00:06,JSMR,RG,3390,3,D,CS,AZ,D
09:00:06,JSMR,RG,3390,10,D,CS,PD,D
09:00:05,JSMR,RG,3390,2,D,CS,XC,D
09:00:03,JSMR,RG,3400,1,D,DH,XC,D
09:00:03,JSMR,RG,3400,1,D,DH,XC,D
09:00:00,JSMR,RG,3440,1,D,SQ,SQ,D
