Time,Stock,Brd,Price,Qty,BT,BC,SC,ST
15:14:53,JSMR,RG,3400,2,D,KK,KZ,D
15:14:14,JSMR,RG,3400,15,D,PD,KZ,D
15:12:44,JSMR,RG,3400,1,D,XC,KZ,D
15:12:36,JSMR,RG,3400,3,D,XC,KZ,D
15:12:11,JSMR,RG,3400,29,D,NI,KZ,D
15:07:32,JSMR,RG,3400,4,D,KK,KZ,D
15:07:18,JSMR,RG,3400,50,D,HP,KZ,D
15:07:04,JSMR,RG,3400,50,D,YP,KZ,D
15:07:00,JSMR,RG,3400,19,D,LG,KZ,D
15:06:52,JSMR,RG,3400,3,D,EP,KZ,D
15:06:06,JSMR,RG,3400,49,D,CC,KZ,D
15:06:06,JSMR,RG,3400,50,D,XC,KZ,D
15:06:06,JSMR,RG,3400,3622,D,YU,KZ,D
15:05:59,JSMR,RG,3400,1,D,YU,YP,D
15:05:38,JSMR,RG,3400,5,D,YU,DR,D
15:05:07,JSMR,RG,3400,300,D,YU,XC,D
15:04:34,JSMR,RG,3400,5,D,YU,CC,D
15:04:12,JSMR,RG,3400,40,D,YU,NI,D
15:04:10,JSMR,RG,3400,20,D,YU,PD,D
15:04:05,JSMR,RG,3400,100,D,YU,MK,D
15:03:58,JSMR,RG,3400,100,D,YU,CC,D
15:03:44,JSMR,RG,3400,2,D,YU,YP,D
15:02:44,JSMR,RG,3400,20,D,YU,GR,D
15:02:41,JSMR,RG,3400,2,D,YU,XC,D
15:02:28,JSMR,RG,3400,1,D,YU,YP,D
15:01:53,JSMR,RG,3400,25,D,YU,YP,D
15:01:24,JSMR,RG,3400,50,D,YU,CC,D
15:01:20,JSMR,RG,3400,17,D,YU,YP,D
15:01:15,JSMR,RG,3400,2,D,YU,KK,D
15:01:13,JSMR,RG,3400,1,D,YU,PD,D
15:00:00,JSMR,RG,3400,64,D,YU,CC,F
15:00:00,JSMR,RG,3400,3,D,YU,YP,D
15:00:00,JSMR,RG,3400,94,D,YU,KZ,D
15:00:00,JSMR,RG,3400,173,D,YU,KZ,D
15:00:00,JSMR,RG,3400,87,D,YU,KZ,D
15:00:00,JSMR,RG,3400,734,D,YU,KZ,D
15:00:00,JSMR,RG,3400,6,D,YU,PD,D
15:00:00,JSMR,RG,3400,6,D,YU,PD,D
15:00:00,JSMR,RG,3400,15,D,YU,YP,D
15:00:00,JSMR,RG,3400,10,D,YU,SQ,D
15:00:00,JSMR,RG,3400,1,D,YU,PD,D
15:00:00,JSMR,RG,3400,1,D,YU,CC,D
15:00:00,JSMR,RG,3400,2,D,YU,CC,D
15:00:00,JSMR,RG,3400,2,D,YU,YP,D
15:00:00,JSMR,RG,3400,1,D,YU,CC,D
15:00:00,JSMR,RG,3400,1,D,YU,EP,D
15:00:00,JSMR,RG,3400,1,D,YU,NI,D
15:00:00,JSMR,RG,3400,3,D,YU,CC,D
15:00:00,JSMR,RG,3400,20,D,YU,NI,D
15:00:00,JSMR,RG,3400,300,D,YU,LG,D
15:00:00,JSMR,RG,3400,2,D,YU,YP,D
15:00:00,JSMR,RG,3400,4,D,YU,PD,D
15:00:00,JSMR,RG,3400,200,D,YU,IT,D
15:00:00,JSMR,RG,3400,13,D,YU,NI,D
15:00:00,JSMR,RG,3400,10,D,YU,SQ,D
15:00:00,JSMR,RG,3400,100,D,YU,SQ,D
15:00:00,JSMR,RG,3400,100,D,YU,SQ,D
15:00:00,JSMR,RG,3400,100,D,YU,SQ,D
15:00:00,JSMR,RG,3400,200,D,YU,IT,D
15:00:00,JSMR,RG,3400,30,D,YU,YP,D
15:00:00,JSMR,RG,3400,100,D,YU,SQ,D
15:00:00,JSMR,RG,3400,80,D,YU,SQ,D
15:00:00,JSMR,RG,3400,4,D,YU,YP,D
15:00:00,JSMR,RG,3400,35,D,YU,CC,D
15:00:00,JSMR,RG,3400,10,D,YU,KK,D
15:00:00,JSMR,RG,3400,149,D,YU,CC,D
15:00:00,JSMR,RG,3400,2,D,YU,CC,D
15:00:00,JSMR,RG,3400,1552,D,YU,KZ,D
15:00:00,JSMR,RG,3400,138,D,YU,KZ,D
15:00:00,JSMR,RG,3400,141,D,YU,KZ,D
15:00:00,JSMR,RG,3400,10,D,YU,EP,D
15:00:00,JSMR,RG,3400,138,D,YU,KZ,D
15:00:00,JSMR,RG,3400,1,D,YU,XC,D
15:00:00,JSMR,RG,3400,19,D,YU,KK,D
15:00:00,JSMR,RG,3400,207,D,YU,KZ,D
15:00:00,JSMR,RG,3400,414,D,YU,KZ,D
15:00:00,JSMR,RG,3400,828,D,YU,KZ,D
15:00:00,JSMR,RG,3400,1655,D,YU,KZ,D
15:00:00,JSMR,RG,3400,7,D,YU,ZP,D
15:00:00,JSMR,RG,3400,2,D,YU,YP,D
15:00:00,JSMR,RG,3400,1,D,YU,YP,D
15:00:00,JSMR,RG,3400,247,D,YU,KZ,D
15:00:00,JSMR,RG,3400,709,D,YU,KZ,D
15:00:00,JSMR,RG,3400,7,D,YU,YP,D
15:00:00,JSMR,RG,3400,1,D,YU,CC,D
15:00:00,JSMR,RG,3400,20,D,YU,PD,D
15:00:00,JSMR,RG,3400,50,D,YU,SQ,D
15:00:00,JSMR,RG,3400,542,D,YU,YU,D
15:00:00,JSMR,RG,3400,58,D,YU,YU,D
15:00:00,JSMR,RG,3400,39,F,AK,YU,D
15:00:00,JSMR,RG,3400,17,F,AK,YU,D
14:49:43,JSMR,RG,3370,1,D,XC,KZ,D
14:49:39,JSMR,RG,3370,142,D,YJ,KZ,D
14:49:37,JSMR,RG,3370,18,D,XC,KZ,D
14:49:37,JSMR,RG,3370,1,F,AK,KZ,D
14:49:22,JSMR,RG,3370,27,D,YU,KZ,D
14:49:21,JSMR,RG,3370,34,D,YU,KZ,D
14:49:21,JSMR,RG,3370,200,D,CC,KZ,D
14:49:21,JSMR,RG,3370,150,D,PD,KZ,D
14:49:21,JSMR,RG,3370,2,D,YP,KZ,D
14:49:21,JSMR,RG,3370,1,D,PD,KZ,D
14:49:21,JSMR,RG,3370,1,D,CC,KZ,D
14:49:21,JSMR,RG,3370,48,D,YU,KZ,D
14:49:21,JSMR,RG,3370,48,D,YU,KZ,D
14:49:21,JSMR,RG,3370,118,D,YP,KZ,D
14:49:16,JSMR,RG,3370,5,D,YP,KZ,D
14:49:16,JSMR,RG,3370,10,D,YP,KZ,D
14:49:14,JSMR,RG,3380,46,D,BB,CC,D
14:49:11,JSMR,RG,3370,7,D,YP,KZ,D
14:49:10,JSMR,RG,3380,5,D,BB,CC,D
14:49:10,JSMR,RG,3380,10,D,BB,YP,D
14:49:09,JSMR,RG,3380,3,D,BB,YP,D
14:49:07,JSMR,RG,3380,8,D,BB,YP,D
14:49:06,JSMR,RG,3380,2,D,BB,YP,D
14:48:59,JSMR,RG,3380,8,D,BB,YP,D
14:48:51,JSMR,RG,3380,8,D,BB,YP,D
14:48:50,JSMR,RG,3380,1,D,BB,YP,D
14:48:29,JSMR,RG,3380,1,D,BB,YP,D
14:48:27,JSMR,RG,3380,6,D,BB,YP,D
14:48:26,JSMR,RG,3380,3,D,BB,YP,D
14:48:26,JSMR,RG,3380,4,D,BB,KZ,D
14:48:06,JSMR,RG,3380,3,D,BB,KZ,D
14:48:05,JSMR,RG,3380,11,D,BB,KZ,D
14:48:03,JSMR,RG,3370,5,D,YP,EP,D
14:47:47,JSMR,RG,3380,29,D,BB,KZ,D
14:47:47,JSMR,RG,3380,6,D,BB,KZ,D
14:47:26,JSMR,RG,3370,102,D,YP,KZ,D
14:47:15,JSMR,RG,3380,2,D,BB,KZ,D
14:46:51,JSMR,RG,3370,2,D,YP,EP,D
14:46:50,JSMR,RG,3380,29,D,BB,KZ,D
14:46:25,JSMR,RG,3370,47,D,YP,YP,D
14:46:23,JSMR,RG,3380,2,D,BB,KZ,D
14:46:02,JSMR,RG,3380,29,D,BB,CC,F
14:46:02,JSMR,RG,3380,2,D,BB,YP,D
14:46:02,JSMR,RG,3380,1,D,BB,KZ,D
14:45:52,JSMR,RG,3380,7,F,AK,KZ,D
14:45:52,JSMR,RG,3380,91,F,AK,KZ,D
14:45:42,JSMR,RG,3370,154,F,AK,YP,D
14:45:35,JSMR,RG,3370,1,D,CC,KZ,D
14:45:35,JSMR,RG,3370,2,D,BB,KZ,D
14:45:34,JSMR,RG,3370,1,D,SQ,KZ,D
14:45:09,JSMR,RG,3370,31,D,BB,KZ,D
14:44:44,JSMR,RG,3370,2,D,BB,KZ,D
14:44:19,JSMR,RG,3370,28,D,BB,KZ,D
14:43:55,JSMR,RG,3370,1,F,AK,KZ,D
14:43:54,JSMR,RG,3370,2,D,BB,KZ,D
14:43:33,JSMR,RG,3370,1,F,AK,KZ,D
14:43:32,JSMR,RG,3360,18,D,AZ,YP,D
14:43:32,JSMR,RG,3360,1,D,PD,YP,D
14:43:32,JSMR,RG,3360,1,D,DR,YP,D
14:43:32,JSMR,RG,3360,1,D,CC,YP,D
14:43:32,JSMR,RG,3360,2,D,PD,YP,D
14:43:32,JSMR,RG,3360,1,D,XC,YP,D
14:43:32,JSMR,RG,3360,12,D,YP,YP,D
14:43:32,JSMR,RG,3370,7,D,BB,KZ,D
14:43:18,JSMR,RG,3360,1,D,YP,YP,D
14:43:01,JSMR,RG,3370,1,D,CC,KZ,D
14:42:52,JSMR,RG,3370,1,F,AK,KZ,D
14:42:51,JSMR,RG,3370,34,D,CC,KZ,D
14:42:50,JSMR,RG,3370,1,D,YP,KZ,D
14:42:30,JSMR,RG,3370,10,D,KK,KZ,D
14:42:28,JSMR,RG,3370,13,D,YU,KZ,D
14:42:28,JSMR,RG,3370,200,D,CC,KZ,D
14:42:28,JSMR,RG,3370,16,D,BB,KZ,D
14:42:21,JSMR,RG,3370,310,F,AK,DX,D
14:42:20,JSMR,RG,3370,50,D,YU,DX,D
14:42:20,JSMR,RG,3370,5,D,YU,DX,D
14:42:20,JSMR,RG,3370,30,D,CC,DX,D
14:42:20,JSMR,RG,3370,1,D,IF,DX,D
14:42:20,JSMR,RG,3370,28,D,YU,DX,D
14:42:20,JSMR,RG,3370,17,D,BB,DX,D
14:42:20,JSMR,RG,3370,22,D,YU,DX,D
14:42:20,JSMR,RG,3370,7,D,CC,DX,D
14:42:20,JSMR,RG,3370,2,D,BB,DX,D
14:42:20,JSMR,RG,3370,5,D,YP,DX,D
14:42:20,JSMR,RG,3370,1,D,YP,DX,D
14:42:20,JSMR,RG,3370,2,D,SQ,DX,D
14:42:20,JSMR,RG,3370,3,D,HP,DX,D
14:42:20,JSMR,RG,3370,5,D,NI,DX,D
14:42:20,JSMR,RG,3370,1,D,PD,DX,D
14:42:20,JSMR,RG,3370,1,D,YP,DX,D
14:42:20,JSMR,RG,3370,30,D,OD,DX,D
14:42:20,JSMR,RG,3370,1,D,YP,DX,D
14:42:20,JSMR,RG,3370,10,D,SQ,DX,D
14:42:20,JSMR,RG,3370,60,D,PD,DX,D
14:42:20,JSMR,RG,3370,50,D,AZ,DX,D
14:42:20,JSMR,RG,3370,2,D,PD,DX,D
14:42:20,JSMR,RG,3370,5,D,DR,DX,D
14:42:20,JSMR,RG,3370,40,D,CC,DX,D
14:42:20,JSMR,RG,3370,1,D,YP,DX,D
14:42:20,JSMR,RG,3370,10,D,DR,DX,D
14:42:20,JSMR,RG,3370,1,D,PD,DX,D
14:42:20,JSMR,RG,3370,1,D,KK,DX,D
14:42:20,JSMR,RG,3370,5,D,GR,DX,D
14:42:20,JSMR,RG,3370,50,D,LG,DX,D
14:42:20,JSMR,RG,3370,1,D,EP,DX,D
14:42:20,JSMR,RG,3370,1,D,KK,DX,D
14:42:20,JSMR,RG,3370,20,D,AI,DX,D
14:42:20,JSMR,RG,3370,46,D,DX,DX,D
14:42:17,JSMR,RG,3390,3,D,BB,KZ,D
14:41:54,JSMR,RG,3370,25,D,DX,SQ,D
14:41:30,JSMR,RG,3370,12,D,DX,YU,D
14:41:30,JSMR,RG,3380,19,F,CS,YU,D
14:41:30,JSMR,RG,3380,9,D,BB,YU,D
14:41:30,JSMR,RG,3380,6,D,DR,YU,D
14:41:30,JSMR,RG,3380,15,D,YB,YU,D
14:41:30,JSMR,RG,3380,1,D,EP,YU,D
14:41:30,JSMR,RG,3380,1,D,YP,YU,D
14:41:30,JSMR,RG,3380,1,D,PD,YU,D
14:41:30,JSMR,RG,3380,1,D,YP,YU,D
14:41:30,JSMR,RG,3380,2,D,YP,YU,D
14:41:30,JSMR,RG,3380,3,D,HP,YU,D
14:41:26,JSMR,RG,3390,2,D,BB,KZ,D
14:40:53,JSMR,RG,3390,16,D,YU,KZ,D
14:40:53,JSMR,RG,3390,4,D,YU,KZ,D
14:40:53,JSMR,RG,3390,31,D,YU,KZ,D
14:40:52,JSMR,RG,3390,29,F,CS,KZ,D
14:40:52,JSMR,RG,3390,4,D,BB,KZ,D
14:40:52,JSMR,RG,3390,43,D,CC,KZ,D
14:40:52,JSMR,RG,3390,24,D,YU,KZ,D
14:40:52,JSMR,RG,3390,4,F,CS,KZ,D
14:40:52,JSMR,RG,3390,9,D,YU,KZ,D
14:40:48,JSMR,RG,3390,24,D,YU,KZ,D
14:40:48,JSMR,RG,3390,18,F,CS,KZ,D
14:40:48,JSMR,RG,3390,32,F,CS,KZ,D
14:40:48,JSMR,RG,3390,46,F,CS,KZ,D
14:40:48,JSMR,RG,3390,19,F,CS,KZ,D
14:40:48,JSMR,RG,3390,1,D,CC,KZ,D
14:40:48,JSMR,RG,3390,80,F,CS,KZ,D
14:40:48,JSMR,RG,3390,2,D,YU,KZ,D
14:40:48,JSMR,RG,3390,38,D,BB,KZ,D
14:40:48,JSMR,RG,3390,40,D,YU,KZ,D
14:40:32,JSMR,RG,3400,2,D,BB,PD,D
14:40:17,JSMR,RG,3390,2,D,BB,YP,D
14:40:17,JSMR,RG,3390,34,D,YU,YP,D
14:40:17,JSMR,RG,3390,53,D,BB,YP,D
14:40:17,JSMR,RG,3390,46,D,CC,YP,D
14:40:17,JSMR,RG,3390,10,D,YU,YP,D
14:40:00,JSMR,RG,3390,33,F,CS,YU,D
14:40:00,JSMR,RG,3390,2,D,BB,YU,D
14:40:00,JSMR,RG,3390,15,D,DR,YU,D
14:40:00,JSMR,RG,3390,20,D,YU,YU,D
14:40:00,JSMR,RG,3390,31,D,BB,YU,D
14:40:00,JSMR,RG,3390,13,D,YU,YU,D
14:40:00,JSMR,RG,3390,9,F,CS,YU,D
14:39:43,JSMR,RG,3400,5,D,BB,PD,D
14:39:43,JSMR,RG,3400,70,D,BB,KZ,D
14:39:31,JSMR,RG,3400,4,D,YU,KZ,D
14:39:19,JSMR,RG,3400,44,D,CC,KZ,D
14:39:09,JSMR,RG,3400,3,D,BB,KZ,D
14:38:30,JSMR,RG,3390,3,F,CS,OD,D
14:38:10,JSMR,RG,3400,3,D,PD,KZ,D
14:38:01,JSMR,RG,3400,22,D,CC,KZ,D
14:38:01,JSMR,RG,3400,14,D,CC,CC,D
14:37:58,JSMR,RG,3400,82,D,BB,CC,D
14:37:48,JSMR,RG,3390,1,D,CC,PD,D
14:37:30,JSMR,RG,3400,4,D,BB,CC,D
14:37:07,JSMR,RG,3390,3,D,CC,CC,D
14:37:00,JSMR,RG,3390,4,D,CC,YU,D
14:37:00,JSMR,RG,3390,5,D,YU,YU,D
14:37:00,JSMR,RG,3390,48,F,CS,YU,D
14:37:00,JSMR,RG,3390,1,D,CC,YU,D
14:37:00,JSMR,RG,3390,1,D,BB,YU,D
14:37:00,JSMR,RG,3390,28,D,BB,YU,D
14:37:00,JSMR,RG,3390,15,D,YU,YU,D
14:37:00,JSMR,RG,3390,11,D,YU,YU,D
14:36:50,JSMR,RG,3390,4,D,YU,YP,D
14:36:39,JSMR,RG,3400,8,D,CC,KZ,D
14:36:39,JSMR,RG,3400,15,D,CC,KZ,D
14:36:39,JSMR,RG,3400,14,D,CC,KZ,D
14:36:39,JSMR,RG,3400,11,D,CC,KZ,D
14:36:00,JSMR,RG,3400,4,D,BB,KZ,D
14:35:53,JSMR,RG,3400,8,D,BB,KZ,D
14:35:19,JSMR,RG,3400,29,D,CC,KZ,D
14:35:00,JSMR,RG,3390,10,D,CC,YU,D
14:35:00,JSMR,RG,3390,10,D,NI,YU,D
14:35:00,JSMR,RG,3390,16,D,CC,YU,D
14:35:00,JSMR,RG,3390,2,D,BB,YU,D
14:35:00,JSMR,RG,3390,15,D,YU,YU,D
14:35:00,JSMR,RG,3390,19,D,BB,YU,D
14:35:00,JSMR,RG,3390,21,D,YU,YU,D
14:35:00,JSMR,RG,3390,20,F,CS,YU,D
14:34:30,JSMR,RG,3400,1,D,YP,KZ,D
14:34:18,JSMR,RG,3400,11,D,BB,KZ,D
14:33:44,JSMR,RG,3390,29,D,CC,XA,D
14:33:44,JSMR,RG,3390,2,D,BB,XA,D
14:33:44,JSMR,RG,3390,19,D,YU,XA,D
14:33:11,JSMR,RG,3400,24,D,BB,KZ,D
14:33:01,JSMR,RG,3390,27,D,YU,YU,D
14:33:01,JSMR,RG,3390,8,D,EP,YU,D
14:33:01,JSMR,RG,3390,3,D,YU,YU,D
14:33:01,JSMR,RG,3390,14,D,YU,YU,D
14:33:01,JSMR,RG,3390,29,D,YU,YU,D
14:33:01,JSMR,RG,3390,3,D,YU,YU,D
14:33:01,JSMR,RG,3390,1,F,CS,YU,D
14:33:01,JSMR,RG,3390,12,F,CS,YU,D
14:33:01,JSMR,RG,3390,14,F,CS,YU,D
14:33:01,JSMR,RG,3390,1,D,CC,YU,D
14:33:01,JSMR,RG,3390,19,D,BB,YU,D
14:32:35,JSMR,RG,3400,31,D,CC,KZ,D
14:32:35,JSMR,RG,3400,11,D,CC,CC,D
14:32:03,JSMR,RG,3400,17,D,BB,CC,D
14:32:03,JSMR,RG,3400,22,D,BB,KZ,D
14:32:03,JSMR,RG,3400,5,D,BB,KZ,D
14:31:30,JSMR,RG,3400,8,D,BB,KZ,D
14:31:30,JSMR,RG,3400,7,D,BB,KZ,D
14:31:11,JSMR,RG,3400,5,D,CC,KZ,D
14:31:11,JSMR,RG,3400,39,D,CC,KZ,D
14:31:07,JSMR,RG,3400,12,D,PD,KZ,D
14:30:54,JSMR,RG,3400,49,D,BB,KZ,D
14:30:54,JSMR,RG,3400,11,D,BB,KZ,D
14:30:54,JSMR,RG,3400,18,D,BB,KZ,D
14:30:54,JSMR,RG,3400,11,D,BB,KZ,D
14:30:54,JSMR,RG,3400,51,D,BB,KZ,D
14:29:45,JSMR,RG,3390,48,D,BB,AK,F
14:29:45,JSMR,RG,3390,13,F,CS,AK,F
14:29:45,JSMR,RG,3390,36,D,CC,AK,F
14:29:45,JSMR,RG,3390,43,D,YU,AK,F
14:29:45,JSMR,RG,3390,77,F,AK,AK,F
14:29:45,JSMR,RG,3390,100,D,KK,AK,F
14:29:43,JSMR,RG,3390,44,D,KK,YU,D
14:29:43,JSMR,RG,3390,5,D,KK,NI,D
14:29:43,JSMR,RG,3390,1,D,KK,DR,D
14:29:43,JSMR,RG,3390,50,D,KK,YU,D
14:29:35,JSMR,RG,3390,5,D,BB,YU,D
14:29:35,JSMR,RG,3390,35,D,BB,YU,D
14:29:35,JSMR,RG,3390,30,D,BB,YJ,D
14:29:35,JSMR,RG,3390,141,D,BB,DX,D
14:29:26,JSMR,RG,3390,2,D,CC,DX,D
14:28:25,JSMR,RG,3390,41,D,CC,DX,D
14:28:00,JSMR,RG,3380,3,F,AK,YU,D
14:28:00,JSMR,RG,3380,18,F,CS,YU,D
14:28:00,JSMR,RG,3380,67,D,XC,YU,D
14:27:34,JSMR,RG,3380,7,D,XC,CC,D
14:27:03,JSMR,RG,3390,45,D,CC,DX,D
14:26:50,JSMR,RG,3390,6,D,BB,DX,D
14:25:39,JSMR,RG,3390,40,D,CC,DX,D
14:24:44,JSMR,RG,3380,1,D,XC,XC,D
14:24:23,JSMR,RG,3380,10,F,AK,YJ,D
14:24:23,JSMR,RG,3380,40,F,AK,YU,D
14:24:23,JSMR,RG,3380,12,F,AK,YU,D
14:24:23,JSMR,RG,3380,10,F,AK,YU,D
14:24:17,JSMR,RG,3380,46,D,CC,YU,D
14:24:00,JSMR,RG,3370,17,D,DX,YU,D
14:24:00,JSMR,RG,3370,2,D,PD,YU,D
14:24:00,JSMR,RG,3370,10,D,CC,YU,D
14:24:00,JSMR,RG,3370,72,D,XA,YU,D
14:23:56,JSMR,RG,3380,2,D,PD,YU,D
14:22:22,JSMR,RG,3380,40,D,PD,YU,D
14:22:00,JSMR,RG,3370,28,D,XA,YU,D
14:22:00,JSMR,RG,3370,2,D,LG,YU,D
14:22:00,JSMR,RG,3370,5,D,YP,YU,D
14:22:00,JSMR,RG,3370,60,D,XC,YU,D
14:22:00,JSMR,RG,3370,10,D,PD,YU,D
14:21:57,JSMR,RG,3380,2,F,CS,YU,D
14:21:57,JSMR,RG,3380,3,D,YU,YU,D
14:21:57,JSMR,RG,3380,38,D,CC,YU,D
14:21:57,JSMR,RG,3380,9,D,XC,YU,D
14:21:57,JSMR,RG,3380,1,D,YP,YU,D
14:21:57,JSMR,RG,3380,10,D,YU,YU,D
14:21:57,JSMR,RG,3380,1,D,XC,YU,D
14:21:57,JSMR,RG,3380,10,D,YP,YU,D
14:21:57,JSMR,RG,3380,1,D,BB,YU,D
14:21:57,JSMR,RG,3380,4,F,BK,YU,D
14:21:57,JSMR,RG,3380,1,D,BB,YU,D
14:21:57,JSMR,RG,3380,12,F,CS,YU,D
14:21:57,JSMR,RG,3380,10,D,YU,YU,D
14:21:35,JSMR,RG,3390,35,D,CC,DX,D
14:20:51,JSMR,RG,3390,5,D,BB,DX,D
14:20:15,JSMR,RG,3390,32,D,CC,DX,D
14:20:00,JSMR,RG,3380,6,D,CC,YU,D
14:20:00,JSMR,RG,3380,43,D,YU,YU,D
14:20:00,JSMR,RG,3380,1,D,CC,YU,D
14:20:00,JSMR,RG,3380,5,D,PD,YU,D
14:20:00,JSMR,RG,3380,13,F,BK,YU,D
14:20:00,JSMR,RG,3380,20,D,YU,YU,D
14:20:00,JSMR,RG,3380,1,D,BB,YU,D
14:20:00,JSMR,RG,3380,33,F,CS,YU,D
14:20:00,JSMR,RG,3380,5,D,YU,YU,D
14:20:00,JSMR,RG,3380,54,D,BB,YU,D
14:19:26,JSMR,RG,3380,1,D,BB,GR,D
14:19:08,JSMR,RG,3390,5,D,YP,DX,D
14:18:55,JSMR,RG,3390,37,D,CC,DX,D
14:18:45,JSMR,RG,3390,1,D,NI,DX,D
14:18:30,JSMR,RG,3390,8,D,BB,DX,D
14:18:20,JSMR,RG,3390,32,D,BB,DX,D
14:18:04,JSMR,RG,3380,2,D,BB,PD,D
14:18:00,JSMR,RG,3380,6,D,BB,YU,D
14:18:00,JSMR,RG,3380,10,D,CC,YU,D
14:18:00,JSMR,RG,3380,1,D,CC,YU,D
14:18:00,JSMR,RG,3380,44,F,BK,YU,D
14:18:00,JSMR,RG,3380,2,D,XC,YU,D
14:18:00,JSMR,RG,3380,108,D,YP,YU,D
14:17:51,JSMR,RG,3380,40,D,YP,YP,D
14:17:50,JSMR,RG,3380,12,D,YP,YP,D
14:17:50,JSMR,RG,3380,6,D,XL,YP,D
14:17:50,JSMR,RG,3380,5,D,CC,YP,D
14:17:50,JSMR,RG,3380,2,D,NI,YP,D
14:17:29,JSMR,RG,3390,40,D,CC,DX,D
14:17:25,JSMR,RG,3380,2,D,NI,XC,D
14:17:18,JSMR,RG,3390,30,D,BB,DX,D
14:17:18,JSMR,RG,3390,11,D,BB,CC,D
14:16:13,JSMR,RG,3390,41,D,BB,CC,D
14:16:09,JSMR,RG,3390,42,D,CC,CC,D
14:15:52,JSMR,RG,3390,5,D,BB,CC,D
14:15:28,JSMR,RG,3390,1,D,SQ,CC,D
14:15:07,JSMR,RG,3390,43,D,BB,CC,D
14:15:00,JSMR,RG,3380,1,D,NI,YU,D
14:15:00,JSMR,RG,3380,2,D,BB,YU,D
14:15:00,JSMR,RG,3380,5,D,CC,YU,D
14:15:00,JSMR,RG,3380,3,D,YP,YU,D
14:15:00,JSMR,RG,3380,1,D,XC,YU,D
14:15:00,JSMR,RG,3380,1,D,DR,YU,D
14:15:00,JSMR,RG,3380,15,D,AT,YU,D
14:15:00,JSMR,RG,3380,1,D,CC,YU,D
14:15:00,JSMR,RG,3380,100,D,CC,YU,D
14:15:00,JSMR,RG,3380,12,D,PD,YU,D
14:15:00,JSMR,RG,3380,3,D,PD,YU,D
14:14:47,JSMR,RG,3390,40,D,CC,CC,D
14:14:41,JSMR,RG,3380,1,D,SQ,XC,D
14:13:58,JSMR,RG,3390,17,D,BB,CC,D
14:13:58,JSMR,RG,3390,10,D,BB,YJ,D
14:13:58,JSMR,RG,3390,45,D,BB,YU,D
14:13:17,JSMR,RG,3390,5,D,YP,YU,D
14:13:09,JSMR,RG,3390,1,D,BB,YU,D
14:13:00,JSMR,RG,3390,7,D,CC,YU,D
14:13:00,JSMR,RG,3390,5,D,PD,YU,D
14:13:00,JSMR,RG,3390,10,D,PD,YU,D
14:13:00,JSMR,RG,3390,10,D,PD,YU,D
14:13:00,JSMR,RG,3390,1,D,XL,YU,D
14:13:00,JSMR,RG,3390,2,D,PD,YU,D
14:13:00,JSMR,RG,3390,2,D,BB,YU,D
14:12:46,JSMR,RG,3400,39,D,YU,YU,D
14:12:45,JSMR,RG,3400,76,D,YU,AK,F
14:12:45,JSMR,RG,3400,15,F,CS,AK,F
14:12:45,JSMR,RG,3400,75,D,BB,AK,F
14:12:45,JSMR,RG,3400,40,D,CC,AK,F
14:12:45,JSMR,RG,3400,67,D,YU,AK,F
14:12:45,JSMR,RG,3400,52,D,YU,AK,F
14:12:45,JSMR,RG,3400,1,D,XC,AK,F
14:12:45,JSMR,RG,3400,20,D,PD,AK,F
14:12:45,JSMR,RG,3400,6,F,CS,AK,F
14:12:44,JSMR,RG,3400,7,F,CS,KZ,D
14:12:44,JSMR,RG,3400,11,F,CS,KZ,D
14:12:44,JSMR,RG,3400,6,F,CS,KZ,D
14:12:44,JSMR,RG,3400,3,F,CS,KZ,D
14:12:44,JSMR,RG,3400,5,D,CC,KZ,D
14:12:44,JSMR,RG,3400,23,F,CS,KZ,D
14:12:44,JSMR,RG,3400,3,D,DH,KZ,D
14:12:44,JSMR,RG,3400,1,D,CC,KZ,D
14:12:44,JSMR,RG,3400,47,F,AK,KZ,D
14:12:43,JSMR,RG,3400,7,F,AK,AK,F
14:12:43,JSMR,RG,3400,18,F,CS,AK,F
14:12:43,JSMR,RG,3400,56,D,YU,AK,F
14:12:43,JSMR,RG,3400,5,D,PD,AK,F
14:12:43,JSMR,RG,3400,2,D,GR,AK,F
14:12:43,JSMR,RG,3400,31,F,CS,AK,F
14:12:43,JSMR,RG,3400,15,D,GR,AK,F
14:12:43,JSMR,RG,3400,3,D,CC,AK,F
14:12:43,JSMR,RG,3400,43,D,YU,AK,F
14:12:43,JSMR,RG,3400,5,D,AT,AK,F
14:12:43,JSMR,RG,3400,20,F,CS,AK,F
14:12:43,JSMR,RG,3400,26,F,CS,AK,F
14:12:43,JSMR,RG,3400,172,D,YU,AK,F
14:12:42,JSMR,RG,3400,349,D,YU,YP,D
14:12:42,JSMR,RG,3400,669,D,YU,YP,D
14:12:42,JSMR,RG,3400,31,D,YU,YP,D
14:12:42,JSMR,RG,3400,38,D,YU,YP,D
14:12:42,JSMR,RG,3400,3,D,NI,YP,D
14:12:42,JSMR,RG,3400,48,D,BB,YP,D
14:12:42,JSMR,RG,3400,10,D,CC,YP,D
14:12:42,JSMR,RG,3400,5,D,ZP,YP,D
14:12:42,JSMR,RG,3400,2,D,PD,YP,D
14:12:42,JSMR,RG,3400,4,D,BB,YP,D
14:12:42,JSMR,RG,3400,2841,D,IF,YP,D
14:12:28,JSMR,RG,3400,14,D,IF,YP,D
14:12:26,JSMR,RG,3410,1,D,PD,YP,D
14:12:09,JSMR,RG,3400,3,D,IF,XC,D
14:12:09,JSMR,RG,3400,5,D,IF,YP,D
14:12:07,JSMR,RG,3410,38,D,CC,YP,D
14:11:00,JSMR,RG,3400,74,D,IF,YU,D
14:10:47,JSMR,RG,3410,38,D,CC,YP,D
14:10:34,JSMR,RG,3400,12,D,IF,KZ,D
14:10:34,JSMR,RG,3400,18,D,IF,KZ,D
14:10:29,JSMR,RG,3400,10,D,IF,KZ,D
14:10:22,JSMR,RG,3410,7,D,BB,YP,D
14:10:10,JSMR,RG,3410,2,D,YP,YP,D
14:10:09,JSMR,RG,3410,97,D,BB,YP,D
14:10:04,JSMR,RG,3400,91,D,IF,KZ,D
14:09:23,JSMR,RG,3410,43,D,CC,YP,D
14:09:21,JSMR,RG,3400,2,D,IF,DR,D
14:08:03,JSMR,RG,3410,41,D,CC,YP,D
14:08:01,JSMR,RG,3400,92,D,IF,YU,D
14:07:52,JSMR,RG,3410,10,D,XC,YP,D
14:07:34,JSMR,RG,3410,8,D,BB,YP,D
14:07:31,JSMR,RG,3410,100,D,BB,YP,D
14:07:27,JSMR,RG,3410,1,D,CC,YP,D
14:06:50,JSMR,RG,3400,1,D,IF,YU,D
14:06:39,JSMR,RG,3410,40,D,CC,YP,D
14:06:00,JSMR,RG,3400,100,D,IF,YU,D
14:05:17,JSMR,RG,3410,38,D,CC,YP,D
14:04:46,JSMR,RG,3410,51,D,BB,YP,D
14:04:41,JSMR,RG,3410,7,D,BB,YP,D
14:04:09,JSMR,RG,3400,1,D,IF,KK,D
14:04:00,JSMR,RG,3400,149,D,IF,YU,D
14:03:55,JSMR,RG,3410,34,D,CC,YP,D
14:02:35,JSMR,RG,3410,34,D,CC,YP,D
14:02:15,JSMR,RG,3410,280,F,LG,CC,F
14:02:15,JSMR,RG,3410,20,F,LG,BK,F
14:02:00,JSMR,RG,3400,165,D,IF,YU,D
14:01:52,JSMR,RG,3410,7,D,BB,BK,F
14:01:15,JSMR,RG,3410,32,D,CC,BK,F
14:01:15,JSMR,RG,3410,2,D,CC,YP,D
13:59:51,JSMR,RG,3410,25,D,YU,YP,D
13:59:51,JSMR,RG,3410,23,F,BK,YP,D
13:59:32,JSMR,RG,3410,24,D,YU,TP,D
13:59:32,JSMR,RG,3410,25,F,CS,TP,D
13:59:32,JSMR,RG,3410,41,D,YU,TP,D
13:59:32,JSMR,RG,3410,10,D,YU,TP,D
13:59:09,JSMR,RG,3420,6,D,BB,YP,D
13:59:00,JSMR,RG,3410,23,D,YU,YU,D
13:59:00,JSMR,RG,3410,19,D,YU,YU,D
13:59:00,JSMR,RG,3410,42,D,CC,YU,D
13:59:00,JSMR,RG,3410,58,D,BB,YU,D
13:59:00,JSMR,RG,3410,17,F,BK,YU,D
13:59:00,JSMR,RG,3410,13,F,CS,YU,D
13:58:54,JSMR,RG,3410,7,F,CS,EP,D
13:58:54,JSMR,RG,3410,4,D,BB,EP,D
13:58:54,JSMR,RG,3410,18,D,YU,EP,D
13:58:54,JSMR,RG,3410,5,D,CC,EP,D
13:58:54,JSMR,RG,3410,1,D,CC,EP,D
13:58:54,JSMR,RG,3410,15,D,YU,EP,D
13:58:54,JSMR,RG,3410,16,D,YU,PD,D
13:58:31,JSMR,RG,3410,4,D,YU,CC,D
13:58:29,JSMR,RG,3410,10,D,YU,KZ,D
13:58:24,JSMR,RG,3410,8,D,YU,KZ,D
13:58:24,JSMR,RG,3410,9,D,CC,KZ,D
13:58:24,JSMR,RG,3410,9,D,CC,KZ,D
13:58:18,JSMR,RG,3410,1,D,CC,DR,D
13:57:59,JSMR,RG,3410,20,D,CC,KZ,D
13:57:59,JSMR,RG,3410,14,F,BK,KZ,D
13:57:59,JSMR,RG,3410,38,D,YU,KZ,D
13:57:59,JSMR,RG,3410,4,D,BB,KZ,D
13:57:49,JSMR,RG,3410,1,D,BB,DR,D
13:57:49,JSMR,RG,3410,1,D,BB,DR,D
13:57:47,JSMR,RG,3410,5,D,YU,TP,D
13:57:13,JSMR,RG,3410,23,F,CS,PD,D
13:57:13,JSMR,RG,3410,30,D,YU,PD,D
13:57:13,JSMR,RG,3410,50,D,XA,PD,D
13:57:13,JSMR,RG,3410,1,F,CS,PD,D
13:57:13,JSMR,RG,3410,155,D,BB,PD,D
13:57:13,JSMR,RG,3410,45,F,AK,PD,D
13:57:13,JSMR,RG,3410,24,D,YU,PD,D
13:57:13,JSMR,RG,3410,10,D,BB,PD,D
13:57:13,JSMR,RG,3410,22,F,CS,PD,D
13:57:13,JSMR,RG,3410,10,D,BB,PD,D
13:57:13,JSMR,RG,3410,13,F,BK,PD,D
13:57:13,JSMR,RG,3410,48,D,YU,PD,D
13:57:13,JSMR,RG,3410,7,F,CS,PD,D
13:57:13,JSMR,RG,3410,96,D,YU,PD,D
13:57:13,JSMR,RG,3410,21,D,YU,PD,D
13:57:13,JSMR,RG,3420,38,D,CC,YP,D
13:56:42,JSMR,RG,3410,3,D,YU,YP,D
13:56:38,JSMR,RG,3410,2,D,YU,YP,D
13:56:32,JSMR,RG,3410,5,D,YU,YP,D
13:56:14,JSMR,RG,3410,7,D,YU,KZ,D
13:56:14,JSMR,RG,3410,6,D,YU,KZ,D
13:56:14,JSMR,RG,3410,1,D,CC,KZ,D
13:56:14,JSMR,RG,3410,4,F,CS,KZ,D
13:56:11,JSMR,RG,3410,1,F,CS,YU,D
13:56:09,JSMR,RG,3410,6,F,CS,KZ,D
13:56:09,JSMR,RG,3410,15,F,CS,KZ,D
13:56:09,JSMR,RG,3410,36,D,YU,KZ,D
13:56:09,JSMR,RG,3410,6,D,YU,KZ,D
13:56:00,JSMR,RG,3410,10,D,YU,CC,D
13:56:00,JSMR,RG,3410,82,D,YU,YU,D
13:56:00,JSMR,RG,3410,1,D,BB,YU,D
13:55:51,JSMR,RG,3420,9,D,BB,YP,D
13:55:51,JSMR,RG,3420,41,D,CC,YP,D
13:55:13,JSMR,RG,3410,50,D,BB,CC,D
13:54:57,JSMR,RG,3410,5,D,BB,CC,D
13:54:39,JSMR,RG,3410,10,D,BB,CC,D
13:54:34,JSMR,RG,3410,1,D,BB,XC,D
13:54:29,JSMR,RG,3410,1,D,BB,KK,D
13:54:25,JSMR,RG,3420,42,D,CC,YP,D
13:54:19,JSMR,RG,3410,7,D,BB,KZ,D
13:54:19,JSMR,RG,3410,11,D,BB,KZ,D
13:54:19,JSMR,RG,3410,6,D,BB,KZ,D
13:54:19,JSMR,RG,3410,54,D,BB,KZ,D
13:54:18,JSMR,RG,3410,72,D,BB,DX,D
13:54:18,JSMR,RG,3410,9,F,CS,DX,D
13:54:18,JSMR,RG,3410,57,D,YU,DX,D
13:54:18,JSMR,RG,3410,3,F,CS,DX,D
13:54:18,JSMR,RG,3410,50,D,YP,DX,D
13:54:18,JSMR,RG,3410,222,D,YU,DX,D
13:54:18,JSMR,RG,3410,121,D,YU,DX,D
13:54:18,JSMR,RG,3410,2,D,PD,DX,D
13:54:18,JSMR,RG,3410,71,D,BB,DX,D
13:54:18,JSMR,RG,3410,10,F,CS,DX,D
13:54:18,JSMR,RG,3410,13,F,CS,DX,D
13:54:18,JSMR,RG,3410,6,F,CS,DX,D
13:54:18,JSMR,RG,3410,37,D,YU,DX,D
13:54:18,JSMR,RG,3410,17,D,YU,DX,D
13:54:18,JSMR,RG,3410,6,D,BB,DX,D
13:54:18,JSMR,RG,3410,2,D,EP,DX,D
13:54:18,JSMR,RG,3410,2,D,ZP,DX,D
13:54:00,JSMR,RG,3410,48,D,ZP,YU,D
13:54:00,JSMR,RG,3410,5,F,CS,YU,D
13:54:00,JSMR,RG,3410,18,F,CS,YU,D
13:54:00,JSMR,RG,3410,51,F,BK,YU,D
13:54:00,JSMR,RG,3410,1,F,CS,YU,D
13:53:45,JSMR,RG,3410,8,F,CS,PD,D
13:53:45,JSMR,RG,3410,12,D,YU,PD,D
13:53:03,JSMR,RG,3420,37,D,CC,YP,D
13:53:02,JSMR,RG,3420,77,D,YU,YP,D
13:53:02,JSMR,RG,3420,188,D,BB,YP,D
13:52:21,JSMR,RG,3420,18,F,BK,YP,D
13:52:20,JSMR,RG,3420,249,F,LG,YP,D
13:52:20,JSMR,RG,3420,41,F,LG,SQ,D
13:52:01,JSMR,RG,3420,13,F,BK,SQ,D
13:52:00,JSMR,RG,3410,134,D,YU,YU,D
13:52:00,JSMR,RG,3410,20,D,YU,YP,D
13:51:43,JSMR,RG,3420,38,D,CC,SQ,D
13:51:33,JSMR,RG,3420,32,D,ZP,SQ,D
13:51:32,JSMR,RG,3420,69,D,YU,SQ,D
13:51:32,JSMR,RG,3420,47,D,YU,SQ,D
13:51:31,JSMR,RG,3420,50,D,NI,SQ,D
13:50:47,JSMR,RG,3420,30,D,NI,BK,F
13:50:23,JSMR,RG,3420,40,D,CC,BK,F
13:50:23,JSMR,RG,3420,1,D,CC,YP,D
13:50:23,JSMR,RG,3420,4,D,CC,SQ,D
13:50:23,JSMR,RG,3420,1,D,CC,YP,D
13:49:35,JSMR,RG,3410,5,D,YU,DH,D
13:48:44,JSMR,RG,3420,6,D,CC,YP,D
13:48:18,JSMR,RG,3420,3,D,EP,YP,D
13:48:11,JSMR,RG,3420,10,D,CP,YP,D
13:48:09,JSMR,RG,3420,17,D,YU,CC,F
13:48:08,JSMR,RG,3420,100,D,AG,CC,F
13:48:05,JSMR,RG,3420,20,D,YJ,CC,F
13:48:03,JSMR,RG,3420,22,F,BK,CC,F
13:48:01,JSMR,RG,3420,4,F,CS,CC,F
13:48:01,JSMR,RG,3420,3,F,CS,CC,F
13:48:00,JSMR,RG,3430,25,D,YU,YP,D
13:48:00,JSMR,RG,3430,7,D,YU,XC,D
13:48:00,JSMR,RG,3430,10,D,YU,SQ,D
13:48:00,JSMR,RG,3430,2,D,YU,PD,D
13:48:00,JSMR,RG,3420,45,F,AK,YU,D
13:47:59,JSMR,RG,3420,1,D,YU,XC,D
13:47:59,JSMR,RG,3420,56,D,YU,CC,D
13:47:59,JSMR,RG,3420,100,F,AK,CC,D
13:47:59,JSMR,RG,3420,44,F,AK,YP,D
13:47:59,JSMR,RG,3420,38,F,AK,CC,D
13:47:59,JSMR,RG,3420,64,D,YU,CC,D
13:47:58,JSMR,RG,3420,148,F,AK,CC,D
13:47:58,JSMR,RG,3420,5,F,AK,OD,D
13:47:58,JSMR,RG,3420,1,F,AK,XC,D
13:47:58,JSMR,RG,3420,5,F,AK,KZ,D
13:47:58,JSMR,RG,3420,20,F,AK,OD,D
13:47:58,JSMR,RG,3420,3,F,AK,YP,D
13:47:57,JSMR,RG,3420,22,D,YU,YP,D
13:47:57,JSMR,RG,3420,1,D,YU,NI,D
13:47:57,JSMR,RG,3420,1,D,YU,KZ,D
13:47:57,JSMR,RG,3420,2,D,YU,KZ,D
13:47:57,JSMR,RG,3420,3,D,YU,XC,D
13:47:57,JSMR,RG,3420,1,D,YU,PD,D
13:47:57,JSMR,RG,3420,5,D,YU,PD,D
13:47:57,JSMR,RG,3420,1,D,YU,YP,D
13:47:57,JSMR,RG,3420,2,D,YU,CC,D
13:47:57,JSMR,RG,3420,10,D,YU,SQ,D
13:47:57,JSMR,RG,3420,10,D,YU,XC,D
13:47:56,JSMR,RG,3420,105,D,YU,XC,D
13:47:55,JSMR,RG,3420,23,D,YU,XC,D
13:47:55,JSMR,RG,3420,10,D,YU,YP,D
13:47:55,JSMR,RG,3420,12,D,YU,NI,D
13:47:55,JSMR,RG,3420,2,D,YU,KZ,D
13:47:55,JSMR,RG,3420,2,D,YU,KZ,D
13:47:55,JSMR,RG,3420,1,D,YU,KZ,D
13:47:55,JSMR,RG,3420,25,D,YU,PD,D
13:47:55,JSMR,RG,3420,100,D,YU,CC,D
13:47:55,JSMR,RG,3420,15,D,YU,SQ,D
13:47:53,JSMR,RG,3410,157,F,AK,BK,F
13:47:52,JSMR,RG,3410,3,F,CS,BK,F
13:47:52,JSMR,RG,3410,2,D,CC,BK,F
13:47:52,JSMR,RG,3410,34,D,CC,BK,F
13:47:52,JSMR,RG,3410,8,F,CS,BK,F
13:47:52,JSMR,RG,3420,5,D,YU,SQ,D
13:47:52,JSMR,RG,3420,2,D,YU,NI,D
13:47:52,JSMR,RG,3420,1,D,YU,KZ,D
13:47:52,JSMR,RG,3420,1,D,YU,KZ,D
13:47:52,JSMR,RG,3420,1,D,YU,KZ,D
13:47:52,JSMR,RG,3420,9,D,YU,KZ,D
13:47:52,JSMR,RG,3420,1,D,YU,YP,D
13:47:52,JSMR,RG,3420,1,D,YU,DH,D
13:47:52,JSMR,RG,3420,6,D,YU,CC,D
13:47:52,JSMR,RG,3420,40,D,YU,YP,D
13:47:51,JSMR,RG,3410,1,F,AK,XC,D
13:47:51,JSMR,RG,3410,13,F,AK,SQ,D
13:47:51,JSMR,RG,3410,1,F,AK,YP,D
13:47:51,JSMR,RG,3410,2,F,AK,XL,D
13:47:51,JSMR,RG,3410,1,F,AK,XC,D
13:47:51,JSMR,RG,3410,6,F,AK,KZ,D
13:47:51,JSMR,RG,3410,5,F,AK,DH,D
13:47:51,JSMR,RG,3410,1,F,AK,NI,D
13:47:51,JSMR,RG,3410,3,F,AK,KZ,D
13:47:51,JSMR,RG,3410,1,F,AK,SQ,D
13:47:51,JSMR,RG,3410,1,F,AK,XC,D
13:47:51,JSMR,RG,3410,10,F,AK,YP,D
13:47:51,JSMR,RG,3410,1,F,AK,NI,D
13:47:51,JSMR,RG,3410,308,F,AK,CC,D
13:47:50,JSMR,RG,3410,182,F,AK,CC,D
13:47:49,JSMR,RG,3400,1,D,IF,XC,D
13:47:49,JSMR,RG,3400,22,D,IF,KZ,D
13:47:49,JSMR,RG,3400,13,D,IF,KZ,D
13:47:49,JSMR,RG,3400,12,D,IF,KZ,D
13:47:49,JSMR,RG,3400,110,D,IF,KZ,D
13:47:49,JSMR,RG,3400,10,D,IF,NI,D
13:47:49,JSMR,RG,3400,1,D,IF,IP,D
13:47:49,JSMR,RG,3400,99,D,IF,YP,D
13:47:49,JSMR,RG,3400,15,D,IF,KZ,D
13:47:49,JSMR,RG,3400,8,D,IF,KZ,D
13:47:49,JSMR,RG,3400,9,D,IF,KZ,D
13:47:49,JSMR,RG,3400,72,D,IF,KZ,D
13:47:49,JSMR,RG,3400,200,D,IF,CP,D
13:47:49,JSMR,RG,3400,1,D,IF,NI,D
13:47:49,JSMR,RG,3400,3,D,IF,YP,D
13:47:49,JSMR,RG,3400,11,D,IF,KZ,D
13:47:49,JSMR,RG,3400,7,D,IF,KZ,D
13:47:49,JSMR,RG,3400,6,D,IF,KZ,D
13:47:49,JSMR,RG,3400,51,D,IF,KZ,D
13:47:49,JSMR,RG,3400,17,D,IF,KZ,D
13:47:49,JSMR,RG,3400,10,D,IF,KZ,D
13:47:49,JSMR,RG,3400,10,D,IF,KZ,D
13:47:49,JSMR,RG,3400,88,D,IF,KZ,D
13:47:49,JSMR,RG,3400,52,D,IF,YU,D
13:47:49,JSMR,RG,3400,592,D,IF,OD,D
13:47:49,JSMR,RG,3400,2,D,IF,PD,D
13:47:33,JSMR,RG,3400,3,D,CC,PD,D
13:47:33,JSMR,RG,3400,38,D,CC,YU,D
13:47:00,JSMR,RG,3390,2,D,BB,YU,D
13:47:00,JSMR,RG,3390,42,D,BB,YU,D
13:47:00,JSMR,RG,3390,50,D,YU,YU,D
13:47:00,JSMR,RG,3390,16,D,YU,YU,D
13:46:57,JSMR,RG,3400,9,D,XL,YU,D
13:46:41,JSMR,RG,3400,97,D,BB,YU,D
13:46:11,JSMR,RG,3400,29,D,CC,YU,D
13:46:09,JSMR,RG,3400,1,D,PD,YU,D
13:45:49,JSMR,RG,3390,6,D,CC,YP,D
13:45:49,JSMR,RG,3390,13,D,YU,YP,D
13:45:49,JSMR,RG,3390,28,F,CS,YP,D
13:45:49,JSMR,RG,3390,50,F,AK,YP,D
13:45:49,JSMR,RG,3390,3,D,BB,YP,D
13:45:05,JSMR,RG,3400,10,D,BB,YU,D
13:45:00,JSMR,RG,3390,15,D,YU,YU,D
13:45:00,JSMR,RG,3390,13,D,YU,YU,D
13:45:00,JSMR,RG,3390,8,F,CS,YU,D
13:45:00,JSMR,RG,3390,20,D,YP,YU,D
13:45:00,JSMR,RG,3390,15,F,BK,YU,D
13:45:00,JSMR,RG,3390,15,D,YU,YU,D
13:45:00,JSMR,RG,3390,12,D,YU,YU,D
13:45:00,JSMR,RG,3390,5,F,CS,YU,D
13:44:51,JSMR,RG,3400,27,D,CC,YU,D
13:44:51,JSMR,RG,3400,1,D,CC,XC,D
13:44:51,JSMR,RG,3400,2,D,CC,XC,D
13:44:51,JSMR,RG,3400,6,D,CC,KZ,D
13:43:31,JSMR,RG,3400,17,D,CC,KZ,D
13:43:31,JSMR,RG,3400,21,D,CC,KZ,D
13:43:26,JSMR,RG,3390,4,D,CC,CC,D
13:43:26,JSMR,RG,3390,1,F,CS,CC,D
13:43:00,JSMR,RG,3390,23,F,CS,YU,D
13:43:00,JSMR,RG,3390,43,D,YU,YU,D
13:43:00,JSMR,RG,3390,9,D,BB,YU,D
13:43:00,JSMR,RG,3390,6,F,CS,YU,D
13:43:00,JSMR,RG,3390,1,D,CC,YU,D
13:43:00,JSMR,RG,3390,24,D,YU,YU,D
13:43:00,JSMR,RG,3390,1,D,BB,YU,D
13:43:00,JSMR,RG,3390,17,D,YU,YU,D
13:43:00,JSMR,RG,3390,9,D,YU,YU,D
13:42:07,JSMR,RG,3400,26,D,CC,KZ,D
13:42:07,JSMR,RG,3400,15,D,CC,KZ,D
13:41:12,JSMR,RG,3400,8,D,BB,KZ,D
13:41:00,JSMR,RG,3390,3,D,YU,YU,D
13:41:00,JSMR,RG,3390,15,F,CS,YU,D
13:41:00,JSMR,RG,3390,10,F,CS,YU,D
13:41:00,JSMR,RG,3390,45,D,YU,YU,D
13:41:00,JSMR,RG,3390,9,D,BB,YU,D
13:41:00,JSMR,RG,3390,19,D,YU,YU,D
13:40:45,JSMR,RG,3400,3,D,BB,KZ,D
13:40:45,JSMR,RG,3400,110,D,BB,KZ,D
13:40:45,JSMR,RG,3400,38,D,CC,KZ,D
13:40:19,JSMR,RG,3390,4,D,YU,CC,D
13:40:19,JSMR,RG,3390,1,D,YU,CC,D
13:39:00,JSMR,RG,3390,26,D,YU,YU,D
13:39:00,JSMR,RG,3390,36,D,CC,YU,D
13:39:00,JSMR,RG,3390,1,D,BB,YU,D
13:39:00,JSMR,RG,3390,35,D,YU,YU,D
13:39:00,JSMR,RG,3390,16,F,CS,YU,D
13:39:00,JSMR,RG,3390,1,F,AK,YU,D
13:39:00,JSMR,RG,3390,1,D,CC,YU,D
13:39:00,JSMR,RG,3390,1,F,AK,YU,D
13:39:00,JSMR,RG,3390,3,D,YU,YU,D
13:38:38,JSMR,RG,3400,10,D,YU,KZ,D
13:38:38,JSMR,RG,3390,11,D,YU,YB,D
13:38:38,JSMR,RG,3390,9,D,BB,YB,D
13:38:03,JSMR,RG,3400,1,F,AK,KZ,D
13:38:03,JSMR,RG,3400,38,D,CC,KZ,D
13:37:15,JSMR,RG,3400,4,F,AK,KZ,D
13:37:15,JSMR,RG,3400,9,D,YU,KZ,D
13:37:13,JSMR,RG,3400,22,D,BB,KZ,D
13:37:13,JSMR,RG,3400,5,D,BB,YP,D
13:37:13,JSMR,RG,3400,5,D,BB,PD,D
13:37:13,JSMR,RG,3400,1,D,BB,DR,D
13:37:13,JSMR,RG,3400,5,D,BB,DR,D
13:37:13,JSMR,RG,3400,4,D,BB,DH,D
13:37:13,JSMR,RG,3400,5,D,BB,DH,D
13:37:13,JSMR,RG,3400,3,D,BB,LG,D
13:37:11,JSMR,RG,3380,1,D,ZP,PD,D
13:37:10,JSMR,RG,3400,6,D,BB,LG,D
13:37:00,JSMR,RG,3380,17,D,ZP,YU,D
13:37:00,JSMR,RG,3380,2,D,SQ,YU,D
13:37:00,JSMR,RG,3380,50,D,YP,YU,D
13:37:00,JSMR,RG,3380,5,D,YU,YU,D
13:37:00,JSMR,RG,3380,10,D,YP,YU,D
13:37:00,JSMR,RG,3380,5,D,YP,YU,D
13:36:45,JSMR,RG,3390,1,F,AK,YU,D
13:36:43,JSMR,RG,3390,40,D,CC,YU,D
13:35:00,JSMR,RG,3390,8,F,CS,YU,D
13:35:00,JSMR,RG,3390,9,D,YU,YU,D
13:35:00,JSMR,RG,3390,16,D,YU,YU,D
13:35:00,JSMR,RG,3390,38,D,CC,YU,D
13:35:00,JSMR,RG,3390,24,F,CS,YU,D
13:35:00,JSMR,RG,3390,5,D,CC,YU,D
13:35:00,JSMR,RG,3390,11,D,YU,YU,D
13:35:00,JSMR,RG,3390,20,D,YU,YU,D
13:34:50,JSMR,RG,3390,7,D,BB,DR,D
13:34:20,JSMR,RG,3390,24,D,BB,XC,D
13:34:20,JSMR,RG,3390,1,D,BB,XC,D
13:34:20,JSMR,RG,3390,40,D,YU,XC,D
13:33:49,JSMR,RG,3390,7,D,YU,DR,D
13:33:49,JSMR,RG,3390,21,D,YU,DR,D
13:33:09,JSMR,RG,3390,6,D,YU,YP,D
13:33:09,JSMR,RG,3390,26,D,YU,YP,D
13:33:09,JSMR,RG,3390,68,F,AK,YP,D
13:33:00,JSMR,RG,3390,7,F,AK,YU,D
13:33:00,JSMR,RG,3390,34,D,CC,YU,D
13:33:00,JSMR,RG,3390,31,D,BB,YU,D
13:33:00,JSMR,RG,3390,1,D,BB,YU,D
13:33:00,JSMR,RG,3390,33,F,CS,YU,D
13:33:00,JSMR,RG,3390,7,D,YU,YU,D
13:33:00,JSMR,RG,3390,5,D,YU,YU,D
13:33:00,JSMR,RG,3390,9,D,YU,YU,D
13:32:41,JSMR,RG,3400,39,D,CC,LG,D
13:32:18,JSMR,RG,3400,11,D,YU,LG,D
13:32:18,JSMR,RG,3390,23,D,YU,CC,D
13:32:18,JSMR,RG,3390,5,D,YU,PD,D
13:32:18,JSMR,RG,3390,29,D,YU,PD,D
13:32:18,JSMR,RG,3390,10,D,YP,PD,D
13:32:18,JSMR,RG,3390,15,F,CS,PD,D
13:32:18,JSMR,RG,3390,5,D,PD,PD,D
13:32:18,JSMR,RG,3390,31,D,BB,PD,D
13:32:18,JSMR,RG,3390,37,D,YU,PD,D
13:32:18,JSMR,RG,3390,4,D,YP,PD,D
13:32:18,JSMR,RG,3390,10,D,DR,PD,D
13:32:18,JSMR,RG,3390,10,D,DR,PD,D
13:32:18,JSMR,RG,3390,1,D,KK,PD,D
13:32:18,JSMR,RG,3390,1,D,BB,PD,D
13:32:18,JSMR,RG,3390,3,D,YU,PD,D
13:32:18,JSMR,RG,3390,15,D,CC,PD,D
13:32:18,JSMR,RG,3390,4,D,YU,PD,D
13:32:18,JSMR,RG,3390,9,D,YU,PD,D
13:32:18,JSMR,RG,3390,11,F,CS,PD,D
13:31:56,JSMR,RG,3390,1,F,CS,PD,D
13:31:56,JSMR,RG,3390,1,D,YU,PD,D
13:31:17,JSMR,RG,3400,1,D,CC,LG,D
13:30:21,JSMR,RG,3400,3,D,YU,LG,D
13:30:16,JSMR,RG,3400,3,D,OD,LG,D
13:30:08,JSMR,RG,3400,5,D,YU,LG,D
13:30:08,JSMR,RG,3400,29,D,YU,LG,D
13:30:08,JSMR,RG,3400,6,D,YU,KZ,D
13:30:08,JSMR,RG,3400,2,D,YU,KZ,D
13:30:08,JSMR,RG,3400,2,D,YU,KZ,D
13:30:08,JSMR,RG,3400,2,D,YU,KZ,D
13:30:08,JSMR,RG,3400,1,D,YU,NI,D
13:30:08,JSMR,RG,3400,2,D,YP,DR,D
13:30:05,JSMR,RG,3390,8,D,YU,PD,D
13:30:05,JSMR,RG,3390,2,D,YU,PD,D
13:30:05,JSMR,RG,3390,3,D,YU,PD,D
13:30:03,JSMR,RG,3390,1,D,YU,DR,D
13:30:03,JSMR,RG,3390,3,D,YU,PD,D
13:30:02,JSMR,RG,3400,5,D,PD,DR,D
13:30:02,JSMR,RG,3400,8,D,PD,DR,D
13:30:02,JSMR,RG,3400,5,D,PD,XC,D
13:30:02,JSMR,RG,3400,17,D,PD,YU,D
11:29:55,JSMR,RG,3400,5,D,YU,YU,D
11:29:54,JSMR,RG,3400,21,D,CC,YU,D
11:29:54,JSMR,RG,3400,11,D,CC,YU,D
11:28:38,JSMR,RG,3400,3,D,YU,YU,D
11:28:38,JSMR,RG,3400,21,D,CC,YU,D
11:28:14,JSMR,RG,3390,1,D,CC,XL,D
11:28:00,JSMR,RG,3390,16,D,CC,YU,D
11:28:00,JSMR,RG,3390,20,D,YP,YU,D
11:28:00,JSMR,RG,3390,15,F,BK,YU,D
11:28:00,JSMR,RG,3390,17,D,YU,YU,D
11:28:00,JSMR,RG,3390,17,D,YU,YU,D
11:28:00,JSMR,RG,3390,14,F,CS,YU,D
11:28:00,JSMR,RG,3390,26,F,AK,YU,D
11:27:47,JSMR,RG,3390,1,F,AK,YP,D
11:26:57,JSMR,RG,3390,18,F,AK,YP,D
11:26:57,JSMR,RG,3390,1,D,YP,YP,D
11:26:57,JSMR,RG,3390,13,F,BK,YP,D
11:26:57,JSMR,RG,3390,38,D,CC,YP,D
11:26:57,JSMR,RG,3390,12,D,PD,YP,D
11:26:57,JSMR,RG,3390,3,D,YU,YP,D
11:26:57,JSMR,RG,3390,3,D,YU,YP,D
11:26:07,JSMR,RG,3400,1,D,XL,YU,D
11:25:49,JSMR,RG,3400,8,F,CS,YP,D
11:25:49,JSMR,RG,3400,15,F,BK,YP,D
11:25:49,JSMR,RG,3400,5,D,YU,YP,D
11:25:49,JSMR,RG,3400,5,D,YU,YP,D
11:25:49,JSMR,RG,3400,12,F,CS,YP,D
11:25:49,JSMR,RG,3400,1,D,CC,YP,D
11:25:49,JSMR,RG,3400,4,D,BB,YP,D
11:25:38,JSMR,RG,3400,3,D,BB,KZ,D
11:25:38,JSMR,RG,3400,1,D,BB,KZ,D
11:25:38,JSMR,RG,3400,5,D,YU,KZ,D
11:25:38,JSMR,RG,3400,5,D,YU,KZ,D
11:25:38,JSMR,RG,3400,26,F,BK,KZ,D
11:25:18,JSMR,RG,3400,4,F,BK,KZ,D
11:25:18,JSMR,RG,3400,2,F,CS,KZ,D
11:25:18,JSMR,RG,3400,2,D,YU,KZ,D
11:25:13,JSMR,RG,3400,3,D,YU,KZ,D
11:25:13,JSMR,RG,3400,4,D,YU,KZ,D
11:25:13,JSMR,RG,3400,2,D,YU,KZ,D
11:25:13,JSMR,RG,3400,4,D,CC,KZ,D
11:25:03,JSMR,RG,3400,4,D,CC,KZ,D
11:25:03,JSMR,RG,3400,4,D,CC,KZ,D
11:25:00,JSMR,RG,3400,29,D,CC,YU,D
11:25:00,JSMR,RG,3400,9,D,YU,YU,D
11:25:00,JSMR,RG,3400,10,D,YU,YU,D
11:25:00,JSMR,RG,3400,22,F,CS,YU,D
11:25:00,JSMR,RG,3400,2,D,BB,YU,D
11:25:00,JSMR,RG,3400,2,F,CS,YU,D
11:25:00,JSMR,RG,3400,4,D,YU,YU,D
11:25:00,JSMR,RG,3400,13,D,YU,YU,D
11:25:00,JSMR,RG,3400,24,F,BK,YU,D
11:25:00,JSMR,RG,3400,5,D,YU,YU,D
11:25:00,JSMR,RG,3400,4,D,BB,YU,D
11:25:00,JSMR,RG,3400,1,D,YU,YU,D
11:24:42,JSMR,RG,3410,1,D,BB,CC,D
11:24:30,JSMR,RG,3410,1,D,YU,CC,D
11:24:28,JSMR,RG,3410,8,D,CC,CC,D
11:24:28,JSMR,RG,3410,30,D,CC,KZ,D
11:23:52,JSMR,RG,3410,2,D,BB,KZ,D
11:23:06,JSMR,RG,3410,28,D,CC,KZ,D
11:23:06,JSMR,RG,3410,8,D,CC,KZ,D
11:23:05,JSMR,RG,3410,1,D,BB,KZ,D
11:22:14,JSMR,RG,3410,1,D,BB,KZ,D
11:22:14,JSMR,RG,3410,5,D,BB,EP,D
11:22:00,JSMR,RG,3400,4,D,YU,YU,D
11:22:00,JSMR,RG,3400,15,F,CS,YU,D
11:22:00,JSMR,RG,3400,1,D,KK,YU,D
11:22:00,JSMR,RG,3400,16,F,BK,YU,D
11:22:00,JSMR,RG,3400,20,D,YU,YU,D
11:21:34,JSMR,RG,3410,1,D,XC,YU,D
11:21:29,JSMR,RG,3410,1,D,PD,YU,D
11:21:05,JSMR,RG,3410,25,D,BB,YU,D
11:21:03,JSMR,RG,3410,3,D,BB,YU,D
11:21:00,JSMR,RG,3410,8,F,CS,YU,D
11:21:00,JSMR,RG,3410,10,D,YU,YU,D
11:21:00,JSMR,RG,3410,4,F,CS,YU,D
11:20:59,JSMR,RG,3410,34,D,BB,AK,F
11:20:59,JSMR,RG,3410,8,F,CS,AK,F
11:20:59,JSMR,RG,3410,3,D,YU,AK,F
11:20:58,JSMR,RG,3410,22,D,YU,AK,F
11:20:58,JSMR,RG,3410,7,D,YU,AK,F
11:20:58,JSMR,RG,3410,11,F,CS,AK,F
11:20:58,JSMR,RG,3410,6,D,YU,AK,F
11:20:58,JSMR,RG,3410,4,F,CS,AK,F
11:20:58,JSMR,RG,3410,1,F,CS,YP,D
11:20:57,JSMR,RG,3410,6,D,YU,AK,F
11:20:57,JSMR,RG,3410,39,D,CC,AK,F
11:20:57,JSMR,RG,3410,11,D,YU,AK,F
11:20:57,JSMR,RG,3410,45,D,BB,AK,F
11:20:57,JSMR,RG,3410,10,D,BB,YP,D
11:20:57,JSMR,RG,3410,2,D,NI,YP,D
11:20:57,JSMR,RG,3410,1,D,PD,YP,D
11:20:57,JSMR,RG,3410,8,D,YU,YP,D
11:20:57,JSMR,RG,3410,18,F,CS,YP,D
11:20:57,JSMR,RG,3410,1,D,CC,YP,D
11:20:57,JSMR,RG,3410,10,D,YU,YP,D
11:20:57,JSMR,RG,3410,17,D,YU,YP,D
11:20:57,JSMR,RG,3410,32,F,BK,YP,D
11:20:57,JSMR,RG,3410,1,F,CS,YP,D
11:20:23,JSMR,RG,3410,20,D,CC,TF,D
11:20:16,JSMR,RG,3410,1,D,CC,YP,D
11:20:07,JSMR,RG,3410,3,D,CC,XC,D
11:20:00,JSMR,RG,3410,10,D,CC,PD,D
11:19:22,JSMR,RG,3410,7,D,CC,CC,D
11:19:22,JSMR,RG,3410,3,D,YU,CC,D
11:19:13,JSMR,RG,3410,9,D,YU,LG,D
11:19:13,JSMR,RG,3410,4,D,YU,LG,D
11:19:13,JSMR,RG,3410,15,D,YU,LG,D
11:19:13,JSMR,RG,3410,14,D,YU,LG,D
11:19:13,JSMR,RG,3410,4,D,YU,LG,D
11:19:13,JSMR,RG,3410,2,F,CS,LG,D
11:19:13,JSMR,RG,3410,2,D,YU,LG,D
11:18:54,JSMR,RG,3400,10,D,YU,CC,D
11:18:43,JSMR,RG,3420,20,D,CC,YP,D
11:18:43,JSMR,RG,3420,1,D,CC,YP,D
11:18:43,JSMR,RG,3420,12,D,CC,PD,D
11:18:43,JSMR,RG,3420,20,D,CC,CC,D
11:18:43,JSMR,RG,3420,15,D,CC,CC,D
11:18:43,JSMR,RG,3420,17,D,CC,KK,D
11:18:43,JSMR,RG,3410,15,D,CC,PD,D
11:18:27,JSMR,RG,3410,13,D,BB,CC,F
11:18:25,JSMR,RG,3410,86,D,BB,CC,F
11:18:25,JSMR,RG,3410,1,D,BB,KK,D
11:18:16,JSMR,RG,3410,3,D,YU,AK,F
11:18:16,JSMR,RG,3410,13,F,BK,AK,F
11:18:16,JSMR,RG,3410,3,D,YU,AK,F
11:18:16,JSMR,RG,3410,5,D,YU,AK,F
11:18:16,JSMR,RG,3410,10,D,SQ,AK,F
11:18:16,JSMR,RG,3410,10,D,CC,AK,F
11:18:03,JSMR,RG,3410,1,D,YU,KZ,D
11:18:03,JSMR,RG,3410,4,D,YU,KZ,D
11:18:00,JSMR,RG,3410,20,D,YU,AK,F
11:18:00,JSMR,RG,3410,9,F,CS,AK,F
11:18:00,JSMR,RG,3410,14,F,BK,AK,F
11:18:00,JSMR,RG,3410,3,D,YU,AK,F
11:18:00,JSMR,RG,3410,3,D,YU,AK,F
11:18:00,JSMR,RG,3410,6,D,YU,AK,F
11:17:57,JSMR,RG,3410,1,D,YU,YP,D
11:17:54,JSMR,RG,3410,2,D,YU,CC,D
11:17:51,JSMR,RG,3410,5,D,YU,AK,F
11:17:51,JSMR,RG,3410,35,D,CC,AK,F
11:17:51,JSMR,RG,3410,14,F,BK,AK,F
11:17:51,JSMR,RG,3410,10,D,LG,AK,F
11:17:51,JSMR,RG,3410,3,D,YU,AK,F
11:17:43,JSMR,RG,3410,1,D,YU,KZ,D
11:17:43,JSMR,RG,3410,3,D,YU,KZ,D
11:17:33,JSMR,RG,3410,5,F,CS,KZ,D
11:17:33,JSMR,RG,3410,1,D,YU,KZ,D
11:17:33,JSMR,RG,3410,4,D,YU,KZ,D
11:17:33,JSMR,RG,3410,25,F,BK,KZ,D
11:17:33,JSMR,RG,3410,8,D,YU,AK,F
11:17:33,JSMR,RG,3410,8,D,YU,AK,F
11:17:33,JSMR,RG,3410,8,F,CS,AK,F
11:17:33,JSMR,RG,3410,19,D,YU,AK,F
11:17:32,JSMR,RG,3410,132,D,YU,CC,D
11:17:32,JSMR,RG,3410,1,F,CS,CC,D
11:17:32,JSMR,RG,3410,148,D,YU,CC,D
11:17:32,JSMR,RG,3410,8,D,YU,CC,D
11:17:32,JSMR,RG,3410,3,D,YU,CC,D
11:17:32,JSMR,RG,3410,3,D,YU,CC,D
11:17:32,JSMR,RG,3410,17,D,YU,CC,D
11:17:32,JSMR,RG,3410,2,D,BB,CC,D
11:17:32,JSMR,RG,3410,239,F,BK,CC,D
11:17:32,JSMR,RG,3410,34,D,CC,CC,D
11:17:32,JSMR,RG,3410,4,F,CS,CC,D
11:17:32,JSMR,RG,3410,1,D,CC,CC,D
11:17:32,JSMR,RG,3410,11,F,CS,CC,D
11:17:26,JSMR,RG,3410,2,F,CS,CC,D
11:17:26,JSMR,RG,3410,9,F,CS,CC,D
11:17:16,JSMR,RG,3420,2,D,NI,KK,D
11:16:43,JSMR,RG,3420,23,F,BK,KK,D
11:16:38,JSMR,RG,3420,30,F,BK,KK,D
11:16:35,JSMR,RG,3420,41,D,YU,KK,D
11:16:35,JSMR,RG,3420,7,D,YU,KK,D
11:16:35,JSMR,RG,3420,34,D,YU,CC,D
11:16:32,JSMR,RG,3420,66,F,BK,CC,D
11:16:32,JSMR,RG,3420,5,F,BK,AT,D
11:16:32,JSMR,RG,3420,10,F,BK,GR,D
11:16:32,JSMR,RG,3420,4,F,BK,EP,D
11:16:32,JSMR,RG,3420,13,F,BK,CP,D
11:16:32,JSMR,RG,3420,1,D,BB,CP,D
11:16:32,JSMR,RG,3420,1,D,BB,PD,D
11:16:29,JSMR,RG,3410,1,F,AK,SQ,D
11:16:29,JSMR,RG,3410,5,F,AK,DR,D
11:16:29,JSMR,RG,3410,30,F,AK,YP,D
11:16:29,JSMR,RG,3410,15,F,AK,PD,D
11:16:29,JSMR,RG,3410,2,F,AK,LS,D
11:16:29,JSMR,RG,3410,117,F,AK,LG,D
11:16:29,JSMR,RG,3410,40,D,YU,LG,D
11:16:29,JSMR,RG,3410,26,D,YU,LG,D
11:16:28,JSMR,RG,3410,26,D,YU,LG,D
11:16:28,JSMR,RG,3410,91,F,AK,LG,D
11:16:28,JSMR,RG,3410,1,F,AK,NI,D
11:16:28,JSMR,RG,3410,30,F,AK,CC,D
11:16:28,JSMR,RG,3410,60,F,AK,CC,D
11:16:28,JSMR,RG,3410,40,D,YU,CC,D
11:16:27,JSMR,RG,3410,57,F,BK,CC,D
11:16:27,JSMR,RG,3410,40,D,YU,CC,D
11:16:27,JSMR,RG,3410,50,D,YU,CC,D
11:16:27,JSMR,RG,3410,1,D,YU,XC,D
11:16:27,JSMR,RG,3410,12,D,YU,PC,D
11:16:26,JSMR,RG,3410,63,D,YU,PC,D
11:16:26,JSMR,RG,3410,25,D,YU,PC,D
11:16:26,JSMR,RG,3410,2,D,YU,KZ,D
11:16:26,JSMR,RG,3410,4,D,YU,KZ,D
11:16:26,JSMR,RG,3410,2,D,YU,KZ,D
11:16:26,JSMR,RG,3410,2,D,YU,KZ,D
11:16:26,JSMR,RG,3410,5,D,YU,CC,D
11:16:26,JSMR,RG,3410,2,D,YU,EP,D
11:16:26,JSMR,RG,3410,1,D,YU,KZ,D
11:16:26,JSMR,RG,3410,2,D,YU,KZ,D
11:16:26,JSMR,RG,3410,1,D,YU,KZ,D
11:16:26,JSMR,RG,3410,9,D,YU,KZ,D
11:16:26,JSMR,RG,3410,8,D,YU,NI,D
11:16:24,JSMR,RG,3410,7,D,CC,NI,D
11:16:24,JSMR,RG,3410,15,D,CC,YP,D
11:16:24,JSMR,RG,3410,5,D,CC,YP,D
11:16:24,JSMR,RG,3410,6,D,CC,RG,D
11:16:22,JSMR,RG,3410,4,F,BK,RG,D
11:16:22,JSMR,RG,3410,10,F,BK,CC,D
11:16:22,JSMR,RG,3410,10,F,BK,YP,D
11:16:22,JSMR,RG,3410,58,F,BK,DR,D
11:16:22,JSMR,RG,3410,1,F,BK,YP,D
11:16:22,JSMR,RG,3410,10,F,BK,CC,D
11:16:22,JSMR,RG,3410,2,F,BK,SQ,D
11:16:22,JSMR,RG,3410,1,F,BK,PD,D
11:16:22,JSMR,RG,3410,24,F,BK,HP,D
11:16:20,JSMR,RG,3400,91,F,AK,YU,D
11:16:20,JSMR,RG,3400,3,F,AK,KZ,D
11:16:20,JSMR,RG,3400,3,F,AK,KZ,D
11:16:20,JSMR,RG,3400,28,F,AK,KZ,D
11:16:19,JSMR,RG,3400,6,D,LG,KZ,D
11:16:19,JSMR,RG,3400,1,D,LG,CC,D
11:16:19,JSMR,RG,3400,10,D,LG,DH,D
11:16:19,JSMR,RG,3400,2,D,LG,PD,D
11:16:19,JSMR,RG,3400,33,D,LG,YU,D
11:16:19,JSMR,RG,3400,44,D,LG,YU,D
11:16:19,JSMR,RG,3400,20,D,LG,DR,D
11:16:19,JSMR,RG,3400,50,D,LG,YP,D
11:16:19,JSMR,RG,3400,1,D,LG,CC,D
11:16:19,JSMR,RG,3400,5,D,LG,HP,D
11:16:19,JSMR,RG,3400,1,D,LG,XC,D
11:16:19,JSMR,RG,3400,1,D,LG,YP,D
11:16:19,JSMR,RG,3400,5,D,LG,OD,D
11:16:19,JSMR,RG,3400,100,D,LG,LG,D
11:16:19,JSMR,RG,3400,5,D,LG,YU,D
11:16:19,JSMR,RG,3400,2,D,LG,PD,D
11:16:19,JSMR,RG,3400,3,D,LG,PD,D
11:16:19,JSMR,RG,3400,10,D,LG,CC,D
11:16:19,JSMR,RG,3400,1,D,LG,XC,D
11:16:19,JSMR,RG,3400,30,D,LG,YP,D
11:16:19,JSMR,RG,3400,85,D,LG,XC,D
11:16:19,JSMR,RG,3400,10,D,LG,YP,D
11:16:19,JSMR,RG,3400,1,D,LG,XC,D
11:16:19,JSMR,RG,3400,8,D,LG,XC,D
11:16:19,JSMR,RG,3400,10,D,LG,YJ,D
11:16:19,JSMR,RG,3400,5,D,LG,XC,D
11:16:19,JSMR,RG,3400,1,D,LG,KZ,D
11:16:19,JSMR,RG,3400,1,D,LG,KZ,D
11:16:19,JSMR,RG,3400,6,D,LG,KZ,D
11:16:19,JSMR,RG,3400,2,D,LG,KZ,D
11:16:19,JSMR,RG,3400,8,D,LG,KZ,D
11:16:19,JSMR,RG,3400,5,D,LG,KZ,D
11:16:19,JSMR,RG,3400,51,D,LG,KZ,D
11:16:19,JSMR,RG,3400,4,D,LG,KZ,D
11:16:19,JSMR,RG,3400,6,D,LG,KZ,D
11:16:19,JSMR,RG,3400,3,D,LG,KZ,D
11:16:19,JSMR,RG,3400,32,D,LG,KZ,D
11:16:19,JSMR,RG,3400,2,D,LG,KZ,D
11:16:19,JSMR,RG,3400,2,D,LG,KZ,D
11:16:19,JSMR,RG,3400,18,D,LG,KZ,D
11:16:19,JSMR,RG,3400,2,D,LG,KZ,D
11:16:19,JSMR,RG,3400,2,D,LG,KZ,D
11:16:19,JSMR,RG,3400,2,D,LG,PD,D
11:16:19,JSMR,RG,3400,9,D,LG,XC,D
11:16:19,JSMR,RG,3400,1,D,LG,YP,D
11:16:19,JSMR,RG,3400,4,D,LG,KZ,D
11:16:19,JSMR,RG,3400,2,D,LG,KZ,D
11:16:19,JSMR,RG,3400,29,D,LG,KZ,D
11:16:19,JSMR,RG,3400,3,D,LG,KZ,D
11:16:19,JSMR,RG,3400,2,D,LG,NI,D
11:16:19,JSMR,RG,3400,3,D,LG,KZ,D
11:16:19,JSMR,RG,3400,5,D,LG,KZ,D
11:16:19,JSMR,RG,3400,11,D,LG,KZ,D
11:16:12,JSMR,RG,3400,15,F,BK,KZ,D
11:16:08,JSMR,RG,3400,3,D,YP,KZ,D
11:16:08,JSMR,RG,3400,2,D,YP,YP,D
11:16:08,JSMR,RG,3400,2,D,YP,EP,D
11:16:08,JSMR,RG,3400,2,D,YP,KZ,D
11:16:08,JSMR,RG,3400,5,D,YP,KZ,D
11:15:54,JSMR,RG,3390,10,F,CS,CC,D
11:15:04,JSMR,RG,3400,18,D,YU,KZ,D
11:15:04,JSMR,RG,3400,6,D,YU,KZ,D
11:15:04,JSMR,RG,3400,4,D,YU,KZ,D
11:15:04,JSMR,RG,3400,3,D,YU,KZ,D
11:15:04,JSMR,RG,3400,3,D,YU,KZ,D
11:15:04,JSMR,RG,3400,2,D,YU,KZ,D
11:15:04,JSMR,RG,3400,3,D,YU,KZ,D
11:15:04,JSMR,RG,3400,3,D,YU,KZ,D
11:15:04,JSMR,RG,3400,12,D,YU,KZ,D
11:15:04,JSMR,RG,3400,20,D,CC,KZ,D
11:15:04,JSMR,RG,3400,1,D,CC,YP,D
11:15:04,JSMR,RG,3400,1,D,CC,YP,D
11:15:04,JSMR,RG,3400,11,D,CC,NI,D
11:15:04,JSMR,RG,3400,5,D,CC,CC,D
11:15:03,JSMR,RG,3400,2,D,NI,PD,D
11:14:55,JSMR,RG,3400,4,F,BK,EP,D
11:14:55,JSMR,RG,3400,20,F,BK,PD,D
11:14:50,JSMR,RG,3400,20,D,LG,PD,D
11:14:50,JSMR,RG,3400,2,D,LG,PD,D
11:14:50,JSMR,RG,3400,8,D,LG,YU,D
11:14:35,JSMR,RG,3400,20,D,YP,YU,D
11:14:27,JSMR,RG,3400,14,D,YP,YU,D
11:13:52,JSMR,RG,3400,22,F,BK,YU,D
11:13:47,JSMR,RG,3400,15,D,YU,YU,D
11:13:47,JSMR,RG,3400,15,D,YU,YU,D
11:13:47,JSMR,RG,3400,15,D,YU,YU,D
11:13:46,JSMR,RG,3400,42,D,CC,YU,D
11:13:44,JSMR,RG,3390,2,F,CS,PD,D
11:13:16,JSMR,RG,3400,1,D,CC,YU,D
11:13:06,JSMR,RG,3400,17,F,BK,YU,D
11:13:05,JSMR,RG,3400,19,D,YU,YU,D
11:13:05,JSMR,RG,3400,20,D,YU,YU,D
11:13:05,JSMR,RG,3400,18,D,YU,YU,D
11:13:01,JSMR,RG,3400,15,F,BK,YU,D
11:12:59,JSMR,RG,3390,2,F,AK,XC,D
11:12:59,JSMR,RG,3390,1,F,AK,YP,D
11:12:59,JSMR,RG,3390,2,F,AK,CC,D
11:12:59,JSMR,RG,3390,29,F,AK,YU,D
11:12:59,JSMR,RG,3390,22,F,AK,CC,D
11:12:58,JSMR,RG,3390,28,F,AK,CC,D
11:12:58,JSMR,RG,3390,15,F,AK,NI,D
11:12:58,JSMR,RG,3390,6,F,AK,YU,D
11:12:27,JSMR,RG,3390,14,F,BK,YU,D
11:12:24,JSMR,RG,3390,36,D,CC,YU,D
11:12:16,JSMR,RG,3380,3,D,BB,RO,D
11:11:24,JSMR,RG,3390,15,F,BK,CC,F
11:11:24,JSMR,RG,3390,14,D,YU,CC,F
11:11:24,JSMR,RG,3390,15,D,YU,CC,F
11:11:24,JSMR,RG,3390,14,D,YU,CC,F
11:11:23,JSMR,RG,3390,84,D,BB,CC,F
11:11:04,JSMR,RG,3390,36,D,CC,CC,F
11:10:37,JSMR,RG,3380,8,D,BB,CC,D
11:09:55,JSMR,RG,3390,13,D,YU,CC,F
11:09:54,JSMR,RG,3390,12,D,YU,CC,F
11:09:53,JSMR,RG,3390,13,D,YU,CC,F
11:09:51,JSMR,RG,3390,26,D,YU,CC,F
11:09:50,JSMR,RG,3390,10,D,YU,PD,D
11:09:45,JSMR,RG,3390,17,D,YU,PD,D
11:09:45,JSMR,RG,3390,16,D,YU,PD,D
11:09:45,JSMR,RG,3390,1,D,YU,EP,D
11:09:44,JSMR,RG,3380,32,F,AK,YU,D
11:09:44,JSMR,RG,3380,10,F,AK,KK,D
11:09:44,JSMR,RG,3380,35,F,AK,YU,D
11:09:44,JSMR,RG,3380,6,F,AK,DX,D
11:09:44,JSMR,RG,3380,22,D,YU,DX,D
11:09:44,JSMR,RG,3380,22,D,YU,DX,D
11:09:43,JSMR,RG,3380,134,F,AK,DX,D
11:09:43,JSMR,RG,3380,12,D,YU,DX,D
11:09:43,JSMR,RG,3380,13,D,YU,DX,D
11:09:43,JSMR,RG,3380,13,D,YU,DX,D
11:09:42,JSMR,RG,3380,134,F,AK,DX,D
11:09:42,JSMR,RG,3380,9,D,YU,DX,D
11:09:41,JSMR,RG,3380,134,F,AK,DX,D
11:09:41,JSMR,RG,3380,9,D,YU,DX,D
11:09:41,JSMR,RG,3380,9,D,YU,DX,D
11:09:40,JSMR,RG,3380,38,D,CC,DX,D
11:09:09,JSMR,RG,3380,5,D,BB,DX,D
11:08:19,JSMR,RG,3380,38,D,CC,DX,D
11:08:16,JSMR,RG,3370,1,D,CC,YP,D
11:06:53,JSMR,RG,3360,24,D,YP,YP,D
11:06:53,JSMR,RG,3360,100,D,YP,YP,D
11:06:53,JSMR,RG,3360,50,D,YP,YP,D
11:06:53,JSMR,RG,3360,20,D,YP,YP,D
11:06:53,JSMR,RG,3360,1,D,XC,YP,D
11:06:53,JSMR,RG,3360,5,D,PD,YP,D
11:06:53,JSMR,RG,3360,1,D,NI,YP,D
11:06:53,JSMR,RG,3360,1,D,IF,YP,D
11:06:53,JSMR,RG,3360,1,D,PD,YP,D
11:06:53,JSMR,RG,3360,1,D,DH,YP,D
11:06:53,JSMR,RG,3360,5,D,DR,YP,D
11:06:53,JSMR,RG,3360,1,D,XC,YP,D
11:06:53,JSMR,RG,3360,1,D,PD,YP,D
11:06:53,JSMR,RG,3360,1,D,KK,YP,D
11:06:53,JSMR,RG,3360,5,D,PD,YP,D
11:06:43,JSMR,RG,3380,3,D,DH,DX,D
11:06:19,JSMR,RG,3380,7,D,BB,DX,D
11:06:14,JSMR,RG,3370,1,F,CS,YU,D
11:06:13,JSMR,RG,3370,3,D,YU,YU,D
11:06:12,JSMR,RG,3370,3,D,YU,YP,D
11:06:12,JSMR,RG,3370,3,D,YU,YP,D
11:06:12,JSMR,RG,3370,14,F,BK,YP,D
11:06:12,JSMR,RG,3370,18,D,YU,YP,D
11:06:12,JSMR,RG,3370,17,D,YU,YP,D
11:06:12,JSMR,RG,3370,12,D,YU,YP,D
11:06:12,JSMR,RG,3370,24,F,CS,YP,D
11:06:12,JSMR,RG,3370,27,D,CC,YP,D
11:06:00,JSMR,RG,3370,15,D,CC,YU,D
11:06:00,JSMR,RG,3370,15,F,BK,YU,D
11:06:00,JSMR,RG,3370,3,D,YU,YU,D
11:06:00,JSMR,RG,3370,3,D,YU,YU,D
11:06:00,JSMR,RG,3370,3,D,YU,YU,D
11:06:00,JSMR,RG,3370,7,D,OD,YU,D
11:06:00,JSMR,RG,3370,1,D,KK,YU,D
11:06:00,JSMR,RG,3370,23,D,BB,YU,D
11:06:00,JSMR,RG,3370,1,D,BB,YU,D
11:06:00,JSMR,RG,3370,1,D,XC,YU,D
11:06:00,JSMR,RG,3370,4,D,NI,YU,D
11:05:07,JSMR,RG,3380,5,D,YU,DX,D
11:05:07,JSMR,RG,3380,7,D,YU,DX,D
11:05:07,JSMR,RG,3380,7,D,YU,DX,D
11:05:07,JSMR,RG,3380,7,D,YU,DX,D
11:05:07,JSMR,RG,3380,38,D,CC,DX,D
11:05:07,JSMR,RG,3380,23,F,BK,DX,D
11:05:07,JSMR,RG,3380,12,D,YU,DX,D
11:05:07,JSMR,RG,3380,12,D,YU,DX,D
11:05:07,JSMR,RG,3380,12,D,YU,DX,D
11:05:07,JSMR,RG,3380,75,D,BB,DX,D
11:05:07,JSMR,RG,3380,1,D,CC,DX,D
11:05:07,JSMR,RG,3380,5,D,BB,DX,D
11:05:07,JSMR,RG,3380,6,D,YU,DX,D
11:05:07,JSMR,RG,3380,3,D,YU,DX,D
11:05:07,JSMR,RG,3380,6,D,YU,DX,D
11:05:07,JSMR,RG,3380,30,F,CS,DX,D
11:05:07,JSMR,RG,3380,26,F,BK,DX,D
11:05:07,JSMR,RG,3380,26,D,YU,DX,D
11:05:07,JSMR,RG,3380,22,D,YU,DX,D
11:05:07,JSMR,RG,3380,22,D,YU,DX,D
11:05:07,JSMR,RG,3380,8,D,YU,DX,D
11:05:07,JSMR,RG,3380,8,D,YU,DX,D
11:05:07,JSMR,RG,3380,8,D,YU,DX,D
11:05:07,JSMR,RG,3380,23,D,BB,DX,D
11:04:16,JSMR,RG,3390,5,D,YU,YU,D
11:04:16,JSMR,RG,3390,5,D,YU,YU,D
11:04:16,JSMR,RG,3390,5,D,YU,YU,D
11:04:14,JSMR,RG,3390,16,D,CC,YU,D
11:04:14,JSMR,RG,3390,10,D,CC,CC,D
11:04:14,JSMR,RG,3390,1,D,CC,XC,D
11:04:14,JSMR,RG,3390,1,D,CC,CC,D
11:04:14,JSMR,RG,3390,6,D,CC,CC,D
11:02:56,JSMR,RG,3390,4,D,YU,CC,D
11:02:56,JSMR,RG,3390,1,D,YU,YU,D
11:02:56,JSMR,RG,3390,5,D,YU,YU,D
11:02:56,JSMR,RG,3390,5,D,YU,YU,D
11:02:56,JSMR,RG,3390,23,D,CC,YU,D
11:02:56,JSMR,RG,3390,10,D,CC,CC,D
11:02:12,JSMR,RG,3390,1,D,PD,CC,F
11:01:33,JSMR,RG,3390,5,D,YU,CC,F
11:01:33,JSMR,RG,3390,5,D,YU,CC,F
11:01:33,JSMR,RG,3390,5,D,YU,CC,F
11:01:32,JSMR,RG,3390,28,D,CC,CC,F
11:01:32,JSMR,RG,3390,8,D,CC,YP,D
11:00:51,JSMR,RG,3390,5,D,BB,YP,D
11:00:39,JSMR,RG,3380,4,D,BB,YP,D
11:00:39,JSMR,RG,3380,16,F,CS,YP,D
11:00:06,JSMR,RG,3390,6,D,YU,YP,D
11:00:06,JSMR,RG,3390,6,D,YU,YP,D
11:00:06,JSMR,RG,3390,5,D,YU,YP,D
11:00:05,JSMR,RG,3390,6,D,YU,YP,D
11:00:05,JSMR,RG,3390,6,D,YU,YP,D
11:00:05,JSMR,RG,3390,5,D,YU,YP,D
11:00:03,JSMR,RG,3390,27,D,YU,YP,D
11:00:03,JSMR,RG,3390,5,F,CS,YP,D
11:00:03,JSMR,RG,3390,24,D,CC,YP,D
11:00:03,JSMR,RG,3390,29,D,YU,YP,D
11:00:03,JSMR,RG,3400,5,D,YU,YU,D
11:00:03,JSMR,RG,3400,5,D,YU,YU,D
11:00:02,JSMR,RG,3400,6,D,YU,YU,D
11:00:02,JSMR,RG,3400,7,D,YU,YU,D
11:00:01,JSMR,RG,3400,6,D,YU,YU,D
11:00:01,JSMR,RG,3400,12,D,YU,YU,D
11:00:00,JSMR,RG,3400,11,D,YU,YU,D
11:00:00,JSMR,RG,3400,5,D,YU,YU,D
10:59:59,JSMR,RG,3400,19,D,YU,YU,D
10:59:59,JSMR,RG,3400,19,D,YU,YU,D
10:59:58,JSMR,RG,3400,5,D,YU,YU,D
10:59:57,JSMR,RG,3400,6,D,YU,YU,D
10:59:56,JSMR,RG,3400,12,D,YU,YU,D
10:59:55,JSMR,RG,3400,88,D,YP,YU,D
10:59:55,JSMR,RG,3400,5,D,YU,YU,D
10:59:54,JSMR,RG,3400,82,D,BB,YU,D
10:59:54,JSMR,RG,3400,7,D,YU,YU,D
10:59:53,JSMR,RG,3400,30,D,BB,YU,D
10:59:52,JSMR,RG,3390,6,D,BB,DH,D
10:59:52,JSMR,RG,3390,10,D,YU,DH,D
10:59:52,JSMR,RG,3390,10,D,YU,DH,D
10:59:52,JSMR,RG,3390,10,D,YU,DH,D
10:59:51,JSMR,RG,3390,14,D,PD,DH,D
10:59:51,JSMR,RG,3390,50,D,PD,DH,D
10:59:51,JSMR,RG,3390,10,D,PD,CC,D
10:59:51,JSMR,RG,3390,1,D,PD,KK,D
10:59:51,JSMR,RG,3390,41,D,PD,YU,D
10:59:51,JSMR,RG,3390,2,D,PD,NI,D
10:59:51,JSMR,RG,3390,48,D,PD,YU,D
10:59:51,JSMR,RG,3390,8,D,PD,XC,D
10:59:51,JSMR,RG,3390,25,D,PD,YP,D
10:59:51,JSMR,RG,3390,1,D,PD,YP,D
10:59:48,JSMR,RG,3380,1,D,CC,PD,D
10:59:28,JSMR,RG,3380,9,D,CC,YP,D
10:59:28,JSMR,RG,3380,1,D,CC,YP,D
10:59:06,JSMR,RG,3390,2,D,CC,PD,D
10:59:00,JSMR,RG,3380,21,F,CS,YU,D
10:59:00,JSMR,RG,3380,1,D,BB,YU,D
10:59:00,JSMR,RG,3380,9,D,BB,YU,D
10:59:00,JSMR,RG,3380,3,F,CS,YU,D
10:59:00,JSMR,RG,3380,27,F,AK,YU,D
10:58:47,JSMR,RG,3390,3,D,CC,PD,D
10:58:47,JSMR,RG,3390,33,D,CC,CC,D
10:58:31,JSMR,RG,3380,17,F,AK,DR,D
10:57:27,JSMR,RG,3390,12,D,CC,CC,D
10:57:27,JSMR,RG,3390,10,D,CC,YP,D
10:57:27,JSMR,RG,3390,5,D,CC,CC,D
10:57:27,JSMR,RG,3390,10,D,CC,YU,D
10:57:23,JSMR,RG,3380,2,F,AK,PD,D
10:56:06,JSMR,RG,3380,6,F,AK,YP,D
10:56:06,JSMR,RG,3380,4,D,NI,YP,D
10:56:03,JSMR,RG,3390,35,D,CC,YU,D
10:55:57,JSMR,RG,3380,1,D,NI,KK,D
10:55:57,JSMR,RG,3380,1,D,BB,KK,D
10:55:57,JSMR,RG,3380,1,D,CC,KK,D
10:55:57,JSMR,RG,3380,2,F,CS,KK,D
10:55:28,JSMR,RG,3380,8,F,CS,CC,D
10:55:28,JSMR,RG,3380,3,F,CS,CC,D
10:55:28,JSMR,RG,3380,9,D,BB,CC,D
10:54:43,JSMR,RG,3390,6,D,CC,YU,D
10:54:43,JSMR,RG,3390,25,D,CC,KK,D
10:54:43,JSMR,RG,3390,7,D,CC,PD,D
10:53:56,JSMR,RG,3390,30,D,BB,PD,D
10:53:34,JSMR,RG,3390,2,D,XL,PD,D
10:53:26,JSMR,RG,3390,16,D,CC,PD,D
10:53:26,JSMR,RG,3390,7,D,CC,YU,D
10:53:23,JSMR,RG,3380,15,D,CC,YU,D
10:52:19,JSMR,RG,3380,6,D,BB,YU,D
10:52:00,JSMR,RG,3380,6,F,CS,YU,D
10:52:00,JSMR,RG,3380,1,F,CS,YU,D
10:52:00,JSMR,RG,3380,8,F,CS,YU,D
10:52:00,JSMR,RG,3380,11,F,CS,YU,D
10:52:00,JSMR,RG,3380,13,F,CS,YU,D
10:52:00,JSMR,RG,3380,10,D,CC,YU,D
10:52:00,JSMR,RG,3380,1,D,XC,YU,D
10:52:00,JSMR,RG,3380,3,D,BB,YU,D
10:51:59,JSMR,RG,3390,21,D,CC,YU,D
10:51:59,JSMR,RG,3390,15,D,CC,PD,D
10:51:59,JSMR,RG,3390,1,D,CC,XC,D
10:51:59,JSMR,RG,3390,1,D,CC,PD,D
10:51:59,JSMR,RG,3390,2,D,CC,YP,D
10:51:16,JSMR,RG,3380,1,D,BB,XL,D
10:51:16,JSMR,RG,3380,1,D,CC,XL,D
10:51:16,JSMR,RG,3380,8,F,CS,XL,D
10:51:01,JSMR,RG,3380,3,F,CS,MK,D
10:51:01,JSMR,RG,3380,17,D,GR,MK,D
10:50:38,JSMR,RG,3380,1,D,GR,XC,D
10:50:35,JSMR,RG,3390,3,D,CC,YP,D
10:50:35,JSMR,RG,3390,2,D,CC,SQ,D
10:50:35,JSMR,RG,3390,32,D,CC,SQ,D
10:49:23,JSMR,RG,3380,1,D,GR,YP,D
10:49:13,JSMR,RG,3380,1,D,GR,NI,D
10:49:13,JSMR,RG,3380,1,D,GR,SQ,D
10:49:13,JSMR,RG,3380,9,D,GR,XC,D
10:49:11,JSMR,RG,3380,1,D,CC,XC,D
10:49:11,JSMR,RG,3380,33,D,CC,CC,D
10:49:00,JSMR,RG,3370,3,D,NI,YU,D
10:49:00,JSMR,RG,3370,31,F,CS,YU,D
10:49:00,JSMR,RG,3370,3,D,AT,YU,D
10:49:00,JSMR,RG,3370,1,D,BB,YU,D
10:49:00,JSMR,RG,3370,15,F,BK,YU,D
10:49:00,JSMR,RG,3370,10,D,BB,YU,D
10:49:00,JSMR,RG,3370,3,F,CS,YU,D
10:48:05,JSMR,RG,3380,2,D,CC,CC,D
10:48:02,JSMR,RG,3370,1,F,CS,XC,D
10:47:49,JSMR,RG,3380,32,D,CC,CC,D
10:46:47,JSMR,RG,3380,1,D,KK,CC,D
10:46:28,JSMR,RG,3380,21,D,BB,CC,D
10:46:27,JSMR,RG,3380,38,D,CC,CC,D
10:45:05,JSMR,RG,3380,23,D,CC,CC,D
10:45:05,JSMR,RG,3380,5,D,CC,PD,D
10:45:05,JSMR,RG,3380,9,D,CC,CC,F
10:45:00,JSMR,RG,3370,1,D,CC,YU,D
10:45:00,JSMR,RG,3370,1,D,CC,YU,D
10:45:00,JSMR,RG,3370,22,D,BB,YU,D
10:45:00,JSMR,RG,3370,29,F,CS,YU,D
10:45:00,JSMR,RG,3370,14,F,BK,YU,D
10:45:00,JSMR,RG,3370,1,D,CC,YU,D
10:45:00,JSMR,RG,3370,4,D,NI,YU,D
10:45:00,JSMR,RG,3370,7,D,PD,YU,D
10:44:03,JSMR,RG,3380,6,D,BB,CC,F
10:43:41,JSMR,RG,3380,20,D,CC,CC,F
10:43:41,JSMR,RG,3380,4,D,CC,PD,D
10:43:41,JSMR,RG,3380,10,D,CC,YP,D
10:43:00,JSMR,RG,3370,3,D,PD,YU,D
10:43:00,JSMR,RG,3370,5,D,DR,YU,D
10:43:00,JSMR,RG,3370,1,D,BB,YU,D
10:43:00,JSMR,RG,3370,10,F,CS,YU,D
10:43:00,JSMR,RG,3370,28,D,YU,YU,D
10:43:00,JSMR,RG,3370,20,D,BB,YU,D
10:42:36,JSMR,RG,3380,1,D,LG,YU,D
10:42:21,JSMR,RG,3380,20,D,CC,YU,D
10:42:21,JSMR,RG,3380,15,D,CC,YP,D
10:42:15,JSMR,RG,3370,1,D,BB,PD,D
10:41:00,JSMR,RG,3370,1,D,BB,YU,D
10:41:00,JSMR,RG,3370,10,F,CS,YU,D
10:41:00,JSMR,RG,3370,15,F,BK,YU,D
10:41:00,JSMR,RG,3370,2,D,BB,YU,D
10:41:00,JSMR,RG,3370,9,D,CC,YU,D
10:41:00,JSMR,RG,3370,18,D,YU,YU,D
10:40:59,JSMR,RG,3380,39,D,CC,YU,D
10:40:56,JSMR,RG,3370,10,D,YU,DR,D
10:39:38,JSMR,RG,3380,5,F,CS,YP,D
10:39:38,JSMR,RG,3380,13,F,CS,YP,D
10:39:38,JSMR,RG,3380,32,D,CC,YP,D
10:39:27,JSMR,RG,3380,3,D,CC,KK,D
10:39:27,JSMR,RG,3380,1,D,PD,KK,D
10:38:26,JSMR,RG,3380,2,D,CC,AK,F
10:38:26,JSMR,RG,3380,13,F,BK,AK,F
10:38:24,JSMR,RG,3380,10,F,CS,AK,F
10:38:24,JSMR,RG,3380,56,D,BB,AK,F
10:38:23,JSMR,RG,3380,10,D,BB,AK,F
10:38:23,JSMR,RG,3380,2,D,BB,AK,F
10:38:23,JSMR,RG,3380,1,D,CC,AK,F
10:38:23,JSMR,RG,3380,15,F,BK,AK,F
10:38:23,JSMR,RG,3380,67,F,AK,AK,F
10:38:23,JSMR,RG,3380,5,F,CS,AK,F
10:38:22,JSMR,RG,3380,3,F,CS,CC,F
10:38:19,JSMR,RG,3390,42,D,CC,SQ,D
10:38:05,JSMR,RG,3390,1,D,BB,SQ,D
10:37:57,JSMR,RG,3380,1,F,CS,PD,D
10:37:40,JSMR,RG,3380,4,F,CS,PD,D
10:37:40,JSMR,RG,3380,1,F,CS,PD,D
10:37:10,JSMR,RG,3390,1,D,BB,SQ,D
10:36:57,JSMR,RG,3390,24,D,CC,SQ,D
10:36:55,JSMR,RG,3380,12,D,CC,YU,D
10:36:36,JSMR,RG,3380,32,D,CC,YU,D
10:36:36,JSMR,RG,3380,18,D,CC,CC,D
10:36:21,JSMR,RG,3380,1,D,BB,CC,D
10:36:20,JSMR,RG,3380,1,D,YP,CC,D
10:35:36,JSMR,RG,3380,1,D,BB,XC,D
10:35:31,JSMR,RG,3380,35,D,CC,YU,D
10:34:52,JSMR,RG,3380,1,D,YP,YU,D
10:34:43,JSMR,RG,3380,1,D,BB,YU,D
10:34:07,JSMR,RG,3380,9,D,CC,YU,D
10:34:07,JSMR,RG,3380,20,D,CC,CC,D
10:34:07,JSMR,RG,3380,1,D,CC,XC,D
10:34:07,JSMR,RG,3380,7,D,CC,YU,D
10:33:50,JSMR,RG,3380,1,D,BB,YU,D
10:33:38,JSMR,RG,3370,1,D,CC,CC,D
10:33:08,JSMR,RG,3380,20,D,YP,YU,D
10:33:00,JSMR,RG,3380,1,D,BB,YU,D
10:32:45,JSMR,RG,3380,26,D,CC,YU,D
10:32:45,JSMR,RG,3380,12,D,CC,YU,D
10:32:14,JSMR,RG,3380,1,D,BB,YU,D
10:31:23,JSMR,RG,3390,2,D,BB,DH,D
10:31:21,JSMR,RG,3390,1,D,CC,DH,D
10:31:21,JSMR,RG,3390,20,D,CC,YP,D
10:31:19,JSMR,RG,3380,6,D,CC,YP,D
10:31:19,JSMR,RG,3380,12,D,CC,CC,D
10:30:14,JSMR,RG,3370,54,F,AK,YU,D
10:30:14,JSMR,RG,3370,25,F,AK,YU,D
10:30:14,JSMR,RG,3370,13,F,CS,YU,D
10:30:14,JSMR,RG,3370,13,F,CS,YU,D
10:30:14,JSMR,RG,3370,12,F,CS,YU,D
10:30:14,JSMR,RG,3370,2,F,CS,YU,D
10:30:13,JSMR,RG,3370,3,F,CS,YU,D
10:30:13,JSMR,RG,3370,5,F,CS,YU,D
10:30:13,JSMR,RG,3370,2,D,BB,YU,D
10:30:13,JSMR,RG,3370,27,F,CS,YU,D
10:30:13,JSMR,RG,3370,2,D,BB,YU,D
10:30:13,JSMR,RG,3370,21,F,CS,YU,D
10:30:13,JSMR,RG,3370,67,D,BB,YU,D
10:30:00,JSMR,RG,3370,38,D,BB,YU,D
10:30:00,JSMR,RG,3370,1,D,PD,YU,D
10:30:00,JSMR,RG,3370,3,D,XC,YU,D
10:30:00,JSMR,RG,3370,3,D,PD,YU,D
10:30:00,JSMR,RG,3370,25,D,YP,YU,D
10:30:00,JSMR,RG,3370,5,D,CC,YU,D
10:30:00,JSMR,RG,3370,1,D,SQ,YU,D
10:30:00,JSMR,RG,3370,1,D,XC,YU,D
10:30:00,JSMR,RG,3370,2,D,BB,YU,D
10:30:00,JSMR,RG,3370,10,D,NI,YU,D
10:30:00,JSMR,RG,3370,2,D,PD,YU,D
10:30:00,JSMR,RG,3370,12,D,YP,YU,D
10:29:47,JSMR,RG,3370,30,D,YP,GR,D
10:29:47,JSMR,RG,3370,50,D,YP,GR,D
10:29:47,JSMR,RG,3370,27,D,YU,GR,D
10:29:47,JSMR,RG,3370,46,D,YP,GR,D
10:28:40,JSMR,RG,3390,5,D,BB,YU,D
10:28:30,JSMR,RG,3380,14,F,CS,AK,F
10:28:30,JSMR,RG,3380,1,D,YU,AK,F
10:28:30,JSMR,RG,3380,12,F,CS,AK,F
10:28:30,JSMR,RG,3380,161,D,BB,AK,F
10:28:30,JSMR,RG,3380,18,D,YU,AK,F
10:28:29,JSMR,RG,3380,9,D,YU,YU,D
10:28:29,JSMR,RG,3380,5,D,AI,YU,D
10:28:29,JSMR,RG,3380,3,D,XC,YU,D
10:28:29,JSMR,RG,3380,100,D,SQ,YU,D
10:28:29,JSMR,RG,3380,2,D,PD,YU,D
10:28:29,JSMR,RG,3380,20,F,CS,YU,D
10:28:29,JSMR,RG,3380,40,D,CC,YU,D
10:28:29,JSMR,RG,3380,11,F,CS,YU,D
10:28:29,JSMR,RG,3380,3,F,CS,YU,D
10:28:29,JSMR,RG,3380,6,F,CS,YU,D
10:28:29,JSMR,RG,3380,14,F,CS,YU,D
10:28:29,JSMR,RG,3380,1,F,CS,YU,D
10:28:29,JSMR,RG,3380,28,D,YU,YU,D
10:28:29,JSMR,RG,3380,15,D,DH,YU,D
10:28:29,JSMR,RG,3380,2,D,YP,YU,D
10:28:29,JSMR,RG,3380,5,F,CS,YU,D
10:28:29,JSMR,RG,3380,2,F,CS,YU,D
10:28:29,JSMR,RG,3380,8,F,CS,YU,D
10:28:29,JSMR,RG,3380,6,F,CS,YU,D
10:28:29,JSMR,RG,3380,2,F,CS,YU,D
10:28:29,JSMR,RG,3380,74,D,BB,YU,D
10:28:29,JSMR,RG,3380,1,D,BB,YU,D
10:28:29,JSMR,RG,3380,93,D,YP,YU,D
10:27:00,JSMR,RG,3380,79,D,YP,YU,D
10:26:00,JSMR,RG,3390,3,D,YP,YU,D
10:24:21,JSMR,RG,3390,5,D,BB,YU,D
10:24:00,JSMR,RG,3380,78,D,YP,YU,D
10:24:00,JSMR,RG,3380,15,F,CS,YU,D
10:24:00,JSMR,RG,3380,1,D,BB,YU,D
10:23:24,JSMR,RG,3380,4,D,BB,CC,D
10:21:43,JSMR,RG,3380,20,D,BB,CC,D
10:21:22,JSMR,RG,3390,2,D,BB,LS,D
10:21:22,JSMR,RG,3390,60,D,BB,XC,D
10:20:08,JSMR,RG,3390,4,D,BB,XC,D
10:20:08,JSMR,RG,3390,2,D,BB,YU,D
10:19:00,JSMR,RG,3380,27,D,BB,YU,D
10:19:00,JSMR,RG,3380,6,F,CS,YU,D
10:19:00,JSMR,RG,3380,29,D,CC,YU,D
10:19:00,JSMR,RG,3390,30,F,CS,YU,D
10:19:00,JSMR,RG,3390,2,F,CS,CC,D
10:19:00,JSMR,RG,3390,3,F,CS,YP,D
10:19:00,JSMR,RG,3390,10,F,CS,PD,D
10:19:00,JSMR,RG,3390,1,F,CS,PD,D
10:19:00,JSMR,RG,3390,1,F,CS,YP,D
10:19:00,JSMR,RG,3390,6,F,CS,CC,D
10:16:43,JSMR,RG,3380,6,D,CC,SQ,D
10:16:27,JSMR,RG,3390,4,D,BB,CC,D
10:16:27,JSMR,RG,3390,10,D,BB,CC,D
10:16:27,JSMR,RG,3390,46,D,BB,YU,D
10:16:27,JSMR,RG,3390,32,D,BB,NI,D
10:15:51,JSMR,RG,3390,11,D,BB,NI,D
10:13:00,JSMR,RG,3380,15,D,CC,YU,D
10:13:00,JSMR,RG,3380,1,D,BB,YU,D
10:13:00,JSMR,RG,3380,49,F,AK,YU,D
10:13:00,JSMR,RG,3380,2,F,AK,YU,D
10:13:00,JSMR,RG,3380,1,F,AK,YU,D
10:11:40,JSMR,RG,3390,4,F,AK,NI,D
10:11:39,JSMR,RG,3390,4,D,BB,NI,D
10:11:31,JSMR,RG,3380,15,F,AK,OD,D
10:11:31,JSMR,RG,3380,10,F,AK,YU,D
10:11:22,JSMR,RG,3380,24,D,BB,YU,D
10:11:22,JSMR,RG,3380,70,D,BB,CC,D
10:10:48,JSMR,RG,3380,60,D,CC,CC,D
10:10:48,JSMR,RG,3380,40,D,CC,CC,D
10:10:00,JSMR,RG,3370,54,D,YP,YU,D
10:10:00,JSMR,RG,3370,6,F,CS,YU,D
10:10:00,JSMR,RG,3370,4,F,CS,YU,D
10:09:50,JSMR,RG,3380,6,D,CC,YU,D
10:09:04,JSMR,RG,3380,2,D,YP,YU,D
10:09:02,JSMR,RG,3380,13,F,CS,YU,D
10:08:53,JSMR,RG,3380,5,D,CC,YU,D
10:08:15,JSMR,RG,3380,1,D,DR,YU,D
10:07:16,JSMR,RG,3380,2,F,CS,YP,D
10:07:15,JSMR,RG,3380,1,D,CC,YP,D
10:06:15,JSMR,RG,3390,49,D,BB,NI,D
10:06:15,JSMR,RG,3390,24,D,BB,YU,D
10:06:14,JSMR,RG,3380,6,D,BB,OD,D
10:06:14,JSMR,RG,3380,2,D,BB,LS,D
10:06:14,JSMR,RG,3380,8,D,BB,CC,D
10:06:08,JSMR,RG,3380,4,D,PD,CC,D
10:05:32,JSMR,RG,3380,1,D,SQ,CC,D
10:05:30,JSMR,RG,3380,3,D,CC,CC,D
10:05:07,JSMR,RG,3380,1,F,CS,CC,D
10:05:07,JSMR,RG,3380,1,F,CS,CC,D
10:05:07,JSMR,RG,3380,1,F,AK,CC,D
10:05:07,JSMR,RG,3380,1,F,CS,CC,D
10:04:43,JSMR,RG,3380,1,F,CS,CC,D
10:04:43,JSMR,RG,3380,21,D,YU,CC,D
10:04:24,JSMR,RG,3380,4,D,YU,DH,D
10:04:09,JSMR,RG,3380,3,D,YU,XC,D
10:04:09,JSMR,RG,3380,2,F,CS,XC,D
10:04:09,JSMR,RG,3380,1,F,CS,XC,D
10:04:09,JSMR,RG,3380,1,F,AK,XC,D
10:04:09,JSMR,RG,3380,3,F,AK,XC,D
10:04:04,JSMR,RG,3380,1,D,XC,XC,D
10:03:00,JSMR,RG,3370,6,F,CS,YU,D
10:03:00,JSMR,RG,3370,3,F,CS,YU,D
10:03:00,JSMR,RG,3370,10,D,YP,YU,D
10:03:00,JSMR,RG,3370,1,D,BB,YU,D
10:03:00,JSMR,RG,3370,1,D,XC,YU,D
10:03:00,JSMR,RG,3370,25,D,AZ,YU,D
10:03:00,JSMR,RG,3370,3,F,CS,YU,D
10:03:00,JSMR,RG,3370,4,D,BB,YU,D
10:03:00,JSMR,RG,3370,3,F,CS,YU,D
10:03:00,JSMR,RG,3370,4,D,DH,YU,D
10:02:34,JSMR,RG,3380,1,D,CC,YU,D
10:02:21,JSMR,RG,3370,1,D,DH,PD,D
10:02:17,JSMR,RG,3380,5,D,BB,YU,D
10:02:11,JSMR,RG,3380,3,D,CC,PD,D
10:02:02,JSMR,RG,3380,2,D,CC,PD,D
10:02:00,JSMR,RG,3380,1,D,AT,CC,D
10:01:54,JSMR,RG,3380,1,D,CC,CC,D
10:01:39,JSMR,RG,3380,5,D,CC,CC,D
10:01:32,JSMR,RG,3380,6,D,CC,CC,D
10:01:20,JSMR,RG,3380,2,D,PD,CC,D
10:01:19,JSMR,RG,3390,7,D,BB,YU,D
10:01:19,JSMR,RG,3390,2,D,BB,XC,D
10:01:19,JSMR,RG,3390,40,D,BB,PD,D
10:01:19,JSMR,RG,3390,17,D,BB,XL,D
10:01:15,JSMR,RG,3380,17,D,BB,AK,F
10:01:15,JSMR,RG,3380,3,F,CS,AK,F
10:01:15,JSMR,RG,3380,3,F,CS,AK,F
10:01:15,JSMR,RG,3380,1,F,CS,AK,F
10:01:15,JSMR,RG,3380,3,D,BB,AK,F
10:01:15,JSMR,RG,3380,22,F,CS,AK,F
10:01:15,JSMR,RG,3380,3,D,YP,AK,F
10:01:15,JSMR,RG,3380,48,D,PD,AK,F
10:01:00,JSMR,RG,3380,2,D,PD,YU,D
10:01:00,JSMR,RG,3380,5,F,CS,YU,D
10:01:00,JSMR,RG,3380,3,F,CS,YU,D
10:01:00,JSMR,RG,3380,9,D,YP,YU,D
10:01:00,JSMR,RG,3380,1,F,CS,YU,D
10:01:00,JSMR,RG,3380,19,D,AT,YU,D
10:01:00,JSMR,RG,3380,5,D,YP,YU,D
10:01:00,JSMR,RG,3380,12,D,BB,YU,D
10:01:00,JSMR,RG,3380,9,F,CS,YU,D
10:01:00,JSMR,RG,3380,25,D,YU,YU,D
10:00:04,JSMR,RG,3380,1,D,YU,XC,D
9:59:59,JSMR,RG,3390,8,D,EP,XL,D
9:59:59,JSMR,RG,3390,5,D,EP,YP,D
9:59:59,JSMR,RG,3390,1,D,EP,XC,D
9:59:59,JSMR,RG,3390,20,D,EP,YP,D
9:59:59,JSMR,RG,3390,1,D,EP,PD,D
9:59:59,JSMR,RG,3390,10,D,EP,YP,D
9:59:59,JSMR,RG,3390,5,D,EP,DR,D
9:59:36,JSMR,RG,3380,1,D,YU,PD,D
9:59:36,JSMR,RG,3380,19,D,YU,PD,D
9:59:29,JSMR,RG,3390,18,D,IF,DR,D
9:59:29,JSMR,RG,3390,1,D,IF,XC,D
9:59:29,JSMR,RG,3390,3,D,IF,XC,D
9:59:29,JSMR,RG,3390,10,D,IF,PD,D
9:59:29,JSMR,RG,3390,1,D,IF,YP,D
9:59:29,JSMR,RG,3390,10,D,IF,CC,D
9:59:29,JSMR,RG,3390,3,D,IF,NI,D
9:59:29,JSMR,RG,3390,1,D,IF,DH,D
9:59:29,JSMR,RG,3390,3,D,IF,SQ,D
9:59:28,JSMR,RG,3390,1,D,NI,SQ,D
9:58:02,JSMR,RG,3380,1,D,YU,XC,D
9:57:21,JSMR,RG,3390,1,D,CC,SQ,D
9:57:20,JSMR,RG,3390,2,D,BB,SQ,D
9:57:20,JSMR,RG,3390,1,D,BB,YP,D
9:57:20,JSMR,RG,3390,5,D,BB,PD,D
9:56:29,JSMR,RG,3380,10,D,YU,CC,D
9:56:28,JSMR,RG,3380,1,F,CS,YU,D
9:56:18,JSMR,RG,3380,1,F,CS,YU,D
9:56:17,JSMR,RG,3380,4,D,YP,YU,D
9:56:03,JSMR,RG,3380,9,F,CS,YU,D
9:56:03,JSMR,RG,3380,16,D,BB,YU,D
9:56:03,JSMR,RG,3380,40,D,BB,YU,D
9:56:03,JSMR,RG,3380,38,D,BB,YU,D
9:54:48,JSMR,RG,3380,25,F,CS,YU,D
9:54:48,JSMR,RG,3380,1,F,CS,CC,D
9:54:48,JSMR,RG,3380,2,F,CS,CC,D
9:54:48,JSMR,RG,3380,1,F,CS,LG,D
9:54:48,JSMR,RG,3380,1,F,CS,BQ,D
9:54:48,JSMR,RG,3380,2,F,CS,XC,D
9:54:48,JSMR,RG,3380,5,F,CS,CC,D
9:54:48,JSMR,RG,3380,12,F,CS,YU,D
9:54:10,JSMR,RG,3370,4,D,DH,YP,D
9:53:50,JSMR,RG,3370,1,D,DH,XC,D
9:53:06,JSMR,RG,3380,1,D,XC,YU,D
9:52:30,JSMR,RG,3380,1,D,YP,YU,D
9:52:24,JSMR,RG,3380,5,D,CC,YU,D
9:51:37,JSMR,RG,3380,7,D,BB,YU,D
9:50:53,JSMR,RG,3380,48,D,BB,YU,D
9:50:53,JSMR,RG,3380,45,D,BB,AK,D
9:49:49,JSMR,RG,3370,1,F,CS,XC,D
9:49:10,JSMR,RG,3370,1,F,CS,OD,D
9:48:55,JSMR,RG,3370,3,F,CS,CC,D
9:48:49,JSMR,RG,3370,36,D,CC,YU,D
9:48:49,JSMR,RG,3370,38,D,CC,YU,D
9:48:49,JSMR,RG,3370,4,D,CC,HP,D
9:48:18,JSMR,RG,3370,2,D,PD,HP,D
9:47:00,JSMR,RG,3370,4,F,CS,HP,D
9:46:27,JSMR,RG,3360,2,D,BB,DR,D
9:46:26,JSMR,RG,3370,11,F,CS,YU,D
9:46:26,JSMR,RG,3370,20,D,YB,YU,D
9:46:03,JSMR,RG,3370,10,D,YB,YU,D
9:45:58,JSMR,RG,3370,14,D,BB,YU,D
9:45:41,JSMR,RG,3370,7,D,CP,YU,D
9:45:39,JSMR,RG,3370,1,D,BB,YU,D
9:45:39,JSMR,RG,3370,5,D,BB,CC,D
9:45:39,JSMR,RG,3370,10,D,BB,YU,D
9:45:29,JSMR,RG,3370,1,D,XC,YU,D
9:45:12,JSMR,RG,3370,1,D,KK,YU,D
9:44:56,JSMR,RG,3370,7,F,CS,YU,D
9:44:00,JSMR,RG,3370,13,F,CS,YU,D
9:44:00,JSMR,RG,3360,78,D,BB,YU,D
9:44:00,JSMR,RG,3360,1,D,XC,YU,D
9:44:00,JSMR,RG,3360,37,D,CC,YU,D
9:42:42,JSMR,RG,3360,13,D,CC,YP,D
9:42:42,JSMR,RG,3360,20,D,YP,YP,D
9:42:42,JSMR,RG,3360,17,D,YP,YP,D
9:42:03,JSMR,RG,3370,12,F,CS,YU,D
9:41:49,JSMR,RG,3370,2,D,XC,YU,D
9:41:45,JSMR,RG,3370,1,D,LG,YU,D
9:40:27,JSMR,RG,3380,55,D,BB,AK,D
9:40:27,JSMR,RG,3380,45,D,BB,NI,D
9:40:27,JSMR,RG,3380,50,D,BB,YU,D
9:40:27,JSMR,RG,3380,10,D,BB,YP,D
9:40:27,JSMR,RG,3380,49,D,BB,DR,D
9:40:22,JSMR,RG,3380,20,D,BB,DR,D
9:40:00,JSMR,RG,3370,6,F,CS,YU,D
9:40:00,JSMR,RG,3370,1,F,CS,YU,D
9:40:00,JSMR,RG,3370,2,D,XC,YU,D
9:40:00,JSMR,RG,3370,28,D,YU,YU,D
9:40:00,JSMR,RG,3370,25,D,BB,YU,D
9:40:00,JSMR,RG,3370,18,F,CS,YU,D
9:40:00,JSMR,RG,3370,1,D,BB,YU,D
9:40:00,JSMR,RG,3370,5,D,YP,YU,D
9:39:26,JSMR,RG,3370,25,D,YP,CC,D
9:38:44,JSMR,RG,3370,1,D,YP,OD,D
9:38:36,JSMR,RG,3370,2,D,YP,CC,D
9:38:36,JSMR,RG,3370,3,F,CS,CC,D
9:38:36,JSMR,RG,3370,5,D,PD,CC,D
9:38:36,JSMR,RG,3370,1,D,XC,CC,D
9:38:36,JSMR,RG,3370,1,D,GR,CC,D
9:38:36,JSMR,RG,3370,1,D,BB,CC,D
9:38:36,JSMR,RG,3370,2,D,AZ,CC,D
9:38:25,JSMR,RG,3370,5,D,AZ,YP,D
9:38:17,JSMR,RG,3370,10,D,AZ,CC,D
9:38:15,JSMR,RG,3370,33,D,AZ,CC,D
9:38:15,JSMR,RG,3370,2,D,XL,CC,D
9:38:15,JSMR,RG,3370,2,D,BB,CC,D
9:38:15,JSMR,RG,3370,18,F,CS,CC,D
9:38:15,JSMR,RG,3370,45,F,AK,CC,D
9:36:14,JSMR,RG,3370,25,F,AK,YP,D
9:36:14,JSMR,RG,3370,1,D,EP,YP,D
9:36:14,JSMR,RG,3370,20,D,PD,YP,D
9:36:14,JSMR,RG,3370,1,D,BB,YP,D
9:36:14,JSMR,RG,3370,1,F,CS,YP,D
9:36:14,JSMR,RG,3370,2,D,PD,YP,D
9:36:09,JSMR,RG,3380,2,D,PD,DR,D
9:35:47,JSMR,RG,3380,3,D,XC,DR,D
9:34:37,JSMR,RG,3380,32,D,BB,DR,D
9:33:52,JSMR,RG,3370,30,F,AK,YP,D
9:33:52,JSMR,RG,3370,54,F,AK,YU,D
9:33:25,JSMR,RG,3370,13,F,CS,SQ,D
9:33:25,JSMR,RG,3370,8,F,CS,CC,D
9:33:24,JSMR,RG,3370,57,D,DH,CC,D
9:33:24,JSMR,RG,3370,36,D,DH,YU,D
9:33:24,JSMR,RG,3370,35,D,DH,YU,D
9:33:24,JSMR,RG,3370,1,D,DH,PD,D
9:33:24,JSMR,RG,3370,1,D,DH,XC,D
9:33:24,JSMR,RG,3370,70,D,DH,YP,D
9:33:16,JSMR,RG,3360,33,D,YP,CC,D
9:33:16,JSMR,RG,3360,1,D,YP,CC,D
9:33:16,JSMR,RG,3360,2,D,DR,CC,D
9:33:16,JSMR,RG,3360,5,D,NI,CC,D
9:33:16,JSMR,RG,3360,1,D,PD,CC,D
9:33:16,JSMR,RG,3360,2,D,YP,CC,D
9:33:16,JSMR,RG,3360,10,D,KK,CC,D
9:33:16,JSMR,RG,3360,1,D,PD,CC,D
9:33:16,JSMR,RG,3360,2,D,XL,CC,D
9:33:16,JSMR,RG,3360,43,D,YP,CC,D
9:32:55,JSMR,RG,3360,1,D,YP,XC,D
9:32:13,JSMR,RG,3360,6,D,YP,OD,D
9:32:13,JSMR,RG,3360,4,D,CC,OD,D
9:32:00,JSMR,RG,3360,6,D,CC,YU,D
9:32:00,JSMR,RG,3360,2,D,DH,YU,D
9:32:00,JSMR,RG,3360,1,D,DH,YU,D
9:32:00,JSMR,RG,3360,2,D,PD,YU,D
9:32:00,JSMR,RG,3360,1,D,BB,YU,D
9:32:00,JSMR,RG,3360,75,D,IF,YU,D
9:31:53,JSMR,RG,3360,100,D,IF,KK,D
9:31:18,JSMR,RG,3370,5,D,YP,YP,D
9:30:40,JSMR,RG,3370,4,D,PD,YP,D
9:30:37,JSMR,RG,3370,50,D,AZ,YP,D
9:30:36,JSMR,RG,3370,2,D,NI,YP,D
9:30:16,JSMR,RG,3370,2,D,XC,YP,D
9:30:16,JSMR,RG,3370,1,D,LG,YP,D
9:30:06,JSMR,RG,3370,1,D,PD,YP,D
9:29:52,JSMR,RG,3370,1,D,PD,YP,D
9:29:38,JSMR,RG,3370,3,D,CC,YP,D
9:29:23,JSMR,RG,3370,1,D,PD,YP,D
9:29:18,JSMR,RG,3370,5,D,CC,YP,D
9:29:00,JSMR,RG,3370,16,D,XL,YP,D
9:28:52,JSMR,RG,3370,1,D,EP,YP,D
9:28:38,JSMR,RG,3370,8,D,YP,YP,D
9:28:26,JSMR,RG,3360,11,D,IF,PD,D
9:28:25,JSMR,RG,3360,1,D,IF,CC,D
9:27:14,JSMR,RG,3370,100,D,IF,YP,D
9:27:08,JSMR,RG,3370,30,D,PD,YP,D
9:27:08,JSMR,RG,3370,1,D,PD,CC,D
9:27:08,JSMR,RG,3370,49,D,PD,SF,F
9:27:08,JSMR,RG,3370,28,D,PD,YU,D
9:27:08,JSMR,RG,3370,42,D,PD,YU,D
9:27:00,JSMR,RG,3360,73,D,IF,YU,D
9:26:54,JSMR,RG,3360,2,D,IF,PD,D
9:26:42,JSMR,RG,3370,3,D,LG,YU,D
9:26:23,JSMR,RG,3370,3,D,DR,YU,D
9:25:19,JSMR,RG,3370,1,D,XC,YU,D
9:25:08,JSMR,RG,3360,38,D,IF,DH,D
9:25:08,JSMR,RG,3360,62,D,IF,DH,D
9:24:44,JSMR,RG,3360,1,D,IF,CC,D
9:24:26,JSMR,RG,3360,42,D,IF,EP,D
9:24:18,JSMR,RG,3360,100,D,IF,YP,D
9:24:00,JSMR,RG,3360,33,D,IF,YU,D
9:23:46,JSMR,RG,3370,1,D,LG,YU,D
9:23:42,JSMR,RG,3370,5,D,DR,YU,D
9:23:35,JSMR,RG,3360,1,D,IF,XC,D
9:23:24,JSMR,RG,3370,2,D,CC,YU,D
9:23:20,JSMR,RG,3360,61,D,IF,CC,D
9:23:12,JSMR,RG,3370,2,D,YP,YU,D
9:23:04,JSMR,RG,3370,2,D,CC,YU,D
9:23:00,JSMR,RG,3370,10,D,MG,YU,D
9:23:00,JSMR,RG,3370,2,D,CC,YU,D
9:23:00,JSMR,RG,3370,1,D,XC,YU,D
9:23:00,JSMR,RG,3370,10,D,YP,YU,D
9:23:00,JSMR,RG,3370,1,D,PD,YU,D
9:23:00,JSMR,RG,3370,28,D,YU,YU,D
9:22:44,JSMR,RG,3370,1,D,XC,PD,D
9:22:44,JSMR,RG,3370,3,D,XL,PD,D
9:22:44,JSMR,RG,3370,5,D,DH,PD,D
9:22:44,JSMR,RG,3370,3,D,PD,PD,D
9:22:44,JSMR,RG,3370,5,D,XC,PD,D
9:22:44,JSMR,RG,3370,1,D,PD,PD,D
9:22:44,JSMR,RG,3370,1,D,DH,PD,D
9:22:44,JSMR,RG,3370,4,D,BB,PD,D
9:22:44,JSMR,RG,3370,27,D,BB,PD,D
9:22:30,JSMR,RG,3370,3,D,BB,XA,D
9:20:19,JSMR,RG,3370,3,D,BB,YU,D
9:20:18,JSMR,RG,3370,24,D,BB,YP,D
9:20:13,JSMR,RG,3370,7,D,BB,DR,D
9:20:00,JSMR,RG,3370,9,D,BB,YU,D
9:20:00,JSMR,RG,3370,1,D,CC,YU,D
9:20:00,JSMR,RG,3370,73,D,YP,YU,D
9:19:24,JSMR,RG,3370,27,D,YP,PD,D
9:19:24,JSMR,RG,3370,1,D,KK,PD,D
9:19:24,JSMR,RG,3370,1,D,YU,PD,D
9:19:24,JSMR,RG,3370,10,D,SQ,PD,D
9:19:24,JSMR,RG,3370,5,D,PD,PD,D
9:19:24,JSMR,RG,3370,56,D,YP,PD,D
9:17:23,JSMR,RG,3370,1,D,XC,PD,D
9:17:23,JSMR,RG,3370,1,D,SQ,PD,D
9:17:23,JSMR,RG,3370,8,D,CC,PD,D
9:17:00,JSMR,RG,3370,1,D,CC,XC,D
9:16:37,JSMR,RG,3370,1,D,CC,SQ,D
9:16:37,JSMR,RG,3370,4,D,YU,SQ,D
9:16:36,JSMR,RG,3370,26,D,YU,CC,D
9:16:36,JSMR,RG,3370,167,D,BB,CC,D
9:16:36,JSMR,RG,3370,5,D,CC,CC,D
9:16:36,JSMR,RG,3370,1,D,PD,CC,D
9:16:36,JSMR,RG,3370,20,F,CC,CC,D
9:16:36,JSMR,RG,3370,1,D,XC,CC,D
9:16:36,JSMR,RG,3370,1,D,CC,CC,D
9:16:36,JSMR,RG,3370,1,D,BB,CC,D
9:16:36,JSMR,RG,3370,8,D,PD,CC,D
9:16:36,JSMR,RG,3370,1,D,XC,CC,D
9:16:36,JSMR,RG,3370,1,D,KK,CC,D
9:16:36,JSMR,RG,3370,4,D,EP,CC,D
9:16:36,JSMR,RG,3370,2,D,DH,CC,D
9:16:36,JSMR,RG,3370,1,D,PD,CC,D
9:16:36,JSMR,RG,3370,83,D,IF,CC,D
9:16:32,JSMR,RG,3370,3,D,IF,CC,D
9:16:05,JSMR,RG,3370,20,D,IF,CC,D
9:16:00,JSMR,RG,3370,119,D,IF,YU,D
9:13:32,JSMR,RG,3370,1,D,IF,XC,D
9:13:10,JSMR,RG,3370,2,D,IF,KK,D
9:13:09,JSMR,RG,3370,1,D,IF,YP,D
9:12:49,JSMR,RG,3370,8,D,IF,NI,D
9:12:48,JSMR,RG,3380,1,D,PD,SF,F
9:12:20,JSMR,RG,3370,5,D,IF,DR,D
9:12:00,JSMR,RG,3370,55,D,IF,YU,D
9:10:44,JSMR,RG,3380,30,D,XC,YU,D
9:10:00,JSMR,RG,3380,1,D,CC,YU,D
9:09:53,JSMR,RG,3390,3,D,BB,DR,D
9:09:43,JSMR,RG,3370,3,D,IF,LG,D
9:09:29,JSMR,RG,3390,2,D,BB,DR,D
9:09:08,JSMR,RG,3390,5,D,CC,DR,D
9:09:02,JSMR,RG,3380,7,D,YP,AK,F
9:09:02,JSMR,RG,3380,10,D,DH,AK,F
9:09:02,JSMR,RG,3380,5,D,EP,AK,F
9:09:02,JSMR,RG,3380,28,D,YU,AK,F
9:09:02,JSMR,RG,3380,1,D,HP,AK,F
9:09:02,JSMR,RG,3380,5,D,YP,AK,F
9:09:02,JSMR,RG,3380,10,D,NI,AK,F
9:09:02,JSMR,RG,3380,4,D,XL,AK,F
9:09:02,JSMR,RG,3380,56,D,YP,AK,F
9:09:01,JSMR,RG,3380,144,D,YP,AK,F
9:09:01,JSMR,RG,3380,5,D,CC,AK,F
9:09:01,JSMR,RG,3380,1,D,BB,AK,F
9:09:01,JSMR,RG,3380,2,D,CC,AK,F
9:09:01,JSMR,RG,3380,43,D,BB,AK,F
9:09:01,JSMR,RG,3380,1,D,CC,AK,F
9:09:01,JSMR,RG,3380,2,D,XC,AK,F
9:09:01,JSMR,RG,3380,4,D,PD,AK,F
9:09:01,JSMR,RG,3380,15,D,DH,AK,F
9:09:01,JSMR,RG,3380,2,D,DH,AK,F
9:09:01,JSMR,RG,3380,1,D,PD,AK,F
9:09:01,JSMR,RG,3380,30,D,SQ,AK,F
9:08:50,JSMR,RG,3390,1,D,OD,DR,D
9:08:25,JSMR,RG,3390,1,D,XC,DR,D
9:08:20,JSMR,RG,3380,1,D,SQ,CC,D
9:07:59,JSMR,RG,3380,50,D,SQ,PD,D
9:07:47,JSMR,RG,3390,1,D,OD,DR,D
9:07:22,JSMR,RG,3390,48,D,BB,DR,D
9:06:57,JSMR,RG,3390,3,D,BB,DR,D
9:06:48,JSMR,RG,3380,63,D,SQ,YU,D
9:06:15,JSMR,RG,3390,1,D,XC,DR,D
9:06:11,JSMR,RG,3380,2,D,SQ,YP,D
9:04:49,JSMR,RG,3390,7,D,XC,DR,D
9:04:45,JSMR,RG,3390,29,D,BB,DR,D
9:04:28,JSMR,RG,3390,1,D,BB,DR,D
9:04:25,JSMR,RG,3390,37,D,YU,DR,D
9:04:06,JSMR,RG,3390,5,D,CC,DR,D
9:04:04,JSMR,RG,3390,1,D,CC,XC,D
9:03:57,JSMR,RG,3390,1,D,CC,XC,D
9:03:44,JSMR,RG,3390,6,D,CC,CC,D
9:03:37,JSMR,RG,3390,1,D,DH,CC,D
9:03:37,JSMR,RG,3390,3,D,YU,CC,D
9:03:21,JSMR,RG,3390,25,D,YU,YP,D
9:02:14,JSMR,RG,3390,1,F,AK,KK,D
9:02:14,JSMR,RG,3390,5,F,AK,YP,D
9:01:05,JSMR,RG,3380,50,D,SQ,YP,D
9:01:05,JSMR,RG,3380,9,D,SQ,YP,D
9:01:05,JSMR,RG,3390,1,D,BB,YP,D
9:01:05,JSMR,RG,3390,11,D,BB,YP,D
9:01:05,JSMR,RG,3390,29,D,PD,YP,D
9:00:39,JSMR,RG,3400,28,D,YU,YU,D
9:00:32,JSMR,RG,3390,12,D,PD,CC,D
9:00:30,JSMR,RG,3390,1,D,PD,YP,D
9:00:29,JSMR,RG,3390,1,D,PD,XL,D
9:00:24,JSMR,RG,3390,1,D,PD,XL,D
9:00:14,JSMR,RG,3390,1,D,PD,PD,D
9:00:07,JSMR,RG,3400,1,D,EP,YU,D
9:00:06,JSMR,RG,3390,5,D,PD,PD,D
9:00:06,JSMR,RG,3380,25,D,SQ,PD,D
9:00:06,JSMR,RG,3380,60,D,SQ,YU,D
9:00:05,JSMR,RG,3380,5,D,DH,YU,D
9:00:04,JSMR,RG,3380,1,D,DH,YU,D
9:00:03,JSMR,RG,3380,10,D,EP,YU,D
9:00:03,JSMR,RG,3380,1,D,KK,YU,D
9:00:02,JSMR,RG,3380,1,D,CC,YU,D
9:00:02,JSMR,RG,3380,2,D,EP,YU,D
9:00:02,JSMR,RG,3410,1,D,SQ,HP,D