Time,Stock,Brd,Price,Qty,BT,BC,SC,ST
15:12:04,JSMR,RG,3510,30,D,PG,CC,D
15:06:52,JSMR,RG,3510,200,D,PG,YB,D
15:03:17,JSMR,RG,3510,36,D,PG,PD,D
15:01:57,JSMR,RG,3510,10,D,PG,DR,D
15:00:00,JSMR,RG,3510,3,D,PG,YP,D
15:00:00,JSMR,RG,3510,2,D,PG,KK,D
15:00:00,JSMR,RG,3510,10,D,PG,YP,D
15:00:00,JSMR,RG,3510,10,D,PG,PD,D
15:00:00,JSMR,RG,3510,3,D,PG,HP,D
15:00:00,JSMR,RG,3510,42,D,PG,AG,D
15:00:00,JSMR,RG,3510,1,D,PD,AG,D
15:00:00,JSMR,RG,3510,2,D,YP,AG,D
15:00:00,JSMR,RG,3510,10,D,PD,AG,D
15:00:00,JSMR,RG,3510,5,D,YP,AG,D
15:00:00,JSMR,RG,3510,1,D,NI,AG,D
15:00:00,JSMR,RG,3510,100,D,CP,AG,D
15:00:00,JSMR,RG,3510,5,D,DR,AG,D
15:00:00,JSMR,RG,3510,25,D,YP,AG,D
15:00:00,JSMR,RG,3510,1,D,PD,AG,D
15:00:00,JSMR,RG,3510,29,D,PD,AG,D
15:00:00,JSMR,RG,3510,120,D,EP,AG,D
15:00:00,JSMR,RG,3510,5,D,PD,AG,D
15:00:00,JSMR,RG,3510,15,D,NI,AG,D
15:00:00,JSMR,RG,3510,5,D,OD,AG,D
15:00:00,JSMR,RG,3510,84,D,YP,AG,D
15:00:00,JSMR,RG,3510,85,D,YP,IP,D
15:00:00,JSMR,RG,3510,80,D,YP,OD,D
15:00:00,JSMR,RG,3510,10,D,PD,OD,D
15:00:00,JSMR,RG,3510,10,D,YP,OD,D
15:00:00,JSMR,RG,3510,50,D,NI,OD,D
15:00:00,JSMR,RG,3510,18,D,NI,OD,D
15:00:00,JSMR,RG,3510,50,D,YU,OD,D
15:00:00,JSMR,RG,3510,5,D,GR,OD,D
15:00:00,JSMR,RG,3510,2,D,NI,OD,D
15:00:00,JSMR,RG,3510,2,D,YP,OD,D
15:00:00,JSMR,RG,3510,5,D,NI,OD,D
15:00:00,JSMR,RG,3510,1,D,PD,OD,D
15:00:00,JSMR,RG,3510,186,D,OD,OD,D
15:00:00,JSMR,RG,3510,89,F,AK,OD,D
15:00:00,JSMR,RG,3510,104,D,OD,OD,D
15:00:00,JSMR,RG,3510,35,F,YU,OD,D
15:00:00,JSMR,RG,3510,1,F,YU,ZP,F
15:00:00,JSMR,RG,3510,36,D,DP,ZP,F
14:49:34,JSMR,RG,3520,2,F,AK,PD,D
14:49:14,JSMR,RG,3510,5,D,EP,YP,D
14:49:14,JSMR,RG,3510,2,D,EP,YP,D
14:49:14,JSMR,RG,3510,143,D,EP,IP,D
14:49:00,JSMR,RG,3500,13,D,DR,AK,D
14:49:00,JSMR,RG,3500,53,D,DR,AK,D
14:49:00,JSMR,RG,3500,18,D,DR,AK,D
14:48:49,JSMR,RG,3500,80,D,DR,AK,D
14:48:19,JSMR,RG,3500,1,D,DR,CC,D
14:48:11,JSMR,RG,3500,2,D,DR,YP,D
14:48:03,JSMR,RG,3500,156,D,DR,AK,D
14:48:03,JSMR,RG,3510,5,D,LG,AK,D
14:47:52,JSMR,RG,3500,7,D,DR,PD,D
14:47:34,JSMR,RG,3500,107,D,DR,AK,D
14:47:29,JSMR,RG,3510,3,D,YP,AK,D
14:47:06,JSMR,RG,3500,12,D,DR,OD,D
14:46:34,JSMR,RG,3500,48,D,DR,AK,D
14:46:34,JSMR,RG,3500,10,D,YP,AK,D
14:46:34,JSMR,RG,3500,2,D,XC,AK,D
14:46:34,JSMR,RG,3500,1,D,XC,AK,D
14:46:34,JSMR,RG,3500,1,D,CC,AK,D
14:46:34,JSMR,RG,3500,5,D,NI,AK,D
14:46:34,JSMR,RG,3500,2,D,OD,AK,D
14:46:34,JSMR,RG,3500,3,D,CC,AK,D
14:46:34,JSMR,RG,3500,8,D,YP,AK,D
14:46:34,JSMR,RG,3500,1,D,PD,AK,D
14:46:34,JSMR,RG,3500,1,D,XC,AK,D
14:46:34,JSMR,RG,3500,1,D,YP,AK,D
14:46:34,JSMR,RG,3500,50,D,YP,AK,D
14:46:34,JSMR,RG,3500,1,D,XC,AK,D
14:46:34,JSMR,RG,3500,1,D,PD,AK,D
14:46:34,JSMR,RG,3500,35,D,PD,AK,D
14:46:34,JSMR,RG,3500,5,D,XL,AK,D
14:46:34,JSMR,RG,3500,1,D,NI,AK,D
14:46:34,JSMR,RG,3500,10,D,NI,AK,D
14:46:34,JSMR,RG,3500,4,D,DR,AK,D
14:46:34,JSMR,RG,3500,1,D,YP,AK,D
14:46:34,JSMR,RG,3500,15,D,PD,AK,D
14:46:34,JSMR,RG,3500,7,D,YP,AK,D
14:46:34,JSMR,RG,3500,1,D,XL,AK,D
14:46:34,JSMR,RG,3500,1,D,NI,AK,D
14:46:34,JSMR,RG,3500,2,D,CC,AK,D
14:46:34,JSMR,RG,3500,64,D,AZ,AK,D
14:45:50,JSMR,RG,3500,3,D,AZ,PD,D
14:45:37,JSMR,RG,3500,1,D,AZ,YP,D
14:45:37,JSMR,RG,3510,25,D,YP,AK,D
14:45:25,JSMR,RG,3510,1,D,EP,AK,D
14:45:19,JSMR,RG,3510,100,F,AK,AK,D
14:45:19,JSMR,RG,3500,2,D,AZ,YP,D
14:44:40,JSMR,RG,3500,185,D,AZ,YP,D
14:44:37,JSMR,RG,3500,149,D,AZ,YU,D
14:44:02,JSMR,RG,3500,142,D,AZ,YU,D
14:43:59,JSMR,RG,3510,100,D,GR,AK,D
14:43:49,JSMR,RG,3500,390,D,AZ,AK,D
14:43:43,JSMR,RG,3510,3,D,XL,AK,D
14:43:03,JSMR,RG,3510,50,D,NI,AK,D
14:42:35,JSMR,RG,3510,69,D,DR,AK,D
14:42:35,JSMR,RG,3510,26,D,DR,YU,D
14:42:35,JSMR,RG,3510,5,D,DR,DH,D
14:42:25,JSMR,RG,3500,1,D,AZ,XL,D
14:41:50,JSMR,RG,3510,2,D,YP,DH,D
14:41:00,JSMR,RG,3500,63,D,AZ,YU,D
14:41:00,JSMR,RG,3500,100,D,RO,YU,D
14:41:00,JSMR,RG,3500,2,D,PD,YU,D
14:41:00,JSMR,RG,3500,1,D,CC,YU,D
14:41:00,JSMR,RG,3500,6,D,YP,YU,D
14:40:45,JSMR,RG,3510,2,D,CC,DH,D
14:40:43,JSMR,RG,3500,1,D,YP,IF,D
14:40:40,JSMR,RG,3510,3,D,XC,DH,D
14:40:08,JSMR,RG,3510,8,D,IF,DH,D
14:40:08,JSMR,RG,3510,42,D,IF,NI,D
14:39:55,JSMR,RG,3510,8,D,IF,NI,D
14:39:55,JSMR,RG,3510,42,D,IF,AK,D
14:39:38,JSMR,RG,3510,50,D,PG,AK,D
14:39:25,JSMR,RG,3510,1,D,CC,AK,D
14:39:09,JSMR,RG,3500,7,D,YP,NI,D
14:39:09,JSMR,RG,3500,13,D,DR,NI,D
14:39:00,JSMR,RG,3500,87,D,DR,YU,D
14:39:00,JSMR,RG,3500,5,D,SQ,YU,D
14:39:00,JSMR,RG,3500,62,D,CP,YU,D
14:38:34,JSMR,RG,3500,338,D,CP,AK,D
14:38:34,JSMR,RG,3500,50,D,CP,AK,D
14:38:34,JSMR,RG,3500,1,D,PD,AK,D
14:38:34,JSMR,RG,3500,1,D,GR,AK,D
14:38:34,JSMR,RG,3500,3,D,CC,AK,D
14:38:34,JSMR,RG,3500,10,D,NI,AK,D
14:38:34,JSMR,RG,3500,4,D,XC,AK,D
14:38:34,JSMR,RG,3500,1,D,CC,AK,D
14:38:34,JSMR,RG,3500,3,D,AZ,AK,D
14:38:34,JSMR,RG,3500,2,D,CC,AK,D
14:38:34,JSMR,RG,3500,40,D,SQ,AK,D
14:38:34,JSMR,RG,3500,1,D,XC,AK,D
14:38:34,JSMR,RG,3500,40,D,YP,AK,D
14:38:34,JSMR,RG,3500,5,D,XC,AK,D
14:38:34,JSMR,RG,3500,28,D,EP,AK,D
14:38:34,JSMR,RG,3500,1,D,PD,AK,D
14:38:34,JSMR,RG,3500,5,D,YB,AK,D
14:38:34,JSMR,RG,3500,4,D,PD,AK,D
14:38:34,JSMR,RG,3500,8,D,NI,AK,D
14:38:34,JSMR,RG,3500,1,F,KK,AK,D
14:38:34,JSMR,RG,3500,5,D,YP,AK,D
14:38:34,JSMR,RG,3500,2,D,YP,AK,D
14:38:34,JSMR,RG,3500,10,D,YP,AK,D
14:38:34,JSMR,RG,3500,2,D,KK,AK,D
14:38:34,JSMR,RG,3500,1,D,YP,AK,D
14:38:34,JSMR,RG,3500,6,D,YP,AK,D
14:38:34,JSMR,RG,3500,10,D,PD,AK,D
14:38:34,JSMR,RG,3500,10,D,OD,AK,D
14:38:34,JSMR,RG,3500,1,D,PD,AK,D
14:38:34,JSMR,RG,3500,10,D,LG,AK,D
14:38:34,JSMR,RG,3500,3,D,YP,AK,D
14:38:34,JSMR,RG,3500,5,D,PD,AK,D
14:38:34,JSMR,RG,3500,1,D,PD,AK,D
14:38:34,JSMR,RG,3500,1,D,GR,AK,D
14:38:34,JSMR,RG,3500,1,D,LG,AK,D
14:38:34,JSMR,RG,3500,10,D,IF,AK,D
14:38:34,JSMR,RG,3500,4,D,NI,AK,D
14:38:34,JSMR,RG,3500,339,D,PD,AK,D
14:38:34,JSMR,RG,3500,10,D,YP,AK,D
14:38:34,JSMR,RG,3500,1,D,SQ,AK,D
14:38:34,JSMR,RG,3500,1,D,SQ,AK,D
14:38:34,JSMR,RG,3500,3,D,XC,AK,D
14:38:34,JSMR,RG,3500,25,D,YP,AK,D
14:38:34,JSMR,RG,3500,1,D,XC,AK,D
14:38:34,JSMR,RG,3500,5,D,CC,AK,D
14:38:34,JSMR,RG,3500,5,D,XC,AK,D
14:38:34,JSMR,RG,3500,5,D,YP,AK,D
14:38:34,JSMR,RG,3500,10,D,YP,AK,D
14:38:34,JSMR,RG,3500,10,D,PD,AK,D
14:38:34,JSMR,RG,3500,20,D,TP,AK,D
14:38:34,JSMR,RG,3500,15,D,PD,AK,D
14:37:48,JSMR,RG,3510,30,D,CC,AK,D
14:37:42,JSMR,RG,3510,1,D,NI,AK,D
14:37:13,JSMR,RG,3500,1,D,PD,PD,D
14:37:13,JSMR,RG,3500,1,D,ID,PD,D
14:37:13,JSMR,RG,3500,2,D,XC,PD,D
14:37:07,JSMR,RG,3510,5,D,FS,AK,D
14:37:00,JSMR,RG,3500,8,D,XC,YU,D
14:37:00,JSMR,RG,3500,5,D,XC,YU,D
14:37:00,JSMR,RG,3500,20,D,NI,YU,D
14:37:00,JSMR,RG,3500,20,D,CC,YU,D
14:37:00,JSMR,RG,3500,1,D,YP,YU,D
14:37:00,JSMR,RG,3500,57,D,NI,YU,D
14:37:00,JSMR,RG,3500,4,D,PD,YU,D
14:37:00,JSMR,RG,3500,2,D,DR,YU,D
14:37:00,JSMR,RG,3500,2,D,XC,YU,D
14:37:00,JSMR,RG,3500,1,D,AO,YU,D
14:37:00,JSMR,RG,3500,1,D,XL,YU,D
14:37:00,JSMR,RG,3500,1,D,CC,YU,D
14:37:00,JSMR,RG,3500,1,D,XC,YU,D
14:37:00,JSMR,RG,3500,14,D,XC,YU,D
14:37:00,JSMR,RG,3500,20,D,YP,YU,D
14:37:00,JSMR,RG,3500,50,D,OD,YU,D
14:37:00,JSMR,RG,3500,1,D,KK,YU,D
14:37:00,JSMR,RG,3500,1,D,KK,YU,D
14:37:00,JSMR,RG,3500,10,D,NI,YU,D
14:37:00,JSMR,RG,3500,4,D,CC,YU,D
14:36:52,JSMR,RG,3510,1,D,DR,AK,D
14:35:32,JSMR,RG,3510,114,F,AK,AK,D
14:35:00,JSMR,RG,3500,46,D,CC,YU,D
14:35:00,JSMR,RG,3500,5,D,YP,YU,D
14:35:00,JSMR,RG,3500,20,D,EP,YU,D
14:35:00,JSMR,RG,3500,3,D,YP,YU,D
14:35:00,JSMR,RG,3500,1,D,OD,YU,D
14:35:00,JSMR,RG,3500,10,D,CC,YU,D
14:35:00,JSMR,RG,3500,1,D,PD,YU,D
14:35:00,JSMR,RG,3500,1,D,CC,YU,D
14:35:00,JSMR,RG,3500,60,D,YB,YU,D
14:35:00,JSMR,RG,3500,3,D,DX,YU,D
14:35:00,JSMR,RG,3500,30,D,XC,YU,D
14:35:00,JSMR,RG,3500,2,D,AT,YU,D
14:35:00,JSMR,RG,3500,6,D,YP,YU,D
14:35:00,JSMR,RG,3500,5,D,PD,YU,D
14:34:08,JSMR,RG,3500,5,D,PD,NI,D
14:34:08,JSMR,RG,3500,1,D,YP,NI,D
14:34:08,JSMR,RG,3500,2,D,XC,NI,D
14:34:08,JSMR,RG,3500,1,D,KK,NI,D
14:34:08,JSMR,RG,3500,3,D,SQ,NI,D
14:34:08,JSMR,RG,3500,3,D,CC,NI,D
14:34:08,JSMR,RG,3500,2,D,CC,NI,D
14:34:08,JSMR,RG,3500,4,D,XC,NI,D
14:34:08,JSMR,RG,3500,1,D,XL,NI,D
14:34:08,JSMR,RG,3500,2,D,LG,NI,D
14:34:08,JSMR,RG,3500,5,D,PD,NI,D
14:34:08,JSMR,RG,3500,8,D,PD,NI,D
14:34:08,JSMR,RG,3500,2,D,XC,NI,D
14:34:08,JSMR,RG,3500,1,D,YP,NI,D
14:34:08,JSMR,RG,3500,5,D,YP,NI,D
14:34:08,JSMR,RG,3500,2,D,YP,NI,D
14:34:08,JSMR,RG,3500,3,D,XC,NI,D
14:34:08,JSMR,RG,3500,10,D,CC,NI,D
14:34:08,JSMR,RG,3500,10,D,GR,NI,D
14:34:08,JSMR,RG,3500,1,D,SQ,NI,D
14:34:08,JSMR,RG,3500,23,D,CP,NI,D
14:34:08,JSMR,RG,3500,10,D,PD,NI,D
14:34:08,JSMR,RG,3500,10,D,YP,NI,D
14:34:08,JSMR,RG,3500,1,D,XC,NI,D
14:34:08,JSMR,RG,3500,10,D,SQ,NI,D
14:34:08,JSMR,RG,3500,5,D,CC,NI,D
14:34:08,JSMR,RG,3500,50,D,LG,NI,D
14:34:08,JSMR,RG,3500,55,D,NI,NI,D
14:34:08,JSMR,RG,3500,20,D,YP,NI,D
14:34:08,JSMR,RG,3500,3,D,YP,NI,D
14:34:08,JSMR,RG,3500,10,D,IF,NI,D
14:34:08,JSMR,RG,3500,1,D,YP,NI,D
14:34:08,JSMR,RG,3500,5,D,SQ,NI,D
14:34:08,JSMR,RG,3500,100,D,NI,NI,D
14:34:08,JSMR,RG,3500,1,D,CC,NI,D
14:33:43,JSMR,RG,3510,1,D,NI,AK,D
14:33:00,JSMR,RG,3500,15,D,KK,YU,D
14:33:00,JSMR,RG,3500,10,D,YP,YU,D
14:33:00,JSMR,RG,3500,1,D,BQ,YU,D
14:33:00,JSMR,RG,3500,5,D,NI,YU,D
14:33:00,JSMR,RG,3500,2,D,PD,YU,D
14:33:00,JSMR,RG,3500,1,D,IN,YU,D
14:33:00,JSMR,RG,3500,50,D,OD,YU,D
14:33:00,JSMR,RG,3500,3,D,PD,YU,D
14:33:00,JSMR,RG,3500,1,D,XC,YU,D
14:33:00,JSMR,RG,3500,32,D,YP,YU,D
14:32:24,JSMR,RG,3500,118,D,YP,AK,D
14:32:24,JSMR,RG,3500,2,D,YP,AK,D
14:32:24,JSMR,RG,3500,1,D,PD,AK,D
14:32:24,JSMR,RG,3500,2,D,PD,AK,D
14:32:24,JSMR,RG,3500,5,D,NI,AK,D
14:32:24,JSMR,RG,3500,2,D,XC,AK,D
14:32:24,JSMR,RG,3500,1,D,XC,AK,D
14:32:24,JSMR,RG,3500,1,D,XC,AK,D
14:32:24,JSMR,RG,3500,2,D,CC,AK,D
14:32:24,JSMR,RG,3500,1,D,KK,AK,D
14:32:24,JSMR,RG,3500,2,D,CC,AK,D
14:32:24,JSMR,RG,3500,1,D,CC,AK,D
14:32:24,JSMR,RG,3500,1,D,YP,AK,D
14:32:24,JSMR,RG,3500,3,D,NI,AK,D
14:32:24,JSMR,RG,3500,1,D,NI,AK,D
14:32:24,JSMR,RG,3500,10,D,DH,AK,D
14:32:24,JSMR,RG,3500,1,D,PD,AK,D
14:32:24,JSMR,RG,3500,400,D,PD,AK,D
14:32:24,JSMR,RG,3500,1,D,XC,AK,D
14:32:24,JSMR,RG,3500,1,D,NI,AK,D
14:32:24,JSMR,RG,3500,1,D,AZ,AK,D
14:32:24,JSMR,RG,3500,5,D,XC,AK,D
14:32:24,JSMR,RG,3500,2,D,NI,AK,D
14:32:24,JSMR,RG,3500,2,D,NI,AK,D
14:32:24,JSMR,RG,3500,10,D,YP,AK,D
14:32:24,JSMR,RG,3500,5,D,PD,AK,D
14:32:24,JSMR,RG,3500,1,D,YP,AK,D
14:32:24,JSMR,RG,3500,3,D,PD,AK,D
14:32:24,JSMR,RG,3500,2,D,NI,AK,D
14:32:24,JSMR,RG,3500,1,D,PD,AK,D
14:32:24,JSMR,RG,3500,1,D,YP,AK,D
14:32:24,JSMR,RG,3500,4,D,CC,AK,D
14:31:18,JSMR,RG,3510,3,D,XC,AK,D
14:31:00,JSMR,RG,3500,26,D,CC,YU,D
14:31:00,JSMR,RG,3500,2,D,YP,YU,D
14:31:00,JSMR,RG,3500,50,D,YP,YU,D
14:31:00,JSMR,RG,3500,5,D,NI,YU,D
14:31:00,JSMR,RG,3500,1,D,XC,YU,D
14:31:00,JSMR,RG,3500,42,D,LG,YU,D
14:29:46,JSMR,RG,3510,1,D,DR,AK,D
14:29:00,JSMR,RG,3500,8,D,LG,YU,D
14:29:00,JSMR,RG,3500,1,D,AT,YU,D
14:29:00,JSMR,RG,3500,93,D,RF,YU,D
14:27:54,JSMR,RG,3500,462,D,RF,AK,D
14:27:45,JSMR,RG,3500,1,D,RF,XA,D
14:27:00,JSMR,RG,3500,96,D,RF,YU,D
14:26:56,JSMR,RG,3500,4,D,RF,PD,D
14:26:46,JSMR,RG,3510,1,D,PD,AK,D
14:26:13,JSMR,RG,3510,5,D,NI,AK,D
14:26:09,JSMR,RG,3510,1,D,YP,AK,D
14:25:00,JSMR,RG,3500,137,D,RF,YU,D
14:24:24,JSMR,RG,3500,37,D,RF,AK,D
14:24:24,JSMR,RG,3500,5,D,NI,AK,D
14:24:24,JSMR,RG,3500,1,D,NI,AK,D
14:24:24,JSMR,RG,3500,50,D,CD,AK,D
14:24:24,JSMR,RG,3500,1,D,PD,AK,D
14:24:24,JSMR,RG,3500,2,D,DH,AK,D
14:24:24,JSMR,RG,3500,100,D,HP,AK,D
14:24:24,JSMR,RG,3500,1,D,YP,AK,D
14:24:24,JSMR,RG,3500,5,D,DR,AK,D
14:24:24,JSMR,RG,3500,2,D,YP,AK,D
14:24:24,JSMR,RG,3500,1,D,XC,AK,D
14:24:24,JSMR,RG,3500,5,D,YP,AK,D
14:24:24,JSMR,RG,3500,5,D,YP,AK,D
14:24:24,JSMR,RG,3500,6,D,YP,AK,D
14:24:24,JSMR,RG,3500,10,D,YP,AK,D
14:24:24,JSMR,RG,3500,50,D,DR,AK,D
14:24:24,JSMR,RG,3500,30,D,KK,AK,D
14:24:24,JSMR,RG,3500,5,D,DR,AK,D
14:24:24,JSMR,RG,3500,1,D,YP,AK,D
14:24:24,JSMR,RG,3500,3,D,YP,AK,D
14:23:57,JSMR,RG,3510,10,D,YB,AK,D
14:23:05,JSMR,RG,3510,1,D,XL,AK,D
14:23:00,JSMR,RG,3500,7,D,YP,YU,D
14:23:00,JSMR,RG,3500,10,D,CC,YU,D
14:23:00,JSMR,RG,3500,1,D,CC,YU,D
14:23:00,JSMR,RG,3500,2,D,CC,YU,D
14:23:00,JSMR,RG,3500,66,D,IP,YU,D
14:22:51,JSMR,RG,3510,10,D,NI,AK,D
14:21:50,JSMR,RG,3510,2,D,SA,AK,D
14:21:35,JSMR,RG,3510,7,D,PG,AK,D
14:21:00,JSMR,RG,3500,77,D,IP,YU,D
14:21:00,JSMR,RG,3500,20,D,KK,YU,D
14:21:00,JSMR,RG,3500,2,D,LS,YU,D
14:21:00,JSMR,RG,3500,1,D,PD,YU,D
14:21:00,JSMR,RG,3500,1,D,PD,YU,D
14:21:00,JSMR,RG,3500,1,D,KK,YU,D
14:21:00,JSMR,RG,3500,10,D,SQ,YU,D
14:21:00,JSMR,RG,3500,14,D,YB,YU,D
14:21:00,JSMR,RG,3500,1,D,YP,YU,D
14:21:00,JSMR,RG,3500,10,D,YU,YU,D
14:21:00,JSMR,RG,3500,3,D,HP,YU,D
14:21:00,JSMR,RG,3500,88,D,RG,YU,D
14:19:50,JSMR,RG,3510,3,D,LG,AK,D
14:19:37,JSMR,RG,3510,4,D,PD,AK,D
14:19:22,JSMR,RG,3510,5,D,PD,AK,D
14:19:13,JSMR,RG,3510,22,F,AK,AK,D
14:19:13,JSMR,RG,3510,11,F,AK,YU,D
14:19:11,JSMR,RG,3500,597,D,RG,AK,D
14:18:54,JSMR,RG,3510,2,D,YP,YU,D
14:18:46,JSMR,RG,3510,5,D,NI,YU,D
14:18:20,JSMR,RG,3510,61,F,AK,YU,D
14:18:18,JSMR,RG,3510,3,D,OD,YU,D
14:18:18,JSMR,RG,3510,29,D,OD,YU,D
14:18:18,JSMR,RG,3510,18,D,OD,AK,D
14:17:20,JSMR,RG,3510,50,D,NI,AK,D
14:17:00,JSMR,RG,3500,68,D,RG,YU,D
14:16:32,JSMR,RG,3510,1,D,SQ,AK,D
14:16:13,JSMR,RG,3510,5,D,NI,AK,D
14:15:35,JSMR,RG,3500,4,D,RG,PD,D
14:15:34,JSMR,RG,3510,2,D,SQ,AK,D
14:15:00,JSMR,RG,3500,210,D,RG,YU,D
14:14:56,JSMR,RG,3510,10,D,LS,AK,D
14:13:34,JSMR,RG,3510,3,D,LG,AK,D
14:13:20,JSMR,RG,3510,5,D,NI,AK,D
14:13:05,JSMR,RG,3510,4,D,PD,AK,D
14:13:05,JSMR,RG,3510,2,D,LG,AK,D
14:12:57,JSMR,RG,3510,145,D,YP,AK,D
14:12:57,JSMR,RG,3510,55,D,YP,AK,D
14:12:48,JSMR,RG,3510,2,D,LG,AK,D
14:12:43,JSMR,RG,3510,1,D,XC,AK,D
14:12:20,JSMR,RG,3510,2,D,XL,AK,D
14:11:45,JSMR,RG,3510,7,D,PD,AK,D
14:11:44,JSMR,RG,3510,200,D,YP,AK,D
14:11:44,JSMR,RG,3510,41,D,YP,YU,D
14:11:44,JSMR,RG,3510,9,D,YP,YU,D
14:11:43,JSMR,RG,3510,8,D,SQ,YU,D
14:11:00,JSMR,RG,3510,24,D,XC,YU,D
14:11:00,JSMR,RG,3510,1,D,PD,YU,D
14:10:37,JSMR,RG,3510,20,D,SQ,AK,D
14:10:37,JSMR,RG,3510,1,D,NI,AK,D
14:10:37,JSMR,RG,3510,250,D,IF,AK,D
14:10:37,JSMR,RG,3510,5,D,NI,AK,D
14:10:37,JSMR,RG,3510,100,D,CP,AK,D
14:10:37,JSMR,RG,3510,20,D,CP,AK,D
14:10:37,JSMR,RG,3510,10,D,PD,AK,D
14:10:37,JSMR,RG,3510,57,F,AK,AK,D
14:10:37,JSMR,RG,3510,500,D,YP,AK,D
14:10:37,JSMR,RG,3510,3,D,NI,AK,D
14:10:37,JSMR,RG,3510,3,D,NI,AK,D
14:10:37,JSMR,RG,3510,40,D,SQ,AK,D
14:10:37,JSMR,RG,3510,40,D,YP,AK,D
14:10:37,JSMR,RG,3510,5,D,SQ,AK,D
14:10:37,JSMR,RG,3510,2,D,PD,AK,D
14:10:37,JSMR,RG,3510,1,D,PD,AK,D
14:10:37,JSMR,RG,3510,3,D,XC,AK,D
14:10:37,JSMR,RG,3510,1,D,YP,AK,D
14:10:37,JSMR,RG,3510,1,D,XC,AK,D
14:10:37,JSMR,RG,3510,50,D,LG,AK,D
14:10:37,JSMR,RG,3510,5,D,YP,AK,D
14:10:37,JSMR,RG,3510,2,D,XL,AK,D
14:10:37,JSMR,RG,3510,1,D,PD,AK,D
14:10:37,JSMR,RG,3510,1,D,YP,AK,D
14:10:37,JSMR,RG,3510,2,D,YP,AK,D
14:10:37,JSMR,RG,3510,9,D,EP,AK,D
14:10:37,JSMR,RG,3510,10,D,DR,AK,D
14:10:37,JSMR,RG,3510,3,D,CC,AK,D
14:10:37,JSMR,RG,3510,2,D,NI,AK,D
14:10:37,JSMR,RG,3510,20,D,YP,AK,D
14:10:37,JSMR,RG,3510,25,D,YP,AK,D
14:10:37,JSMR,RG,3510,1,D,PD,AK,D
14:10:37,JSMR,RG,3510,2,D,XC,AK,D
14:10:37,JSMR,RG,3510,1,D,PD,AK,D
14:10:37,JSMR,RG,3510,1,D,PD,AK,D
14:10:37,JSMR,RG,3510,48,D,KK,AK,D
14:08:57,JSMR,RG,3520,10,D,ZP,AK,D
14:08:32,JSMR,RG,3510,2,D,KK,EP,D
14:08:32,JSMR,RG,3510,98,D,AZ,EP,D
14:08:17,JSMR,RG,3520,9,F,AK,AK,D
14:08:17,JSMR,RG,3520,43,F,AK,AK,D
14:08:17,JSMR,RG,3520,177,D,XA,AK,D
14:08:17,JSMR,RG,3520,97,D,XA,YU,D
14:08:17,JSMR,RG,3520,26,D,XA,YU,F
14:08:00,JSMR,RG,3520,150,D,XA,YU,F
14:08:00,JSMR,RG,3520,469,D,XA,AK,D
14:08:00,JSMR,RG,3520,81,D,XA,AK,D
14:07:42,JSMR,RG,3520,6,D,CC,AK,D
14:07:42,JSMR,RG,3520,20,D,CC,YU,D
14:07:42,JSMR,RG,3520,30,D,CC,ZP,F
14:07:24,JSMR,RG,3510,26,D,AZ,CC,D
14:07:00,JSMR,RG,3510,230,D,AZ,YU,D
14:06:28,JSMR,RG,3510,13,D,AZ,AK,D
14:06:28,JSMR,RG,3510,25,D,AZ,CC,D
14:05:38,JSMR,RG,3510,2,D,AZ,AK,D
14:05:38,JSMR,RG,3520,3,D,SQ,PD,D
14:05:38,JSMR,RG,3520,1,D,YP,PD,D
14:04:33,JSMR,RG,3520,2,F,AK,AK,D
14:04:33,JSMR,RG,3520,5,F,AK,YU,D
14:04:26,JSMR,RG,3510,25,D,AZ,AK,D
14:04:26,JSMR,RG,3520,50,D,OD,YU,D
14:03:44,JSMR,RG,3510,8,D,AZ,AK,D
14:03:44,JSMR,RG,3520,73,D,XA,AK,D
14:03:44,JSMR,RG,3520,5,D,XA,XC,D
14:03:44,JSMR,RG,3520,24,D,XA,YU,D
14:03:44,JSMR,RG,3520,148,D,XA,YU,F
14:03:30,JSMR,RG,3510,9,D,AZ,AK,D
14:03:30,JSMR,RG,3520,12,D,DR,AK,D
14:03:30,JSMR,RG,3520,12,D,DR,AK,D
14:03:30,JSMR,RG,3520,56,D,DR,YU,D
14:02:01,JSMR,RG,3510,64,D,AZ,AK,D
14:02:00,JSMR,RG,3510,129,D,AZ,YU,D
14:01:00,JSMR,RG,3510,34,D,AZ,AK,D
14:01:00,JSMR,RG,3520,15,D,YP,YU,D
14:01:00,JSMR,RG,3520,54,F,AK,YU,D
14:00:48,JSMR,RG,3520,5,F,AK,AK,D
14:00:48,JSMR,RG,3530,4,D,YP,PD,D
14:00:48,JSMR,RG,3530,6,D,YP,YU,F
13:59:30,JSMR,RG,3530,1,D,CC,YU,F
13:58:14,JSMR,RG,3520,14,F,AK,AK,D
13:58:13,JSMR,RG,3520,3,F,AK,ZP,F
13:58:13,JSMR,RG,3520,24,D,KK,ZP,F
13:58:10,JSMR,RG,3520,21,D,KK,AK,D
13:58:10,JSMR,RG,3520,43,D,KK,YU,D
13:58:10,JSMR,RG,3520,4,D,KK,AK,D
13:58:10,JSMR,RG,3520,8,D,KK,ZP,F
13:57:37,JSMR,RG,3510,40,D,AZ,AK,D
13:57:37,JSMR,RG,3520,6,D,XA,AK,D
13:57:37,JSMR,RG,3520,17,D,XA,ZP,F
13:57:37,JSMR,RG,3520,77,D,XA,YU,D
13:56:43,JSMR,RG,3510,42,D,AZ,AK,D
13:56:43,JSMR,RG,3520,1,F,AK,YU,D
13:56:43,JSMR,RG,3520,1,F,AK,YU,D
13:56:43,JSMR,RG,3520,11,F,AK,YU,D
13:56:43,JSMR,RG,3520,4,F,AK,NI,D
13:56:43,JSMR,RG,3520,8,F,AK,NI,D
13:56:43,JSMR,RG,3520,13,D,XA,NI,D
13:56:43,JSMR,RG,3520,10,D,XA,ZP,F
13:56:43,JSMR,RG,3520,4,D,XA,AK,D
13:56:43,JSMR,RG,3520,26,D,XA,AK,D
13:56:43,JSMR,RG,3520,16,D,XA,ZP,F
13:56:43,JSMR,RG,3520,76,D,XA,YU,D
13:56:43,JSMR,RG,3520,5,D,XA,YU,D
13:55:34,JSMR,RG,3510,1,D,AZ,AK,D
13:55:34,JSMR,RG,3510,4,D,AZ,PD,D
13:55:01,JSMR,RG,3510,126,D,AZ,AK,D
13:55:00,JSMR,RG,3510,124,D,AZ,YU,D
13:55:00,JSMR,RG,3510,1,D,PD,YU,D
13:55:00,JSMR,RG,3510,3,D,CC,YU,D
13:55:00,JSMR,RG,3510,3,D,YP,YU,D
13:55:00,JSMR,RG,3510,30,D,SQ,YU,D
13:55:00,JSMR,RG,3510,30,D,NI,YU,D
13:55:00,JSMR,RG,3510,3,D,YP,YU,D
13:55:00,JSMR,RG,3510,5,D,LG,YU,D
13:55:00,JSMR,RG,3510,1,D,CC,YU,D
13:55:00,JSMR,RG,3510,5,D,NI,YU,D
13:55:00,JSMR,RG,3510,1,D,CC,YU,D
13:55:00,JSMR,RG,3510,1,D,PD,YU,D
13:55:00,JSMR,RG,3510,2,D,YP,YU,D
13:55:00,JSMR,RG,3510,45,D,LG,YU,D
13:53:01,JSMR,RG,3510,5,D,LG,AK,D
13:53:01,JSMR,RG,3510,1,D,DH,AK,D
13:53:01,JSMR,RG,3510,5,D,NI,AK,D
13:53:01,JSMR,RG,3510,1,D,YP,AK,D
13:53:01,JSMR,RG,3510,3,D,YP,AK,D
13:53:01,JSMR,RG,3510,7,D,CC,AK,D
13:53:00,JSMR,RG,3510,8,D,CC,YU,D
13:53:00,JSMR,RG,3510,20,D,DH,YU,D
13:53:00,JSMR,RG,3510,11,D,CC,YU,D
13:53:00,JSMR,RG,3510,2,D,PD,YU,D
13:53:00,JSMR,RG,3510,4,D,PD,YU,D
13:52:29,JSMR,RG,3510,1,D,NI,AK,D
13:52:28,JSMR,RG,3520,2,D,DR,YU,D
13:52:00,JSMR,RG,3510,3,D,NI,AK,D
13:51:59,JSMR,RG,3520,7,D,DR,YU,D
13:51:00,JSMR,RG,3510,6,D,NI,AK,D
13:51:00,JSMR,RG,3510,25,D,XC,AK,D
13:51:00,JSMR,RG,3510,5,F,AK,AK,D
13:51:00,JSMR,RG,3510,68,F,AK,YU,D
13:51:00,JSMR,RG,3510,5,D,PD,YU,D
13:49:10,JSMR,RG,3510,1,D,PD,AK,D
13:49:09,JSMR,RG,3520,1,D,LG,YU,D
13:49:03,JSMR,RG,3510,1,D,PD,XL,D
13:49:01,JSMR,RG,3510,1,D,PD,AK,D
13:49:01,JSMR,RG,3510,10,D,LG,AK,D
13:49:01,JSMR,RG,3510,1,D,XC,AK,D
13:49:01,JSMR,RG,3510,20,D,YP,AK,D
13:49:01,JSMR,RG,3510,1,D,PD,AK,D
13:49:01,JSMR,RG,3510,2,D,XC,AK,D
13:49:01,JSMR,RG,3510,1,D,XL,AK,D
13:49:01,JSMR,RG,3510,5,D,GR,AK,D
13:49:01,JSMR,RG,3510,5,D,XL,AK,D
13:49:01,JSMR,RG,3510,2,D,LG,AK,D
13:49:01,JSMR,RG,3510,1,D,XC,AK,D
13:49:01,JSMR,RG,3510,5,D,YP,AK,D
13:49:01,JSMR,RG,3510,1,D,XL,AK,D
13:49:00,JSMR,RG,3510,1,D,YP,YU,D
13:49:00,JSMR,RG,3510,20,D,YP,YU,D
13:49:00,JSMR,RG,3510,15,D,CC,YU,D
13:49:00,JSMR,RG,3510,5,D,YP,YU,D
13:49:00,JSMR,RG,3510,1,D,XC,YU,D
13:49:00,JSMR,RG,3510,1,D,CC,YU,D
13:49:00,JSMR,RG,3510,69,D,CP,YU,D
13:48:48,JSMR,RG,3510,3,D,CP,AK,D
13:48:47,JSMR,RG,3520,5,D,NI,YU,D
13:48:02,JSMR,RG,3510,3,D,CP,AK,D
13:48:02,JSMR,RG,3510,7,D,CP,XC,D
13:46:57,JSMR,RG,3510,1,D,CP,AK,D
13:46:56,JSMR,RG,3520,2,D,LG,YU,D
13:46:43,JSMR,RG,3510,1,D,CP,AK,D
13:46:42,JSMR,RG,3520,1,D,LG,YU,D
13:46:16,JSMR,RG,3510,13,D,CP,AK,D
13:46:15,JSMR,RG,3510,3,D,CP,PD,D
13:46:15,JSMR,RG,3510,3,D,YP,PD,D
13:46:15,JSMR,RG,3510,10,D,YP,PD,D
13:46:15,JSMR,RG,3510,3,D,PD,PD,D
13:46:15,JSMR,RG,3510,8,D,PD,PD,D
13:46:15,JSMR,RG,3510,1,D,PD,PD,D
13:46:00,JSMR,RG,3510,5,D,SQ,AK,D
13:46:00,JSMR,RG,3510,1,D,GR,AK,D
13:46:00,JSMR,RG,3510,4,D,DR,AK,D
13:46:00,JSMR,RG,3510,2,D,DH,AK,D
13:46:00,JSMR,RG,3510,22,D,YB,AK,D
13:46:00,JSMR,RG,3510,68,D,YB,YU,D
13:45:56,JSMR,RG,3510,7,D,YB,AK,D
13:45:55,JSMR,RG,3510,14,D,YB,YP,D
13:45:26,JSMR,RG,3510,2,D,YB,AK,D
13:45:25,JSMR,RG,3510,5,D,YB,PD,D
13:42:01,JSMR,RG,3510,44,D,YB,AK,D
13:42:00,JSMR,RG,3510,89,D,YB,YU,D
13:40:09,JSMR,RG,3510,1,D,YB,AK,D
13:40:08,JSMR,RG,3520,1,D,LG,YU,D
13:39:10,JSMR,RG,3510,1,D,YB,AK,D
13:39:10,JSMR,RG,3520,2,D,PD,YP,D
13:39:01,JSMR,RG,3510,41,D,YB,AK,D
13:39:00,JSMR,RG,3510,84,D,YB,YU,D
13:38:58,JSMR,RG,3510,1,D,YB,AK,D
13:38:58,JSMR,RG,3520,1,D,XL,YP,D
13:38:57,JSMR,RG,3510,3,D,YB,AK,D
13:38:57,JSMR,RG,3520,7,D,XC,YP,D
13:38:57,JSMR,RG,3520,14,D,XC,AK,D
13:38:57,JSMR,RG,3520,15,D,XC,ZP,F
13:38:57,JSMR,RG,3520,2,D,XC,PD,D
13:38:57,JSMR,RG,3520,8,D,XC,ZP,F
13:38:57,JSMR,RG,3520,4,D,XC,DR,D
13:37:01,JSMR,RG,3510,32,D,YB,AK,D
13:37:00,JSMR,RG,3510,65,D,YB,YU,D
13:35:21,JSMR,RG,3510,2,D,YB,AK,D
13:35:20,JSMR,RG,3510,4,D,YB,PD,D
13:34:01,JSMR,RG,3510,51,D,YB,AK,D
13:34:00,JSMR,RG,3510,103,D,YB,YU,D
13:30:08,JSMR,RG,3510,5,D,YB,AK,D
13:30:08,JSMR,RG,3510,11,D,YB,YP,D
13:30:05,JSMR,RG,3510,3,D,YB,AK,D
13:30:04,JSMR,RG,3510,66,D,YB,AK,D
13:30:04,JSMR,RG,3510,6,D,YB,AK,D
13:30:04,JSMR,RG,3510,7,D,YB,AK,D
13:30:03,JSMR,RG,3510,151,D,YB,YU,D
13:30:03,JSMR,RG,3510,1,D,YB,YP,D
13:30:02,JSMR,RG,3510,14,D,YB,XC,D
13:30:01,JSMR,RG,3510,36,D,YB,AK,D
13:30:01,JSMR,RG,3510,36,D,YB,YU,D
13:30:01,JSMR,RG,3510,7,D,YB,YU,D
13:30:01,JSMR,RG,3510,18,D,YB,YU,D
13:30:01,JSMR,RG,3510,5,D,HP,YU,D
11:29:59,JSMR,RG,3510,7,D,DH,YU,D
11:29:00,JSMR,RG,3500,6,D,RG,AK,D
11:29:00,JSMR,RG,3500,23,D,RG,AK,D
11:29:00,JSMR,RG,3500,4,D,RG,AK,D
11:29:00,JSMR,RG,3510,5,D,NI,YU,D
11:29:00,JSMR,RG,3510,10,D,NI,YU,D
11:29:00,JSMR,RG,3510,4,D,XC,YU,D
11:29:00,JSMR,RG,3510,1,D,XC,YU,D
11:29:00,JSMR,RG,3510,1,D,YP,YU,D
11:29:00,JSMR,RG,3510,10,D,CC,YU,D
11:29:00,JSMR,RG,3510,2,D,YP,YU,D
11:29:00,JSMR,RG,3510,10,D,YP,YU,D
11:29:00,JSMR,RG,3510,1,D,RG,YU,D
11:29:00,JSMR,RG,3510,1,D,PD,YU,D
11:29:00,JSMR,RG,3510,10,D,CC,YU,D
11:29:00,JSMR,RG,3510,1,D,CC,YU,D
11:29:00,JSMR,RG,3510,1,D,CC,YU,D
11:29:00,JSMR,RG,3510,5,D,PD,YU,D
11:29:00,JSMR,RG,3510,4,D,PD,YU,D
11:28:23,JSMR,RG,3510,2,D,PD,AK,D
11:28:22,JSMR,RG,3510,4,D,PD,PD,D
11:27:19,JSMR,RG,3520,1,D,XC,YU,D
11:27:01,JSMR,RG,3510,45,D,PD,AK,D
11:27:00,JSMR,RG,3510,45,D,PD,YU,D
11:27:00,JSMR,RG,3510,3,D,XC,YU,D
11:27:00,JSMR,RG,3510,40,D,FZ,YU,D
11:27:00,JSMR,RG,3510,4,D,CC,YU,D
11:25:00,JSMR,RG,3510,10,D,CC,AK,D
11:25:00,JSMR,RG,3510,21,D,CC,AK,D
11:25:00,JSMR,RG,3510,2,D,CC,AK,D
11:25:00,JSMR,RG,3510,13,D,CC,YU,D
11:25:00,JSMR,RG,3510,1,D,XC,YU,D
11:25:00,JSMR,RG,3510,1,D,XC,YU,D
11:25:00,JSMR,RG,3510,25,D,DR,YU,D
11:25:00,JSMR,RG,3510,4,D,DR,YU,D
11:25:00,JSMR,RG,3510,23,D,PD,YU,D
11:22:01,JSMR,RG,3510,2,D,PD,AK,D
11:22:01,JSMR,RG,3510,3,D,YP,AK,D
11:22:01,JSMR,RG,3510,6,D,CP,AK,D
11:22:00,JSMR,RG,3510,25,D,CP,AK,D
11:22:00,JSMR,RG,3510,72,D,CP,YU,D
11:21:57,JSMR,RG,3510,1,D,CP,AK,D
11:21:56,JSMR,RG,3510,2,D,CP,CC,D
11:20:00,JSMR,RG,3510,10,D,CP,AK,D
11:20:00,JSMR,RG,3510,6,D,CP,AK,D
11:20:00,JSMR,RG,3510,2,D,CP,AK,D
11:20:00,JSMR,RG,3510,37,D,CP,YU,D
11:18:18,JSMR,RG,3510,2,D,CP,AK,D
11:18:17,JSMR,RG,3510,4,D,CP,PD,D
11:18:06,JSMR,RG,3510,1,D,CP,AK,D
11:18:06,JSMR,RG,3520,1,D,PD,YU,D
11:18:01,JSMR,RG,3510,32,D,CP,AK,D
11:18:01,JSMR,RG,3510,1,D,PD,AK,D
11:18:01,JSMR,RG,3510,5,D,NI,AK,D
11:18:01,JSMR,RG,3510,2,D,SQ,AK,D
11:18:00,JSMR,RG,3510,18,D,SQ,YU,D
11:18:00,JSMR,RG,3510,50,D,CP,YU,D
11:18:00,JSMR,RG,3510,3,D,PD,YU,D
11:18:00,JSMR,RG,3510,12,F,AK,YU,D
11:17:49,JSMR,RG,3510,1,F,AK,AK,D
11:17:48,JSMR,RG,3510,1,F,AK,XC,D
11:16:00,JSMR,RG,3510,35,F,AK,AK,D
11:16:00,JSMR,RG,3510,14,F,AK,AK,D
11:16:00,JSMR,RG,3510,2,F,AK,AK,D
11:16:00,JSMR,RG,3510,12,F,AK,YU,D
11:16:00,JSMR,RG,3510,1,D,DH,YU,D
11:16:00,JSMR,RG,3510,1,D,CC,YU,D
11:16:00,JSMR,RG,3510,10,D,LG,YU,D
11:16:00,JSMR,RG,3510,1,D,PD,YU,D
11:16:00,JSMR,RG,3510,1,D,XC,YU,D
11:16:00,JSMR,RG,3510,10,D,DR,YU,D
11:16:00,JSMR,RG,3510,2,D,NI,YU,D
11:16:00,JSMR,RG,3510,1,F,OD,YU,D
11:16:00,JSMR,RG,3510,25,D,SQ,YU,D
11:16:00,JSMR,RG,3510,5,D,NI,YU,D
11:16:00,JSMR,RG,3510,1,D,YP,YU,D
11:16:00,JSMR,RG,3510,5,D,PD,YU,D
11:16:00,JSMR,RG,3510,5,D,NI,YU,D
11:16:00,JSMR,RG,3510,15,D,YP,YU,D
11:16:00,JSMR,RG,3510,3,D,YP,YU,D
11:16:00,JSMR,RG,3510,5,D,YP,YU,D
11:15:36,JSMR,RG,3510,10,D,YP,AK,D
11:15:36,JSMR,RG,3510,14,D,IF,AK,D
11:15:36,JSMR,RG,3520,27,D,KK,YU,D
11:15:36,JSMR,RG,3520,23,D,KK,ZP,F
11:15:31,JSMR,RG,3510,2,D,IF,AK,D
11:15:30,JSMR,RG,3510,3,D,IF,CC,D
11:14:01,JSMR,RG,3510,31,D,IF,AK,D
11:14:01,JSMR,RG,3510,8,D,PD,AK,D
11:14:01,JSMR,RG,3510,2,D,YP,AK,D
11:14:01,JSMR,RG,3510,5,D,NI,AK,D
11:14:01,JSMR,RG,3510,1,D,XC,AK,D
11:14:01,JSMR,RG,3510,16,D,CC,AK,D
11:14:01,JSMR,RG,3510,5,D,YP,AK,D
11:14:01,JSMR,RG,3510,6,D,PD,AK,D
11:14:00,JSMR,RG,3510,8,D,PD,YU,D
11:14:00,JSMR,RG,3510,12,F,AG,YU,D
11:14:00,JSMR,RG,3510,130,D,SC,YU,D
11:12:48,JSMR,RG,3510,1,D,SC,PD,D
11:11:00,JSMR,RG,3510,10,D,SC,AK,D
11:11:00,JSMR,RG,3510,13,D,SC,AK,D
11:11:00,JSMR,RG,3510,18,D,SC,AK,D
11:11:00,JSMR,RG,3510,83,D,SC,YU,D
11:08:53,JSMR,RG,3510,2,D,SC,AK,D
11:08:52,JSMR,RG,3520,5,D,YP,ZP,F
11:08:10,JSMR,RG,3510,2,D,SC,AK,D
11:08:09,JSMR,RG,3510,4,D,SC,PD,D
11:06:59,JSMR,RG,3510,5,D,SC,AK,D
11:06:59,JSMR,RG,3520,10,D,PD,ZP,F
11:06:22,JSMR,RG,3510,7,D,SC,AK,D
11:06:22,JSMR,RG,3510,22,D,SC,AK,D
11:06:22,JSMR,RG,3510,1,D,SC,AK,D
11:06:22,JSMR,RG,3520,13,D,CP,AK,D
11:06:22,JSMR,RG,3520,53,D,CP,YU,D
11:06:22,JSMR,RG,3520,33,D,CP,ZP,F
11:06:22,JSMR,RG,3520,1,D,CP,YU,D
11:06:01,JSMR,RG,3510,2,D,SC,AK,D
11:06:01,JSMR,RG,3510,4,D,XC,AK,D
11:06:01,JSMR,RG,3510,10,D,YP,AK,D
11:06:01,JSMR,RG,3510,10,D,LG,AK,D
11:06:00,JSMR,RG,3510,40,D,LG,YU,D
11:06:00,JSMR,RG,3510,1,D,CC,YU,D
11:06:00,JSMR,RG,3510,1,D,CC,YU,D
11:06:00,JSMR,RG,3510,2,D,ZP,YU,D
11:06:00,JSMR,RG,3510,9,D,OD,YU,D
11:05:07,JSMR,RG,3510,1,D,OD,AK,D
11:05:07,JSMR,RG,3510,2,D,PD,AK,D
11:05:06,JSMR,RG,3520,5,D,HP,YU,D
11:04:00,JSMR,RG,3510,4,D,PD,AK,D
11:04:00,JSMR,RG,3510,4,D,PD,AK,D
11:04:00,JSMR,RG,3510,1,D,YP,AK,D
11:04:00,JSMR,RG,3510,20,D,LG,AK,D
11:04:00,JSMR,RG,3510,1,D,PD,AK,D
11:04:00,JSMR,RG,3510,1,D,PD,AK,D
11:04:00,JSMR,RG,3510,63,D,YU,YU,D
11:01:41,JSMR,RG,3510,12,D,YU,AK,D
11:01:41,JSMR,RG,3510,1,D,YU,AK,D
11:01:41,JSMR,RG,3520,31,F,AK,YU,D
11:01:41,JSMR,RG,3520,18,F,AK,AK,D
11:01:41,JSMR,RG,3520,32,F,AK,ZP,F
11:01:07,JSMR,RG,3510,2,D,YU,AK,D
11:01:06,JSMR,RG,3520,5,D,YP,YU,D
10:58:53,JSMR,RG,3510,1,D,YU,AK,D
10:58:53,JSMR,RG,3520,1,D,PD,YU,D
10:58:39,JSMR,RG,3520,1,D,YP,YU,D
10:58:22,JSMR,RG,3510,10,D,YU,AK,D
10:58:21,JSMR,RG,3520,13,D,DR,YU,D
10:58:21,JSMR,RG,3520,7,D,DR,YU,D
10:58:17,JSMR,RG,3510,2,D,YU,AK,D
10:58:16,JSMR,RG,3510,4,D,YU,PD,D
10:58:05,JSMR,RG,3510,1,D,YU,AK,D
10:58:04,JSMR,RG,3520,1,D,XC,YU,D
10:58:01,JSMR,RG,3520,1,D,XC,YU,D
10:58:01,JSMR,RG,3510,4,D,YU,AK,D
10:58:01,JSMR,RG,3510,1,D,TF,AK,D
10:58:01,JSMR,RG,3510,1,D,CC,AK,D
10:58:01,JSMR,RG,3510,44,D,ZP,AK,D
10:58:00,JSMR,RG,3510,101,D,ZP,YU,D
10:56:00,JSMR,RG,3510,34,D,ZP,AK,D
10:56:00,JSMR,RG,3510,70,D,ZP,YU,D
10:55:51,JSMR,RG,3510,10,D,ZP,AK,D
10:55:51,JSMR,RG,3520,20,D,NI,YU,D
10:54:58,JSMR,RG,3510,1,D,ZP,AK,D
10:54:57,JSMR,RG,3510,1,D,ZP,YP,D
10:52:00,JSMR,RG,3510,17,D,ZP,AK,D
10:52:00,JSMR,RG,3510,36,D,ZP,YU,D
10:51:03,JSMR,RG,3510,5,D,ZP,AK,D
10:51:03,JSMR,RG,3510,10,D,ZP,LG,D
10:48:59,JSMR,RG,3510,1,D,ZP,AK,D
10:48:59,JSMR,RG,3520,1,D,YP,YU,D
10:48:12,JSMR,RG,3510,2,D,ZP,AK,D
10:48:11,JSMR,RG,3510,4,D,ZP,PD,D
10:48:00,JSMR,RG,3510,33,D,ZP,AK,D
10:48:00,JSMR,RG,3510,31,D,ZP,YU,D
10:48:00,JSMR,RG,3510,5,D,CC,YU,D
10:48:00,JSMR,RG,3510,2,D,NI,YU,D
10:48:00,JSMR,RG,3510,5,D,YP,YU,D
10:48:00,JSMR,RG,3510,2,D,LG,YU,D
10:48:00,JSMR,RG,3510,7,D,PD,YU,D
10:48:00,JSMR,RG,3510,2,D,LG,YU,D
10:48:00,JSMR,RG,3510,10,D,PD,YU,D
10:48:00,JSMR,RG,3510,2,D,LG,YU,D
10:48:00,JSMR,RG,3510,1,D,CC,YU,D
10:46:01,JSMR,RG,3510,2,D,CC,AK,D
10:46:01,JSMR,RG,3510,10,D,YP,AK,D
10:46:01,JSMR,RG,3510,1,D,LG,AK,D
10:46:01,JSMR,RG,3510,1,D,CC,AK,D
10:46:01,JSMR,RG,3510,19,D,YP,AK,D
10:46:01,JSMR,RG,3510,7,D,YP,AK,D
10:46:00,JSMR,RG,3510,3,D,YP,YU,D
10:46:00,JSMR,RG,3510,10,D,YP,YU,D
10:46:00,JSMR,RG,3510,1,D,CC,YU,D
10:46:00,JSMR,RG,3510,67,D,AZ,YU,D
10:45:21,JSMR,RG,3520,1,D,CC,YU,D
10:43:39,JSMR,RG,3510,1,D,AZ,AK,D
10:43:38,JSMR,RG,3520,1,D,PD,YU,D
10:43:04,JSMR,RG,3510,6,D,AZ,AK,D
10:43:03,JSMR,RG,3520,12,D,PD,YU,D
10:43:00,JSMR,RG,3510,7,D,AZ,AK,D
10:43:00,JSMR,RG,3510,19,D,AZ,AK,D
10:43:00,JSMR,RG,3510,1,D,XC,YU,D
10:43:00,JSMR,RG,3510,10,D,IF,YU,D
10:43:00,JSMR,RG,3510,30,D,GR,YU,D
10:43:00,JSMR,RG,3510,5,D,YP,YU,D
10:43:00,JSMR,RG,3510,8,D,PD,YU,D
10:42:44,JSMR,RG,3510,2,D,PD,AK,D
10:42:44,JSMR,RG,3510,1,D,XL,AK,D
10:42:43,JSMR,RG,3520,5,D,YP,YU,D
10:41:00,JSMR,RG,3510,1,D,XL,AK,D
10:41:00,JSMR,RG,3510,22,D,PD,AK,D
10:41:00,JSMR,RG,3510,6,D,PD,YU,D
10:41:00,JSMR,RG,3510,1,D,PD,YU,D
10:41:00,JSMR,RG,3510,14,D,EP,YU,D
10:41:00,JSMR,RG,3510,27,D,DR,YU,D
10:39:01,JSMR,RG,3510,23,D,DR,AK,D
10:39:01,JSMR,RG,3510,11,D,YP,AK,D
10:39:00,JSMR,RG,3520,1,D,KK,YU,D
10:39:00,JSMR,RG,3520,3,D,NI,YU,D
10:39:00,JSMR,RG,3520,2,D,YU,YU,D
10:39:00,JSMR,RG,3520,63,F,AK,YU,D
10:38:26,JSMR,RG,3520,2,F,AK,AK,D
10:38:25,JSMR,RG,3520,1,F,AK,PD,D
10:38:25,JSMR,RG,3520,1,D,CC,PD,D
10:38:25,JSMR,RG,3520,2,D,YP,PD,D
10:37:14,JSMR,RG,3520,17,D,YP,AK,D
10:37:14,JSMR,RG,3520,35,D,YP,PD,D
10:36:54,JSMR,RG,3520,1,D,YP,AK,D
10:36:53,JSMR,RG,3520,1,D,YP,AK,F
10:36:45,JSMR,RG,3520,11,D,YP,AK,D
10:36:45,JSMR,RG,3520,22,D,YP,ZP,F
10:36:04,JSMR,RG,3520,1,D,YP,AK,D
10:36:03,JSMR,RG,3520,2,D,YP,AK,F
10:36:00,JSMR,RG,3520,3,D,YP,AK,D
10:36:00,JSMR,RG,3520,5,D,YP,AK,D
10:36:00,JSMR,RG,3520,3,D,CC,AK,D
10:36:00,JSMR,RG,3520,1,D,NI,AK,D
10:36:00,JSMR,RG,3520,14,D,YP,AK,D
10:36:00,JSMR,RG,3520,1,D,YP,AK,D
10:36:00,JSMR,RG,3520,5,D,DR,AK,D
10:36:00,JSMR,RG,3520,20,D,DR,YU,D
10:36:00,JSMR,RG,3520,2,D,DX,YU,D
10:36:00,JSMR,RG,3520,1,D,CC,YU,D
10:36:00,JSMR,RG,3520,3,D,YP,YU,D
10:36:00,JSMR,RG,3520,10,D,CC,YU,D
10:36:00,JSMR,RG,3520,5,D,DR,YU,D
10:36:00,JSMR,RG,3520,24,D,AI,YU,D
10:34:01,JSMR,RG,3520,22,D,AI,AK,D
10:34:00,JSMR,RG,3520,4,D,AI,YU,D
10:34:00,JSMR,RG,3520,1,D,XL,YU,D
10:34:00,JSMR,RG,3520,1,D,PD,YU,D
10:34:00,JSMR,RG,3520,1,D,NI,YU,D
10:34:00,JSMR,RG,3520,38,F,AK,YU,D
10:31:50,JSMR,RG,3520,2,F,AK,AK,D
10:31:50,JSMR,RG,3520,5,F,AK,XL,D
10:31:34,JSMR,RG,3520,2,F,AK,AK,D
10:31:33,JSMR,RG,3520,4,F,AK,AK,F
10:31:33,JSMR,RG,3520,3,F,AK,AK,D
10:31:33,JSMR,RG,3520,20,D,YP,AK,D
10:31:33,JSMR,RG,3520,14,D,YP,AK,D
10:31:32,JSMR,RG,3520,6,D,YP,AZ,D
10:31:32,JSMR,RG,3520,1,D,NI,AZ,D
10:31:32,JSMR,RG,3520,68,D,EP,AZ,D
10:31:07,JSMR,RG,3520,18,D,EP,AK,D
10:31:06,JSMR,RG,3530,35,D,KK,YU,F
10:31:01,JSMR,RG,3520,26,D,EP,AK,D
10:31:00,JSMR,RG,3520,54,D,EP,YU,D
10:30:14,JSMR,RG,3520,3,D,EP,AK,D
10:30:13,JSMR,RG,3530,5,D,CC,YU,F
10:29:08,JSMR,RG,3520,5,D,EP,AK,D
10:29:08,JSMR,RG,3530,10,D,NI,YU,F
10:29:00,JSMR,RG,3520,4,D,EP,AK,D
10:28:59,JSMR,RG,3530,10,D,NI,YU,F
10:28:50,JSMR,RG,3520,5,D,EP,AK,D
10:28:50,JSMR,RG,3530,10,D,NI,YU,F
10:28:18,JSMR,RG,3520,1,D,EP,AK,D
10:28:18,JSMR,RG,3520,1,D,EP,PD,D
10:28:09,JSMR,RG,3520,2,D,EP,AK,D
10:28:08,JSMR,RG,3520,4,D,EP,PD,D
10:27:04,JSMR,RG,3520,4,D,EP,AK,D
10:27:03,JSMR,RG,3520,8,D,EP,AK,F
10:27:01,JSMR,RG,3520,22,D,EP,AK,D
10:27:00,JSMR,RG,3520,45,D,EP,YU,D
10:26:34,JSMR,RG,3520,7,D,EP,AK,D
10:26:33,JSMR,RG,3530,15,D,YP,YU,F
10:24:00,JSMR,RG,3520,25,D,EP,AK,D
10:24:00,JSMR,RG,3520,51,D,EP,YU,D
10:21:00,JSMR,RG,3520,30,D,EP,AK,D
10:21:00,JSMR,RG,3520,61,D,EP,YU,D
10:20:21,JSMR,RG,3520,6,D,EP,AK,D
10:20:21,JSMR,RG,3520,1,D,EP,AK,F
10:20:21,JSMR,RG,3520,5,D,EP,AK,F
10:20:20,JSMR,RG,3520,6,D,EP,XC,D
10:19:01,JSMR,RG,3520,34,D,EP,AK,D
10:19:00,JSMR,RG,3520,69,D,EP,YU,D
10:18:15,JSMR,RG,3520,2,D,EP,AK,D
10:18:14,JSMR,RG,3520,4,D,EP,PD,D
10:15:01,JSMR,RG,3520,24,D,EP,AK,D
10:15:00,JSMR,RG,3520,49,D,EP,YU,D
10:14:04,JSMR,RG,3520,35,D,EP,AK,D
10:14:03,JSMR,RG,3530,70,D,PD,YU,F
10:12:36,JSMR,RG,3520,10,D,EP,AK,D
10:12:35,JSMR,RG,3520,21,D,EP,AK,F
10:12:34,JSMR,RG,3520,49,D,EP,AK,D
10:12:34,JSMR,RG,3520,1,D,EP,XC,D
10:12:34,JSMR,RG,3520,2,D,EP,XC,D
10:12:34,JSMR,RG,3520,100,D,EP,SQ,D
10:12:34,JSMR,RG,3520,40,D,EP,AK,D
10:12:34,JSMR,RG,3520,7,D,EP,AK,D
10:12:34,JSMR,RG,3520,44,D,EP,YU,D
10:12:34,JSMR,RG,3520,20,D,EP,YU,D
10:12:34,JSMR,RG,3520,27,D,EP,ZP,F
10:10:18,JSMR,RG,3510,2,D,YP,AK,D
10:10:18,JSMR,RG,3520,5,D,PD,ZP,F
10:10:00,JSMR,RG,3510,7,D,YP,AK,D
10:10:00,JSMR,RG,3510,30,D,KK,AK,D
10:10:00,JSMR,RG,3510,20,D,KK,YU,D
10:10:00,JSMR,RG,3510,6,D,XC,YU,D
10:10:00,JSMR,RG,3510,1,D,LG,YU,D
10:10:00,JSMR,RG,3510,1,D,XC,YU,D
10:10:00,JSMR,RG,3510,6,D,XC,YU,D
10:10:00,JSMR,RG,3510,2,D,PD,YU,D
10:10:00,JSMR,RG,3510,3,D,YP,YU,D
10:10:00,JSMR,RG,3510,13,D,CC,YU,D
10:10:00,JSMR,RG,3510,20,D,YP,YU,D
10:10:00,JSMR,RG,3510,1,D,XL,YU,D
10:10:00,JSMR,RG,3510,1,D,XC,YU,D
10:08:18,JSMR,RG,3510,1,D,XC,AK,D
10:08:18,JSMR,RG,3510,1,D,DH,AK,D
10:08:17,JSMR,RG,3510,4,D,NI,PD,D
10:08:00,JSMR,RG,3510,1,D,NI,AK,D
10:08:00,JSMR,RG,3510,19,D,IF,AK,D
10:08:00,JSMR,RG,3510,41,D,IF,YU,D
10:07:56,JSMR,RG,3510,1,D,IF,AK,D
10:07:55,JSMR,RG,3520,2,D,LG,ZP,F
10:07:40,JSMR,RG,3510,1,D,IF,AK,D
10:07:40,JSMR,RG,3520,2,D,LG,ZP,F
10:07:16,JSMR,RG,3510,3,D,IF,AK,D
10:07:15,JSMR,RG,3510,5,D,IF,YP,D
10:07:15,JSMR,RG,3510,1,D,IF,YP,D
10:06:51,JSMR,RG,3520,1,D,LG,AK,F
10:06:07,JSMR,RG,3510,1,D,IF,AK,D
10:06:06,JSMR,RG,3520,1,D,LG,AK,F
10:06:00,JSMR,RG,3510,25,D,IF,AK,D
10:06:00,JSMR,RG,3510,3,D,IF,YU,D
10:06:00,JSMR,RG,3510,5,D,CC,YU,D
10:06:00,JSMR,RG,3510,15,F,AG,YU,D
10:06:00,JSMR,RG,3510,1,D,PD,YU,D
10:06:00,JSMR,RG,3510,1,D,PD,YU,D
10:06:00,JSMR,RG,3510,27,F,AK,YU,D
10:04:01,JSMR,RG,3510,25,F,AK,AK,D
10:04:00,JSMR,RG,3510,30,F,AK,YU,D
10:04:00,JSMR,RG,3510,20,D,CC,YU,D
10:02:16,JSMR,RG,3510,1,D,PD,AK,D
10:02:16,JSMR,RG,3510,4,D,YP,AK,D
10:02:16,JSMR,RG,3510,10,D,YP,NI,D
10:02:00,JSMR,RG,3510,14,D,YP,AK,D
10:02:00,JSMR,RG,3510,3,D,KK,AK,D
10:02:00,JSMR,RG,3510,1,D,CC,AK,D
10:02:00,JSMR,RG,3510,2,D,AI,AK,D
10:02:00,JSMR,RG,3510,1,D,NI,AK,D
10:02:00,JSMR,RG,3510,10,D,IP,AK,D
10:02:00,JSMR,RG,3510,62,D,YP,YU,D
10:00:04,JSMR,RG,3510,2,D,YP,AK,D
10:00:03,JSMR,RG,3520,5,D,YB,AK,F
10:00:01,JSMR,RG,3510,36,D,YP,AK,D
10:00:00,JSMR,RG,3510,73,D,YP,YU,D
09:58:14,JSMR,RG,3510,2,D,YP,AK,D
09:58:13,JSMR,RG,3510,4,D,YP,PD,D
09:58:01,JSMR,RG,3510,23,D,YP,AK,D
09:58:00,JSMR,RG,3510,46,D,YP,YU,D
09:57:24,JSMR,RG,3510,14,D,YP,AK,D
09:57:23,JSMR,RG,3530,30,D,PD,YU,F
09:56:00,JSMR,RG,3510,23,D,YP,AK,D
09:56:00,JSMR,RG,3510,45,D,YP,YU,D
09:54:01,JSMR,RG,3510,82,D,YP,AK,D
09:54:00,JSMR,RG,3510,168,D,YP,YU,D
09:53:48,JSMR,RG,3520,1,D,PD,AK,D
09:53:48,JSMR,RG,3520,2,D,PD,AK,F
09:52:30,JSMR,RG,3510,1,D,YP,AK,D
09:52:30,JSMR,RG,3530,2,D,XL,YU,F
09:50:38,JSMR,RG,3510,1,D,YP,AK,D
09:50:37,JSMR,RG,3520,1,D,CC,AK,F
09:50:17,JSMR,RG,3510,1,D,YP,XL,D
09:50:07,JSMR,RG,3510,2,D,YP,AK,D
09:50:07,JSMR,RG,3520,4,D,YP,AK,F
09:50:07,JSMR,RG,3520,7,D,YP,AK,D
09:50:07,JSMR,RG,3520,14,D,YP,YU,D
09:49:58,JSMR,RG,3510,9,D,YP,AK,D
09:49:57,JSMR,RG,3520,18,D,YP,YU,D
09:49:57,JSMR,RG,3520,2,D,YP,AK,D
09:49:57,JSMR,RG,3520,5,D,YP,ZP,F
09:49:20,JSMR,RG,3510,1,D,YP,AK,D
09:49:19,JSMR,RG,3520,1,D,PD,ZP,F
09:49:00,JSMR,RG,3510,2,D,YP,AK,D
09:48:59,JSMR,RG,3520,5,D,PD,ZP,F
09:48:58,JSMR,RG,3510,1,D,YP,AK,D
09:48:57,JSMR,RG,3520,2,D,RX,ZP,F
09:48:50,JSMR,RG,3510,44,D,YP,AK,D
09:48:50,JSMR,RG,3520,13,F,AK,ZP,F
09:48:50,JSMR,RG,3520,38,F,AK,YU,D
09:48:50,JSMR,RG,3520,15,F,AK,YU,D
09:48:50,JSMR,RG,3510,59,D,YP,AK,D
09:48:50,JSMR,RG,3510,23,D,YP,AK,D
09:48:50,JSMR,RG,3520,20,D,NI,AK,D
09:48:50,JSMR,RG,3520,230,D,NI,YU,F
09:48:44,JSMR,RG,3510,99,D,YP,AK,D
09:48:44,JSMR,RG,3510,177,D,YP,LG,D
09:48:44,JSMR,RG,3510,5,D,YP,LG,D
09:48:44,JSMR,RG,3510,5,D,CC,LG,D
09:48:44,JSMR,RG,3510,13,D,YP,LG,D
09:48:20,JSMR,RG,3510,2,D,YP,AK,D
09:48:20,JSMR,RG,3510,4,D,YP,PD,D
09:48:00,JSMR,RG,3510,33,D,YP,AK,D
09:48:00,JSMR,RG,3510,48,D,YP,YU,D
09:48:00,JSMR,RG,3510,1,D,NI,YU,D
09:48:00,JSMR,RG,3510,1,D,NI,YU,D
09:48:00,JSMR,RG,3510,10,D,NI,YU,D
09:48:00,JSMR,RG,3510,2,D,EP,YU,D
09:48:00,JSMR,RG,3510,2,D,YP,YU,D
09:48:00,JSMR,RG,3510,1,D,YP,YU,D
09:48:00,JSMR,RG,3510,3,D,YP,YU,D
09:47:25,JSMR,RG,3510,7,D,YP,AK,D
09:47:25,JSMR,RG,3510,3,D,RX,AK,D
09:47:25,JSMR,RG,3510,3,D,PD,AK,D
09:47:24,JSMR,RG,3510,3,D,NI,OD,D
09:47:24,JSMR,RG,3510,1,D,XA,OD,D
09:47:24,JSMR,RG,3510,23,D,IF,OD,D
09:47:10,JSMR,RG,3510,1,D,IF,AK,D
09:47:09,JSMR,RG,3520,2,D,XL,YU,F
09:45:01,JSMR,RG,3510,36,D,IF,AK,D
09:45:00,JSMR,RG,3510,72,D,IF,YU,D
09:44:40,JSMR,RG,3510,7,D,IF,AK,D
09:44:39,JSMR,RG,3520,14,D,DR,YU,F
09:44:04,JSMR,RG,3510,1,D,IF,AK,D
09:44:04,JSMR,RG,3520,2,D,YP,YU,F
09:43:47,JSMR,RG,3520,1,D,CC,YU,F
09:42:01,JSMR,RG,3510,60,D,IF,AK,D
09:42:01,JSMR,RG,3510,5,D,NI,AK,D
09:42:01,JSMR,RG,3510,2,D,NI,AK,D
09:42:01,JSMR,RG,3510,2,D,RX,AK,D
09:42:00,JSMR,RG,3520,30,D,RX,YU,F
09:42:00,JSMR,RG,3510,13,D,RX,YU,D
09:42:00,JSMR,RG,3510,97,D,PD,YU,D
09:41:59,JSMR,RG,3510,3,D,PD,AK,D
09:41:59,JSMR,RG,3510,5,D,YP,AK,D
09:41:59,JSMR,RG,3510,2,D,YP,AK,D
09:41:59,JSMR,RG,3510,1,D,YP,AK,D
09:41:59,JSMR,RG,3510,7,D,NI,AK,D
09:41:58,JSMR,RG,3520,100,D,IF,YU,F
09:41:11,JSMR,RG,3510,1,D,NI,PD,D
09:40:08,JSMR,RG,3520,35,D,LG,YU,F
09:40:08,JSMR,RG,3520,15,D,LG,AK,D
09:39:44,JSMR,RG,3520,1,D,PD,AK,D
09:39:35,JSMR,RG,3520,5,D,XC,AK,D
09:38:29,JSMR,RG,3520,29,D,YU,AK,D
09:38:29,JSMR,RG,3520,1,D,YU,YU,D
09:38:18,JSMR,RG,3510,2,D,NI,AK,D
09:38:18,JSMR,RG,3510,4,D,NI,PD,D
09:38:04,JSMR,RG,3510,26,D,NI,AK,D
09:38:04,JSMR,RG,3510,5,D,YP,AK,D
09:38:04,JSMR,RG,3510,1,D,NI,AK,D
09:38:04,JSMR,RG,3510,17,D,YP,AK,D
09:38:04,JSMR,RG,3520,36,D,NI,YU,D
09:38:04,JSMR,RG,3520,31,D,NI,YU,D
09:38:04,JSMR,RG,3520,33,D,NI,ZP,F
09:38:01,JSMR,RG,3510,8,D,YP,AK,D
09:38:01,JSMR,RG,3510,5,D,YP,AK,D
09:38:01,JSMR,RG,3510,1,D,CC,AK,D
09:38:01,JSMR,RG,3510,10,D,YP,AK,D
09:38:01,JSMR,RG,3510,3,D,YP,AK,D
09:38:00,JSMR,RG,3510,2,D,YP,YU,D
09:38:00,JSMR,RG,3510,27,D,RX,YU,D
09:38:00,JSMR,RG,3510,10,D,EP,YU,D
09:38:00,JSMR,RG,3510,16,D,IP,YU,D
09:37:57,JSMR,RG,3510,10,D,IP,AK,D
09:37:57,JSMR,RG,3510,20,D,IP,LG,D
09:37:28,JSMR,RG,3520,1,D,XL,ZP,F
09:36:29,JSMR,RG,3510,1,D,IP,AK,D
09:36:28,JSMR,RG,3520,2,D,YP,ZP,F
09:36:13,JSMR,RG,3510,38,D,IP,AK,D
09:36:13,JSMR,RG,3510,1,D,XC,AK,D
09:36:13,JSMR,RG,3510,1,D,PD,AK,D
09:36:13,JSMR,RG,3510,5,D,PD,AK,D
09:36:13,JSMR,RG,3510,8,D,EP,AK,D
09:36:13,JSMR,RG,3510,20,D,NI,AK,D
09:36:12,JSMR,RG,3520,2,D,XL,AK,F
09:36:12,JSMR,RG,3520,1,D,YP,AK,F
09:36:12,JSMR,RG,3520,10,D,PD,AK,F
09:36:12,JSMR,RG,3520,1,D,YP,AK,F
09:36:12,JSMR,RG,3520,14,D,RX,AK,F
09:36:12,JSMR,RG,3520,20,D,NI,AK,F
09:36:12,JSMR,RG,3520,100,D,NI,CC,D
09:36:00,JSMR,RG,3520,5,D,YP,AK,D
09:36:00,JSMR,RG,3520,14,D,RX,AK,D
09:36:00,JSMR,RG,3520,1,D,PD,AK,D
09:36:00,JSMR,RG,3520,2,D,XC,AK,D
09:36:00,JSMR,RG,3520,2,D,DR,AK,D
09:36:00,JSMR,RG,3520,48,D,DR,YU,D
09:36:00,JSMR,RG,3520,1,D,XC,YU,D
09:34:01,JSMR,RG,3520,2,D,XC,AK,D
09:34:01,JSMR,RG,3520,1,D,PD,AK,D
09:34:01,JSMR,RG,3520,8,D,PD,AK,D
09:34:01,JSMR,RG,3520,1,D,PD,AK,F
09:34:01,JSMR,RG,3520,3,D,DR,AK,F
09:34:01,JSMR,RG,3520,3,D,XL,AK,F
09:34:00,JSMR,RG,3520,5,D,XL,AK,D
09:34:00,JSMR,RG,3520,11,D,RX,AK,D
09:34:00,JSMR,RG,3520,32,D,OD,AK,D
09:34:00,JSMR,RG,3520,15,D,OD,AK,F
09:34:00,JSMR,RG,3520,53,D,OD,YU,D
09:34:00,JSMR,RG,3520,8,D,RX,YU,D
09:34:00,JSMR,RG,3520,5,D,YP,YU,D
09:34:00,JSMR,RG,3520,10,D,NI,YU,D
09:34:00,JSMR,RG,3520,21,D,GR,YU,D
09:32:43,JSMR,RG,3520,2,D,GR,AK,D
09:32:42,JSMR,RG,3520,5,D,GR,DR,D
09:32:21,JSMR,RG,3520,7,D,GR,AK,D
09:32:21,JSMR,RG,3520,14,D,GR,EP,D
09:32:14,JSMR,RG,3520,1,D,GR,AK,D
09:32:14,JSMR,RG,3520,1,F,OD,AK,D
09:32:14,JSMR,RG,3520,1,D,XC,AK,D
09:32:13,JSMR,RG,3520,2,D,XC,ZP,F
09:32:13,JSMR,RG,3520,1,D,PD,ZP,F
09:32:13,JSMR,RG,3520,2,D,RX,ZP,F
09:31:35,JSMR,RG,3520,1,D,RX,XC,D
09:31:01,JSMR,RG,3520,11,D,RX,AK,D
09:31:01,JSMR,RG,3520,1,D,XC,AK,D
09:31:01,JSMR,RG,3520,1,D,LG,AK,D
09:31:01,JSMR,RG,3520,17,F,AK,AK,D
09:31:00,JSMR,RG,3520,60,F,AK,YU,D
09:31:00,JSMR,RG,3520,1,D,YP,YU,D
09:29:48,JSMR,RG,3520,3,D,DH,AK,D
09:29:48,JSMR,RG,3530,6,D,RX,YU,D
09:29:46,JSMR,RG,3520,1,D,DH,AK,D
09:29:46,JSMR,RG,3530,1,D,NI,YU,D
09:29:41,JSMR,RG,3520,7,D,DH,AK,D
09:29:40,JSMR,RG,3520,14,D,DH,ZP,F
09:29:28,JSMR,RG,3520,18,D,DH,AK,D
09:29:28,JSMR,RG,3520,1,D,XC,AK,D
09:29:28,JSMR,RG,3520,1,D,YU,AK,D
09:29:28,JSMR,RG,3520,2,D,YU,AK,D
09:29:28,JSMR,RG,3520,5,D,XC,AK,D
09:29:28,JSMR,RG,3520,2,D,PD,AK,D
09:29:28,JSMR,RG,3520,3,D,XA,AK,D
09:29:28,JSMR,RG,3520,8,D,YP,AK,D
09:29:28,JSMR,RG,3530,53,D,EP,NI,D
09:29:28,JSMR,RG,3530,3,D,EP,AK,D
09:29:28,JSMR,RG,3530,10,D,EP,MI,D
09:29:28,JSMR,RG,3530,13,D,EP,EP,D
09:29:28,JSMR,RG,3530,3,D,EP,AK,D
09:29:28,JSMR,RG,3530,18,D,EP,YU,D
09:28:43,JSMR,RG,3520,2,D,YP,AK,D
09:28:42,JSMR,RG,3520,4,D,YP,PD,D
09:27:01,JSMR,RG,3520,11,D,YP,AK,D
09:27:01,JSMR,RG,3520,14,D,RX,AK,D
09:27:01,JSMR,RG,3520,28,D,IF,AK,D
09:27:00,JSMR,RG,3520,107,D,IF,YU,D
09:26:52,JSMR,RG,3520,14,D,IF,AK,D
09:26:51,JSMR,RG,3520,1,D,IF,ZP,F
09:26:51,JSMR,RG,3520,10,D,CC,ZP,F
09:26:51,JSMR,RG,3520,13,D,RX,ZP,F
09:26:51,JSMR,RG,3520,6,D,SQ,ZP,F
09:23:22,JSMR,RG,3520,1,D,SQ,AK,D
09:23:21,JSMR,RG,3520,1,D,SQ,XC,D
09:23:00,JSMR,RG,3520,42,D,SQ,AK,D
09:23:00,JSMR,RG,3520,1,D,LG,AK,D
09:23:00,JSMR,RG,3520,25,D,NI,YU,D
09:23:00,JSMR,RG,3520,1,D,YP,YU,D
09:23:00,JSMR,RG,3520,5,D,XC,YU,D
09:23:00,JSMR,RG,3520,13,D,RX,YU,D
09:23:00,JSMR,RG,3520,5,D,CC,YU,D
09:23:00,JSMR,RG,3520,5,D,NI,YU,D
09:23:00,JSMR,RG,3520,5,D,YP,YU,D
09:23:00,JSMR,RG,3520,3,D,CC,YU,D
09:23:00,JSMR,RG,3520,20,D,NI,YU,D
09:23:00,JSMR,RG,3520,5,D,NI,YU,D
09:23:00,JSMR,RG,3520,10,D,DR,YU,D
09:21:39,JSMR,RG,3520,2,D,DR,PD,D
09:20:45,JSMR,RG,3530,5,D,NI,YU,D
09:20:38,JSMR,RG,3530,1,D,YP,YU,D
09:20:07,JSMR,RG,3520,12,D,DR,AK,D
09:20:06,JSMR,RG,3530,1,D,PD,AK,D
09:20:06,JSMR,RG,3530,5,D,NI,AK,D
09:20:06,JSMR,RG,3530,1,D,RX,AK,D
09:20:05,JSMR,RG,3530,16,D,RX,YP,D
09:20:05,JSMR,RG,3530,5,D,IF,YP,D
09:20:04,JSMR,RG,3530,4,D,IF,AK,D
09:20:04,JSMR,RG,3530,1,D,IF,AK,F
09:20:04,JSMR,RG,3530,8,D,IF,AK,F
09:20:00,JSMR,RG,3530,29,D,IF,AK,D
09:20:00,JSMR,RG,3530,6,D,IF,AK,F
09:20:00,JSMR,RG,3530,52,D,IF,YU,D
09:18:28,JSMR,RG,3530,2,D,IF,AK,D
09:18:27,JSMR,RG,3530,5,D,IF,KK,D
09:18:26,JSMR,RG,3530,2,D,IF,AK,D
09:18:25,JSMR,RG,3530,4,D,IF,PD,D
09:16:39,JSMR,RG,3530,1,D,IF,AK,D
09:16:38,JSMR,RG,3530,1,D,IF,YP,D
09:16:27,JSMR,RG,3530,1,D,IF,PD,D
09:16:27,JSMR,RG,3530,10,D,IF,AK,D
09:16:27,JSMR,RG,3530,19,D,IF,MI,D
09:16:01,JSMR,RG,3530,1,D,XL,MI,D
09:15:28,JSMR,RG,3540,2,D,YU,PD,D
09:14:31,JSMR,RG,3540,1,D,XC,PD,D
09:12:55,JSMR,RG,3520,1,D,DR,AK,D
09:12:55,JSMR,RG,3520,1,D,YP,AK,D
09:12:54,JSMR,RG,3530,1,D,RX,AK,D
09:12:54,JSMR,RG,3530,2,D,NI,AK,D
09:12:54,JSMR,RG,3530,6,D,NI,YP,D
09:12:50,JSMR,RG,3530,2,D,NI,AK,D
09:12:50,JSMR,RG,3530,1,D,NI,AK,D
09:12:50,JSMR,RG,3530,2,D,RX,AK,D
09:12:49,JSMR,RG,3530,10,D,CC,DR,D
09:11:54,JSMR,RG,3520,4,D,YP,AK,D
09:11:54,JSMR,RG,3520,20,D,KK,AK,D
09:11:54,JSMR,RG,3530,21,D,RX,AK,D
09:11:53,JSMR,RG,3530,34,F,AK,YP,D
09:11:53,JSMR,RG,3530,59,D,ZP,YP,D
09:11:47,JSMR,RG,3530,7,D,ZP,AK,D
09:11:47,JSMR,RG,3530,1,D,ZP,AK,F
09:11:46,JSMR,RG,3530,12,D,ZP,AK,F
09:11:46,JSMR,RG,3530,7,D,ZP,AK,D
09:11:46,JSMR,RG,3530,13,D,ZP,MI,D
09:11:46,JSMR,RG,3530,1,D,ZP,DR,D
09:11:36,JSMR,RG,3520,1,D,KK,CC,D
09:11:27,JSMR,RG,3520,7,D,KK,AK,D
09:11:26,JSMR,RG,3530,13,D,RX,DR,D
09:11:24,JSMR,RG,3520,2,D,KK,AK,D
09:11:24,JSMR,RG,3520,1,D,XL,AK,D
09:11:24,JSMR,RG,3520,3,D,XL,AK,D
09:11:24,JSMR,RG,3520,1,D,XL,AK,D
09:11:24,JSMR,RG,3520,11,D,YP,AK,D
09:11:24,JSMR,RG,3520,5,D,RX,AK,D
09:11:24,JSMR,RG,3520,7,D,CC,AK,D
09:11:24,JSMR,RG,3530,57,D,IF,DR,D
09:11:24,JSMR,RG,3530,6,D,IF,NI,D
09:11:24,JSMR,RG,3530,23,D,IF,AK,D
09:11:24,JSMR,RG,3530,1,D,IF,NI,D
09:11:24,JSMR,RG,3530,10,D,IF,CC,D
09:11:24,JSMR,RG,3530,1,D,IF,YP,D
09:11:24,JSMR,RG,3530,6,D,IF,AK,D
09:11:24,JSMR,RG,3530,46,D,IF,NI,D
09:11:00,JSMR,RG,3520,1,D,CC,AK,D
09:10:59,JSMR,RG,3530,1,D,LG,NI,D
09:10:30,JSMR,RG,3530,1,D,LG,NI,D
09:10:02,JSMR,RG,3520,1,D,CC,AK,D
09:10:02,JSMR,RG,3530,1,D,RX,NI,D
09:10:02,JSMR,RG,3520,1,D,CC,AK,D
09:10:01,JSMR,RG,3530,2,D,LG,NI,D
09:09:47,JSMR,RG,3520,2,D,CC,AK,D
09:09:47,JSMR,RG,3530,2,D,LG,NI,D
09:09:46,JSMR,RG,3530,2,D,RX,NI,D
09:09:44,JSMR,RG,3520,5,D,CC,AK,D
09:09:43,JSMR,RG,3520,3,D,CC,XA,D
09:09:43,JSMR,RG,3520,7,D,CC,XA,D
09:09:35,JSMR,RG,3520,5,D,CC,AK,D
09:09:34,JSMR,RG,3520,8,D,CC,XA,D
09:09:34,JSMR,RG,3520,1,D,RX,XA,D
09:09:34,JSMR,RG,3520,1,D,CC,XA,D
09:09:34,JSMR,RG,3530,2,D,LG,NI,D
09:09:22,JSMR,RG,3520,1,D,CC,AK,D
09:09:21,JSMR,RG,3530,2,D,LG,NI,D
09:09:04,JSMR,RG,3520,1,D,CC,AK,D
09:09:04,JSMR,RG,3530,1,D,RX,NI,D
09:09:03,JSMR,RG,3520,1,D,CC,AK,D
09:09:02,JSMR,RG,3530,2,D,LG,NI,D
09:08:34,JSMR,RG,3530,1,D,LG,NI,D
09:07:03,JSMR,RG,3520,3,D,CC,AK,D
09:07:03,JSMR,RG,3530,5,D,CC,NI,D
09:07:02,JSMR,RG,3520,3,D,CC,AK,D
09:07:02,JSMR,RG,3520,2,D,RX,AK,D
09:07:02,JSMR,RG,3520,1,D,KK,AK,D
09:07:02,JSMR,RG,3530,10,D,NI,NI,D
09:07:02,JSMR,RG,3530,2,D,YP,NI,D
09:06:21,JSMR,RG,3530,1,D,RX,NI,D
09:06:20,JSMR,RG,3520,4,D,PD,AK,D
09:06:20,JSMR,RG,3530,7,D,PD,NI,D
09:04:25,JSMR,RG,3520,4,D,PD,AK,D
09:04:25,JSMR,RG,3530,2,D,RX,NI,D
09:04:25,JSMR,RG,3530,10,D,CC,NI,D
09:02:59,JSMR,RG,3520,7,D,PD,AK,D
09:02:59,JSMR,RG,3520,1,D,EP,AK,D
09:02:59,JSMR,RG,3530,1,D,RX,AK,D
09:02:59,JSMR,RG,3530,4,D,YP,AK,D
09:02:58,JSMR,RG,3530,1,D,YP,AK,F
09:02:58,JSMR,RG,3530,2,D,PD,AK,F
09:02:58,JSMR,RG,3530,3,D,PD,YP,D
09:02:58,JSMR,RG,3530,17,D,NI,YP,D
09:02:07,JSMR,RG,3530,2,D,NI,AK,D
09:02:06,JSMR,RG,3530,1,D,NI,YP,D
09:02:06,JSMR,RG,3530,3,D,RX,YP,D
09:02:06,JSMR,RG,3530,1,D,NI,YP,D
09:01:52,JSMR,RG,3530,7,D,NI,AK,D
09:01:52,JSMR,RG,3540,2,D,RX,PD,D
09:01:52,JSMR,RG,3530,12,D,NI,YP,D
09:01:46,JSMR,RG,3530,2,D,RX,AK,D
09:01:46,JSMR,RG,3530,5,D,GR,AK,D
09:01:46,JSMR,RG,3530,1,D,RX,AK,D
09:01:46,JSMR,RG,3530,2,D,EP,AK,D
09:01:45,JSMR,RG,3540,5,D,DH,PD,D
09:01:45,JSMR,RG,3540,1,D,DH,YP,D
09:01:45,JSMR,RG,3540,14,D,DH,YP,D
09:00:40,JSMR,RG,3530,1,D,EP,AK,D
09:00:39,JSMR,RG,3530,1,D,EP,PD,D
09:00:38,JSMR,RG,3530,1,D,EP,AK,D
09:00:38,JSMR,RG,3530,2,D,EP,AK,F
09:00:32,JSMR,RG,3530,1,D,EP,AK,D
09:00:31,JSMR,RG,3540,2,D,RX,YP,D
09:00:12,JSMR,RG,3540,1,D,RX,YP,D
09:00:11,JSMR,RG,3520,5,D,EP,AK,D
09:00:10,JSMR,RG,3520,2,D,EP,KK,D
09:00:10,JSMR,RG,3520,8,D,EP,KK,D
09:00:08,JSMR,RG,3520,2,D,EP,AK,D
09:00:08,JSMR,RG,3520,2,D,XC,AK,D
09:00:04,JSMR,RG,3540,8,D,EP,YP,D
09:00:00,JSMR,RG,3560,1,D,SQ,OK,D
