Time,Stock,Brd,Price,Qty,BT,BC,SC,ST
15:13:25,JSMR,RG,3900,3,D,CC,KK,D
15:10:12,JSMR,RG,3900,5,D,NI,KK,D
15:08:36,JSMR,RG,3900,10,D,IF,KK,D
15:05:16,JSMR,RG,3900,10,D,DR,KK,D
15:03:50,JSMR,RG,3900,7,D,KK,KK,D
15:03:50,JSMR,RG,3900,5,D,KK,PD,D
15:01:27,JSMR,RG,3900,5,D,YP,PD,D
15:00:00,JSMR,RG,3900,2,D,CC,PD,D
15:00:00,JSMR,RG,3900,1,D,KK,PD,D
15:00:00,JSMR,RG,3900,237,F,ZP,PD,D
15:00:00,JSMR,RG,3900,2,F,ZP,YP,D
15:00:00,JSMR,RG,3900,12,F,ZP,PD,D
15:00:00,JSMR,RG,3900,20,F,ZP,XA,D
15:00:00,JSMR,RG,3900,185,F,ZP,ZP,D
15:00:00,JSMR,RG,3900,1,F,ZP,AT,D
15:00:00,JSMR,RG,3900,2,F,ZP,XC,D
15:00:00,JSMR,RG,3900,5,F,ZP,KK,D
15:00:00,JSMR,RG,3900,1,F,ZP,YP,D
15:00:00,JSMR,RG,3900,9,F,ZP,NI,D
15:00:00,JSMR,RG,3900,21,F,ZP,CC,D
15:00:00,JSMR,RG,3900,75,F,ZP,CC,F
15:00:00,JSMR,RG,3900,36,F,ZP,CC,F
15:00:00,JSMR,RG,3900,32,F,AK,CC,F
15:00:00,JSMR,RG,3900,47,F,AK,CC,F
15:00:00,JSMR,RG,3900,39,F,AK,CC,F
15:00:00,JSMR,RG,3900,1,F,AK,CC,F
15:00:00,JSMR,RG,3900,1,D,CC,CC,F
15:00:00,JSMR,RG,3900,79,D,LG,CC,F
15:00:00,JSMR,RG,3900,1376,D,LG,AK,F
15:00:00,JSMR,RG,3900,100,D,LG,SF,D
15:00:00,JSMR,RG,3900,50,D,LG,YP,D
15:00:00,JSMR,RG,3900,1,D,LG,XC,D
15:00:00,JSMR,RG,3900,5,D,LG,XC,D
15:00:00,JSMR,RG,3900,250,D,LG,PD,D
15:00:00,JSMR,RG,3900,10,D,LG,XA,D
15:00:00,JSMR,RG,3900,1,D,LG,XC,D
15:00:00,JSMR,RG,3900,1,D,LG,XC,D
15:00:00,JSMR,RG,3900,328,D,LG,CC,F
15:00:00,JSMR,RG,3900,50,D,LG,YP,D
15:00:00,JSMR,RG,3900,1,D,LG,XC,D
15:00:00,JSMR,RG,3900,10,D,LG,XL,D
15:00:00,JSMR,RG,3900,100,D,LG,SQ,D
15:00:00,JSMR,RG,3900,349,D,LG,CC,F
15:00:00,JSMR,RG,3900,10,D,LG,DR,D
15:00:00,JSMR,RG,3900,9,D,LG,CC,D
15:00:00,JSMR,RG,3900,10,D,LG,LG,D
15:00:00,JSMR,RG,3900,4,D,LG,XC,D
15:00:00,JSMR,RG,3900,3,D,LG,PD,D
15:00:00,JSMR,RG,3900,15,D,LG,YP,D
15:00:00,JSMR,RG,3900,24,D,LG,XC,D
15:00:00,JSMR,RG,3900,1,D,LG,KK,D
15:00:00,JSMR,RG,3900,42,D,LG,BK,F
15:00:00,JSMR,RG,3900,63,D,LG,CC,F
15:00:00,JSMR,RG,3900,8,D,LG,OD,D
15:00:00,JSMR,RG,3900,3,D,LG,PD,D
15:00:00,JSMR,RG,3900,70,D,LG,NI,D
15:00:00,JSMR,RG,3900,3,D,LG,NI,D
15:00:00,JSMR,RG,3900,1,D,LG,XC,D
15:00:00,JSMR,RG,3900,1,D,LG,XL,D
15:00:00,JSMR,RG,3900,3,D,LG,DH,D
15:00:00,JSMR,RG,3900,13,D,LG,YB,D
15:00:00,JSMR,RG,3900,9,D,LG,AZ,D
15:00:00,JSMR,RG,3900,6,D,LG,KK,D
15:00:00,JSMR,RG,3900,171,D,LG,NI,D
15:00:00,JSMR,RG,3900,79,D,LG,NI,D
15:00:00,JSMR,RG,3900,250,D,LG,NI,D
15:00:00,JSMR,RG,3900,250,D,LG,NI,D
15:00:00,JSMR,RG,3900,238,D,LG,NI,D
15:00:00,JSMR,RG,3900,250,D,LG,NI,D
15:00:00,JSMR,RG,3900,103,D,LG,NI,D
15:00:00,JSMR,RG,3900,250,D,LG,NI,D
15:00:00,JSMR,RG,3900,21,D,LG,CP,D
15:00:00,JSMR,RG,3900,1,D,LG,XC,D
15:00:00,JSMR,RG,3900,15,D,LG,XC,D
15:00:00,JSMR,RG,3900,42,D,LG,NI,D
15:00:00,JSMR,RG,3900,58,D,DR,NI,D
15:00:00,JSMR,RG,3900,2,D,DR,PD,D
15:00:00,JSMR,RG,3900,11,D,DR,PD,D
15:00:00,JSMR,RG,3900,250,D,DR,NI,D
15:00:00,JSMR,RG,3900,5,D,DR,KK,D
15:00:00,JSMR,RG,3900,3,D,DR,CC,D
15:00:00,JSMR,RG,3900,163,D,DR,NI,D
15:00:00,JSMR,RG,3900,30,D,DR,YU,D
15:00:00,JSMR,RG,3900,3,D,DR,HP,D
15:00:00,JSMR,RG,3900,75,D,DR,KK,D
15:00:00,JSMR,RG,3900,73,D,DR,BQ,D
15:00:00,JSMR,RG,3900,20,D,DR,YP,D
15:00:00,JSMR,RG,3900,1,D,DR,PD,D
15:00:00,JSMR,RG,3900,1,D,DR,ZP,D
15:00:00,JSMR,RG,3900,212,D,DR,BK,F
15:00:00,JSMR,RG,3900,1,D,DR,AK,F
15:00:00,JSMR,RG,3900,2,D,DR,AK,F
15:00:00,JSMR,RG,3900,2,D,DR,AK,F
15:00:00,JSMR,RG,3900,49,D,DR,YU,F
15:00:00,JSMR,RG,3900,530,D,DR,OD,D
15:00:00,JSMR,RG,3900,18,D,DR,YU,F
14:49:58,JSMR,RG,3850,5,F,ZP,NI,D
14:49:57,JSMR,RG,3850,1,F,ZP,NI,D
14:49:55,JSMR,RG,3840,1,F,ZP,AK,F
14:49:54,JSMR,RG,3840,57,F,ZP,YP,D
14:49:54,JSMR,RG,3840,42,D,CC,YP,D
14:49:54,JSMR,RG,3850,6,F,ZP,NI,D
14:49:51,JSMR,RG,3850,1,F,ZP,NI,D
14:49:51,JSMR,RG,3850,2,D,PD,NI,D
14:49:50,JSMR,RG,3850,1,F,ZP,NI,D
14:49:50,JSMR,RG,3850,2,F,ZP,NI,D
14:49:48,JSMR,RG,3850,14,F,ZP,NI,D
14:49:47,JSMR,RG,3850,1,F,ZP,NI,D
14:49:45,JSMR,RG,3850,4,F,AK,NI,D
14:49:45,JSMR,RG,3850,1,F,AK,NI,D
14:49:41,JSMR,RG,3850,5,D,CC,NI,D
14:49:39,JSMR,RG,3850,11,F,ZP,NI,D
14:49:33,JSMR,RG,3850,1,F,ZP,NI,D
14:49:33,JSMR,RG,3850,1,F,ZP,NI,D
14:49:30,JSMR,RG,3850,14,F,ZP,NI,D
14:49:30,JSMR,RG,3850,2,F,AK,NI,D
14:49:30,JSMR,RG,3850,2,F,AK,NI,D
14:49:21,JSMR,RG,3850,1,F,ZP,NI,D
14:49:21,JSMR,RG,3850,9,F,ZP,NI,D
14:49:14,JSMR,RG,3850,3,F,ZP,NI,D
14:49:14,JSMR,RG,3850,39,F,ZP,NI,D
14:49:13,JSMR,RG,3850,39,F,ZP,NI,D
14:49:12,JSMR,RG,3840,38,D,CC,CC,D
14:49:09,JSMR,RG,3830,21,F,AK,YU,F
14:48:56,JSMR,RG,3840,25,D,OD,CC,D
14:48:51,JSMR,RG,3840,10,D,YP,CC,D
14:48:41,JSMR,RG,3840,2,D,XL,CC,D
14:48:40,JSMR,RG,3840,13,D,YP,CC,D
14:48:30,JSMR,RG,3840,10,D,YP,CC,D
14:48:29,JSMR,RG,3830,1,F,AK,AK,F
14:48:28,JSMR,RG,3840,2,D,XC,CC,D
14:48:17,JSMR,RG,3830,7,F,AK,AK,F
14:48:15,JSMR,RG,3840,1,F,ZP,CC,D
14:48:15,JSMR,RG,3840,24,F,ZP,CC,D
14:48:15,JSMR,RG,3840,75,F,CC,CC,D
14:48:10,JSMR,RG,3840,1,F,CC,AK,F
14:48:09,JSMR,RG,3840,11,F,CC,CC,D
14:48:09,JSMR,RG,3840,7,F,AK,CC,D
14:48:09,JSMR,RG,3840,2,D,YP,CC,D
14:47:32,JSMR,RG,3830,46,F,AK,AK,F
14:47:32,JSMR,RG,3830,8,D,OD,AK,F
14:47:32,JSMR,RG,3830,1,D,PD,AK,F
14:47:31,JSMR,RG,3850,172,D,CC,NI,D
14:47:30,JSMR,RG,3830,27,D,YP,CC,D
14:47:30,JSMR,RG,3830,97,F,ZP,CC,D
14:47:30,JSMR,RG,3830,50,D,YP,CC,D
14:47:30,JSMR,RG,3830,200,D,XA,CC,D
14:47:30,JSMR,RG,3840,5,F,ZP,CC,D
14:47:30,JSMR,RG,3840,10,D,YP,CC,D
14:47:30,JSMR,RG,3840,11,F,AK,CC,D
14:47:30,JSMR,RG,3840,100,D,SF,CC,D
14:47:30,JSMR,RG,3840,20,D,PD,CC,D
14:47:30,JSMR,RG,3840,30,D,CC,CC,D
14:47:30,JSMR,RG,3840,7,F,AK,CC,D
14:47:30,JSMR,RG,3840,31,D,SQ,CC,D
14:47:20,JSMR,RG,3840,7,D,CC,AK,F
14:47:20,JSMR,RG,3840,82,D,CC,PS,D
14:47:20,JSMR,RG,3840,18,F,ZP,PS,D
14:47:04,JSMR,RG,3850,6,F,ZP,CC,D
14:47:00,JSMR,RG,3850,1,D,CC,CC,D
14:46:25,JSMR,RG,3850,2,F,ZP,CC,D
14:46:17,JSMR,RG,3840,1,F,CC,PD,D
14:46:08,JSMR,RG,3850,8,F,ZP,CC,D
14:46:08,JSMR,RG,3840,1,F,ZP,AK,F
14:46:07,JSMR,RG,3840,1,F,CC,AK,F
14:46:07,JSMR,RG,3840,5,F,CC,DR,D
14:46:07,JSMR,RG,3840,40,F,CC,PD,D
14:46:07,JSMR,RG,3840,100,F,CC,CC,D
14:46:07,JSMR,RG,3840,1,F,CC,AK,F
14:46:07,JSMR,RG,3840,1,F,CC,AK,F
14:46:07,JSMR,RG,3840,5,F,CC,KK,D
14:46:07,JSMR,RG,3840,1,F,CC,CC,D
14:46:07,JSMR,RG,3840,9,F,CC,PD,D
14:46:07,JSMR,RG,3840,20,F,CC,AK,F
14:46:00,JSMR,RG,3840,8,D,CC,AK,F
14:46:00,JSMR,RG,3840,38,D,CC,ZP,D
14:45:50,JSMR,RG,3830,1,D,AZ,PD,D
14:44:56,JSMR,RG,3830,5,D,CC,DX,D
14:44:56,JSMR,RG,3830,3,D,PD,DX,D
14:44:56,JSMR,RG,3830,3,F,CC,DX,D
14:44:56,JSMR,RG,3830,2,D,PD,DX,D
14:44:54,JSMR,RG,3830,5,D,KK,DX,D
14:44:54,JSMR,RG,3830,6,F,CC,DX,D
14:44:44,JSMR,RG,3830,1,F,CC,AK,F
14:44:43,JSMR,RG,3840,1,D,LG,ZP,D
14:44:34,JSMR,RG,3830,1,F,CC,AK,F
14:44:34,JSMR,RG,3830,3,F,CC,CC,D
14:44:34,JSMR,RG,3830,5,D,PD,CC,D
14:44:34,JSMR,RG,3830,1,D,YP,CC,D
14:44:34,JSMR,RG,3830,7,D,YP,CC,D
14:44:25,JSMR,RG,3830,1,D,YP,AK,F
14:44:24,JSMR,RG,3830,2,D,YP,DX,D
14:44:24,JSMR,RG,3830,1,D,PD,DX,D
14:44:24,JSMR,RG,3830,9,F,ZP,DX,D
14:44:02,JSMR,RG,3830,1,F,ZP,CC,D
14:44:02,JSMR,RG,3840,5,D,AT,ZP,D
14:43:50,JSMR,RG,3840,2,D,KK,ZP,D
14:43:21,JSMR,RG,3830,1,F,ZP,AK,F
14:43:20,JSMR,RG,3830,2,F,ZP,YU,F
14:43:20,JSMR,RG,3830,1,D,DR,YU,F
14:43:20,JSMR,RG,3830,1,D,SQ,YU,F
14:43:20,JSMR,RG,3830,5,D,PD,YU,F
14:43:20,JSMR,RG,3830,9,D,YP,YU,F
14:43:16,JSMR,RG,3830,1,D,YP,AK,F
14:43:15,JSMR,RG,3830,1,D,YP,AK,F
14:42:51,JSMR,RG,3830,4,D,YP,AK,F
14:42:51,JSMR,RG,3830,2,D,YU,AK,F
14:42:51,JSMR,RG,3830,1,D,YP,AK,F
14:42:51,JSMR,RG,3830,1,D,XL,AK,F
14:42:51,JSMR,RG,3830,5,D,XC,AK,F
14:42:51,JSMR,RG,3830,1,D,PD,AK,F
14:42:51,JSMR,RG,3830,1,F,AK,AK,F
14:42:50,JSMR,RG,3840,200,D,XA,ZP,D
14:42:50,JSMR,RG,3830,1,F,AK,AK,F
14:42:48,JSMR,RG,3830,6,F,AK,PD,D
14:42:48,JSMR,RG,3830,3,D,CC,PD,D
14:42:48,JSMR,RG,3830,16,F,AK,PD,D
14:41:58,JSMR,RG,3830,3,F,AK,AK,F
14:41:57,JSMR,RG,3840,55,D,CC,ZP,D
14:41:46,JSMR,RG,3830,1,F,AK,AK,F
14:41:46,JSMR,RG,3830,2,F,AK,NI,D
14:41:45,JSMR,RG,3830,14,F,AK,DX,D
14:41:31,JSMR,RG,3830,1,F,AK,AK,F
14:41:31,JSMR,RG,3840,35,D,CC,ZP,D
14:41:18,JSMR,RG,3830,1,F,AK,AK,F
14:41:16,JSMR,RG,3840,25,D,CC,ZP,D
14:40:17,JSMR,RG,3830,1,F,AK,YP,D
14:40:03,JSMR,RG,3830,4,F,AK,AK,F
14:40:03,JSMR,RG,3830,1,D,GR,AK,F
14:40:03,JSMR,RG,3830,2,D,YP,AK,F
14:39:53,JSMR,RG,3830,18,D,YP,CC,D
14:39:53,JSMR,RG,3830,70,F,AK,CC,D
14:39:53,JSMR,RG,3830,10,D,GR,CC,D
14:39:53,JSMR,RG,3830,2,D,PD,CC,D
14:39:50,JSMR,RG,3830,3,D,PD,AK,F
14:39:50,JSMR,RG,3830,5,D,XC,AK,F
14:39:49,JSMR,RG,3830,47,D,XC,CC,D
14:39:49,JSMR,RG,3830,4,F,CC,CC,D
14:39:49,JSMR,RG,3830,5,D,LG,CC,D
14:39:49,JSMR,RG,3830,1,D,OD,CC,D
14:39:49,JSMR,RG,3830,13,D,PD,CC,D
14:39:49,JSMR,RG,3830,10,D,CC,CC,D
14:39:49,JSMR,RG,3830,10,D,OD,CC,D
14:39:49,JSMR,RG,3830,1,D,NI,CC,D
14:39:49,JSMR,RG,3830,7,D,KK,CC,D
14:39:49,JSMR,RG,3830,2,D,SQ,CC,D
14:39:48,JSMR,RG,3830,3,D,SQ,AK,F
14:39:48,JSMR,RG,3830,1,D,XC,AK,F
14:39:48,JSMR,RG,3830,1,F,NI,AK,F
14:39:48,JSMR,RG,3830,9,F,ZP,AK,F
14:39:48,JSMR,RG,3840,4,D,PD,ZP,D
14:39:47,JSMR,RG,3830,90,F,ZP,CC,D
14:39:47,JSMR,RG,3830,25,D,SQ,CC,D
14:39:47,JSMR,RG,3830,2,D,YP,CC,D
14:39:47,JSMR,RG,3830,9,F,ZP,CC,D
14:39:47,JSMR,RG,3830,74,D,GR,CC,D
14:39:40,JSMR,RG,3840,3,F,ZP,ZP,D
14:39:17,JSMR,RG,3830,11,D,GR,DX,D
14:38:49,JSMR,RG,3830,1,D,GR,AK,F
14:38:49,JSMR,RG,3840,4,F,ZP,ZP,D
14:37:07,JSMR,RG,3830,4,D,GR,AK,F
14:37:05,JSMR,RG,3840,5,F,ZP,ZP,D
14:36:44,JSMR,RG,3830,10,D,GR,DX,D
14:36:44,JSMR,RG,3830,4,D,SQ,DX,D
14:36:02,JSMR,RG,3840,1,D,IP,ZP,D
14:35:50,JSMR,RG,3830,26,D,SQ,PD,D
14:35:50,JSMR,RG,3830,1,D,PD,PD,D
14:35:50,JSMR,RG,3830,1,D,XC,PD,D
14:35:50,JSMR,RG,3830,6,F,ZP,PD,D
14:35:50,JSMR,RG,3830,6,D,YU,PD,D
14:35:35,JSMR,RG,3830,4,D,YU,AK,F
14:35:35,JSMR,RG,3830,1,D,YP,AK,F
14:35:35,JSMR,RG,3830,5,D,XC,AK,F
14:35:35,JSMR,RG,3830,5,D,CC,AK,F
14:35:34,JSMR,RG,3830,45,D,CC,EP,D
14:35:34,JSMR,RG,3830,1,D,XL,EP,D
14:35:34,JSMR,RG,3830,50,D,CC,EP,D
14:35:34,JSMR,RG,3830,10,D,YP,EP,D
14:35:34,JSMR,RG,3830,1,D,CC,EP,D
14:35:34,JSMR,RG,3830,3,D,YP,EP,D
14:35:25,JSMR,RG,3830,10,D,YP,CC,D
14:35:25,JSMR,RG,3830,1,D,SQ,CC,D
14:35:25,JSMR,RG,3830,2,D,SS,CC,D
14:35:25,JSMR,RG,3830,15,F,AK,CC,D
14:35:25,JSMR,RG,3830,1,D,YP,CC,D
14:35:25,JSMR,RG,3830,10,D,OD,CC,D
14:35:25,JSMR,RG,3830,1,D,YP,CC,D
14:35:25,JSMR,RG,3830,1,D,AZ,CC,D
14:35:25,JSMR,RG,3830,1,D,AZ,CC,D
14:35:25,JSMR,RG,3830,1,D,YP,CC,D
14:35:25,JSMR,RG,3830,10,D,DR,CC,D
14:35:25,JSMR,RG,3830,1,D,PD,CC,D
14:35:25,JSMR,RG,3830,17,F,AK,CC,D
14:35:25,JSMR,RG,3830,10,D,YP,CC,D
14:35:25,JSMR,RG,3830,19,D,CC,CC,D
14:35:23,JSMR,RG,3830,13,D,CC,AK,F
14:35:21,JSMR,RG,3830,200,D,CC,CC,D
14:35:11,JSMR,RG,3830,1,D,CC,AK,F
14:35:11,JSMR,RG,3840,3,F,ZP,ZP,D
14:35:00,JSMR,RG,3830,1,D,CC,AK,F
14:34:59,JSMR,RG,3830,19,D,CC,CC,D
14:34:59,JSMR,RG,3830,1,D,CC,CC,D
14:34:59,JSMR,RG,3830,1,D,CC,CC,D
14:34:59,JSMR,RG,3830,2,D,CC,CC,D
14:34:59,JSMR,RG,3830,1,D,YP,CC,D
14:34:59,JSMR,RG,3830,2,D,EP,CC,D
14:34:59,JSMR,RG,3830,1,D,EP,AK,F
14:34:58,JSMR,RG,3840,1,D,PD,ZP,D
14:34:52,JSMR,RG,3840,1,D,OD,ZP,D
14:34:29,JSMR,RG,3840,3,D,CC,ZP,D
14:34:15,JSMR,RG,3840,5,F,ZP,ZP,D
14:34:11,JSMR,RG,3830,1,D,EP,AK,F
14:34:10,JSMR,RG,3830,1,D,EP,DX,D
14:34:10,JSMR,RG,3830,9,F,AK,DX,D
14:34:10,JSMR,RG,3830,2,D,YP,DX,D
14:33:39,JSMR,RG,3830,1,D,YP,CC,D
14:33:31,JSMR,RG,3830,1,D,YP,AK,F
14:33:30,JSMR,RG,3840,11,F,AK,ZP,D
14:32:48,JSMR,RG,3840,10,D,OD,ZP,D
14:32:30,JSMR,RG,3840,3,D,XC,ZP,D
14:32:16,JSMR,RG,3840,5,D,YP,ZP,D
14:32:15,JSMR,RG,3840,10,F,AK,ZP,D
14:32:11,JSMR,RG,3840,3,F,ZP,ZP,D
14:31:15,JSMR,RG,3840,9,F,AK,ZP,D
14:31:00,JSMR,RG,3840,3,F,ZP,ZP,D
14:31:00,JSMR,RG,3840,55,D,CC,ZP,D
14:31:00,JSMR,RG,3840,95,D,CC,BK,F
14:31:00,JSMR,RG,3840,19,D,CC,AK,F
14:31:00,JSMR,RG,3840,14,D,CC,DX,D
14:31:00,JSMR,RG,3840,10,D,CC,DR,D
14:31:00,JSMR,RG,3840,30,D,CC,YP,D
14:31:00,JSMR,RG,3840,2,D,CC,AK,F
14:31:00,JSMR,RG,3840,16,D,CC,YP,D
14:30:17,JSMR,RG,3840,15,D,DX,YP,D
14:30:10,JSMR,RG,3840,2,D,OD,YP,D
14:30:05,JSMR,RG,3840,2,F,ZP,YP,D
14:30:05,JSMR,RG,3840,2,F,ZP,KK,D
14:29:52,JSMR,RG,3840,1,D,YP,AK,F
14:29:49,JSMR,RG,3840,1,D,DX,AK,F
14:29:49,JSMR,RG,3840,9,D,DX,HP,D
14:29:30,JSMR,RG,3840,6,F,AK,HP,D
14:29:30,JSMR,RG,3840,8,F,AK,AK,F
14:29:12,JSMR,RG,3840,5,D,NI,AK,F
14:28:58,JSMR,RG,3840,3,F,ZP,AK,F
14:28:57,JSMR,RG,3830,12,D,YP,DX,D
14:28:24,JSMR,RG,3840,10,D,AG,BK,F
14:28:19,JSMR,RG,3840,1,D,XL,BK,F
14:28:15,JSMR,RG,3830,1,D,YP,XC,D
14:28:12,JSMR,RG,3840,3,F,ZP,BK,F
14:27:30,JSMR,RG,3830,1,D,YP,AK,F
14:27:30,JSMR,RG,3840,12,F,AK,BK,F
14:26:21,JSMR,RG,3830,12,D,YP,DX,D
14:25:42,JSMR,RG,3840,5,D,NI,BK,F
14:25:42,JSMR,RG,3840,1,D,XL,BK,F
14:24:56,JSMR,RG,3830,4,D,YP,PD,D
14:24:44,JSMR,RG,3830,15,D,YP,PD,D
14:24:27,JSMR,RG,3830,1,D,YP,CP,D
14:24:27,JSMR,RG,3830,2,D,PD,CP,D
14:24:27,JSMR,RG,3830,1,D,DH,CP,D
14:24:07,JSMR,RG,3840,2,D,ZP,BK,F
14:24:00,JSMR,RG,3830,1,D,PD,XC,D
14:23:01,JSMR,RG,3840,10,F,ZP,AK,F
14:23:00,JSMR,RG,3840,65,D,CC,AK,F
14:23:00,JSMR,RG,3840,3,D,CC,PD,D
14:23:00,JSMR,RG,3840,5,D,CC,KK,D
14:23:00,JSMR,RG,3840,12,D,CC,DX,D
14:23:00,JSMR,RG,3840,150,D,CC,CC,D
14:23:00,JSMR,RG,3840,5,D,CC,AK,F
14:23:00,JSMR,RG,3840,1,D,CC,AK,F
14:23:00,JSMR,RG,3840,9,D,CC,AK,F
14:22:50,JSMR,RG,3830,10,D,DR,YP,D
14:22:50,JSMR,RG,3830,10,D,NI,YP,D
14:22:50,JSMR,RG,3830,75,F,ZP,YP,D
14:22:50,JSMR,RG,3830,40,D,CC,YP,D
14:22:50,JSMR,RG,3830,10,D,XL,YP,D
14:22:50,JSMR,RG,3830,2,D,YP,YP,D
14:22:50,JSMR,RG,3830,2,D,DR,YP,D
14:22:50,JSMR,RG,3830,1,D,YP,YP,D
14:22:50,JSMR,RG,3830,5,D,EP,YP,D
14:22:50,JSMR,RG,3830,10,D,YP,YP,D
14:22:50,JSMR,RG,3830,2,D,YP,YP,D
14:22:50,JSMR,RG,3830,1,D,XL,YP,D
14:22:50,JSMR,RG,3830,20,D,KK,YP,D
14:22:50,JSMR,RG,3830,15,D,CC,YP,D
14:22:50,JSMR,RG,3830,1,D,CC,YP,D
14:22:50,JSMR,RG,3830,1,D,PD,YP,D
14:22:50,JSMR,RG,3830,10,D,CC,YP,D
14:22:50,JSMR,RG,3830,5,D,YP,YP,D
14:22:50,JSMR,RG,3830,30,D,YP,YP,D
14:22:08,JSMR,RG,3830,4,D,YP,PD,D
14:21:59,JSMR,RG,3830,1,D,YP,YP,D
14:21:47,JSMR,RG,3830,1,D,YP,YP,D
14:21:44,JSMR,RG,3830,1,D,YP,XC,D
14:21:12,JSMR,RG,3830,11,D,YP,DX,D
14:21:09,JSMR,RG,3840,1,D,OD,CC,D
14:21:06,JSMR,RG,3840,50,D,YP,CC,D
14:21:00,JSMR,RG,3830,10,D,YP,CC,D
14:21:00,JSMR,RG,3830,5,D,YP,CC,D
14:21:00,JSMR,RG,3830,19,D,SQ,CC,D
14:20:51,JSMR,RG,3830,2,D,SQ,AK,F
14:20:50,JSMR,RG,3840,1,D,YP,CC,D
14:20:35,JSMR,RG,3840,1,D,SS,CC,D
14:20:34,JSMR,RG,3840,20,D,EP,CC,D
14:20:12,JSMR,RG,3830,55,D,SQ,HP,D
14:20:06,JSMR,RG,3840,2,D,CC,CC,D
14:19:09,JSMR,RG,3840,50,D,CC,CC,D
14:19:07,JSMR,RG,3840,3,D,CC,CC,D
14:18:52,JSMR,RG,3840,5,D,DX,CC,D
14:18:49,JSMR,RG,3840,17,D,YU,CC,D
14:18:49,JSMR,RG,3840,7,D,YU,AK,F
14:18:49,JSMR,RG,3840,1,D,YU,AK,F
14:18:49,JSMR,RG,3840,75,D,YU,CC,D
14:18:31,JSMR,RG,3840,2,D,XC,CC,D
14:18:31,JSMR,RG,3840,23,D,YU,CC,D
14:18:29,JSMR,RG,3840,77,D,YU,CC,D
14:18:29,JSMR,RG,3840,2,D,XC,CC,D
14:18:29,JSMR,RG,3840,1,D,OD,CC,D
14:18:29,JSMR,RG,3840,20,D,YU,CC,D
14:18:16,JSMR,RG,3840,13,D,YU,CC,D
14:17:38,JSMR,RG,3840,4,D,YU,PD,D
14:16:54,JSMR,RG,3840,2,D,YU,AK,F
14:16:54,JSMR,RG,3840,1,D,YU,AK,F
14:16:53,JSMR,RG,3840,13,D,YU,DX,D
14:16:53,JSMR,RG,3840,17,D,YU,YU,F
14:16:53,JSMR,RG,3840,1,D,YU,AK,F
14:16:53,JSMR,RG,3840,1,D,YU,AK,F
14:16:53,JSMR,RG,3840,28,D,YU,XC,D
14:16:41,JSMR,RG,3840,2,D,YP,XC,D
14:16:41,JSMR,RG,3840,18,D,YP,CC,D
14:16:28,JSMR,RG,3840,10,D,OD,CC,D
14:16:14,JSMR,RG,3830,4,D,SQ,PD,D
14:16:08,JSMR,RG,3830,1,D,SQ,YB,D
14:16:03,JSMR,RG,3830,14,D,SQ,DX,D
14:16:00,JSMR,RG,3830,1,D,SQ,YP,D
14:15:41,JSMR,RG,3830,64,D,SQ,YP,D
14:15:41,JSMR,RG,3830,1,D,SQ,YP,D
14:15:40,JSMR,RG,3830,89,D,SQ,PD,D
14:15:40,JSMR,RG,3830,1,D,YP,PD,D
14:15:40,JSMR,RG,3830,14,D,PD,PD,D
14:15:40,JSMR,RG,3830,1,D,PD,PD,D
14:15:40,JSMR,RG,3830,3,D,YB,PD,D
14:15:40,JSMR,RG,3830,5,D,YB,PD,D
14:15:40,JSMR,RG,3830,4,D,YB,YB,D
14:15:05,JSMR,RG,3840,93,F,ZP,CC,D
14:15:05,JSMR,RG,3840,2,D,YU,CC,D
14:15:05,JSMR,RG,3840,20,D,NI,CC,D
14:15:05,JSMR,RG,3840,5,D,YP,CC,D
14:15:05,JSMR,RG,3840,20,D,CC,CC,D
14:15:05,JSMR,RG,3840,8,F,CC,CC,D
14:15:05,JSMR,RG,3840,8,F,AK,CC,D
14:15:05,JSMR,RG,3840,1,D,YP,CC,D
14:15:05,JSMR,RG,3840,10,D,PD,CC,D
14:15:05,JSMR,RG,3840,1,D,OD,CC,D
14:15:05,JSMR,RG,3840,3,D,CC,CC,D
14:15:05,JSMR,RG,3840,1,D,PD,CC,D
14:13:26,JSMR,RG,3840,4,D,PD,DX,D
14:13:26,JSMR,RG,3840,8,F,AK,DX,D
14:13:26,JSMR,RG,3840,1,D,AG,DX,D
14:12:32,JSMR,RG,3840,14,D,AG,YU,F
14:12:32,JSMR,RG,3840,3,D,XC,YU,F
14:12:31,JSMR,RG,3840,7,D,XC,CC,D
14:12:31,JSMR,RG,3840,5,D,XL,CC,D
14:12:31,JSMR,RG,3840,2,D,PD,CC,D
14:12:31,JSMR,RG,3840,1,D,CC,CC,D
14:12:31,JSMR,RG,3840,1,D,KK,CC,D
14:12:31,JSMR,RG,3840,2,D,CC,CC,D
14:12:31,JSMR,RG,3840,1,D,XC,CC,D
14:12:31,JSMR,RG,3840,5,D,YP,CC,D
14:12:31,JSMR,RG,3840,3,F,CC,CC,D
14:12:31,JSMR,RG,3840,69,D,XC,CC,D
14:12:31,JSMR,RG,3840,1,D,CC,CC,D
14:12:31,JSMR,RG,3840,20,D,DH,CC,D
14:12:31,JSMR,RG,3840,1,D,XC,CC,D
14:12:31,JSMR,RG,3840,1,D,XC,CC,D
14:12:31,JSMR,RG,3840,10,D,YP,CC,D
14:12:31,JSMR,RG,3840,10,D,LG,CC,D
14:12:31,JSMR,RG,3840,1,D,XC,CC,D
14:12:31,JSMR,RG,3840,50,D,YP,CC,D
14:12:31,JSMR,RG,3840,1,D,XC,CC,D
14:12:31,JSMR,RG,3840,2,D,AZ,CC,D
14:12:31,JSMR,RG,3840,50,D,DH,CC,D
14:12:31,JSMR,RG,3840,13,D,PD,CC,D
14:12:31,JSMR,RG,3840,4,D,XC,CC,D
14:12:31,JSMR,RG,3840,5,D,NI,CC,D
14:12:31,JSMR,RG,3840,200,D,GI,CC,D
14:12:31,JSMR,RG,3840,30,D,PD,CC,D
14:12:31,JSMR,RG,3840,1,D,CC,CC,D
14:12:31,JSMR,RG,3840,4,F,AK,CC,D
14:11:51,JSMR,RG,3850,5,D,XC,CC,D
14:11:31,JSMR,RG,3850,2,D,DH,CC,D
14:10:58,JSMR,RG,3840,8,F,AK,DX,D
14:10:58,JSMR,RG,3840,1,D,OD,DX,D
14:10:58,JSMR,RG,3840,2,D,SQ,DX,D
14:10:45,JSMR,RG,3840,8,D,SQ,YP,D
14:10:45,JSMR,RG,3840,7,F,AK,YP,D
14:10:45,JSMR,RG,3840,116,D,CC,YP,D
14:10:03,JSMR,RG,3840,127,D,CC,PD,D
14:10:03,JSMR,RG,3840,101,F,ZP,PD,D
14:10:03,JSMR,RG,3840,1,D,PD,PD,D
14:10:03,JSMR,RG,3840,100,D,CC,PD,D
14:10:03,JSMR,RG,3840,2,D,PD,PD,D
14:10:03,JSMR,RG,3840,92,D,CC,PD,D
14:10:02,JSMR,RG,3850,1,D,OD,CC,D
14:09:05,JSMR,RG,3840,8,D,CC,CC,D
14:09:05,JSMR,RG,3840,2,D,NI,CC,D
14:08:55,JSMR,RG,3840,1,D,PD,XC,D
14:08:30,JSMR,RG,3840,8,F,AK,DX,D
14:08:30,JSMR,RG,3840,3,F,AK,DX,D
14:08:13,JSMR,RG,3850,1,D,CC,CC,D
14:07:41,JSMR,RG,3850,29,F,AK,CC,D
14:07:39,JSMR,RG,3840,1,F,AK,LG,D
14:06:37,JSMR,RG,3850,2,D,NI,CC,D
14:05:52,JSMR,RG,3840,13,F,AK,DX,D
14:05:00,JSMR,RG,3840,35,F,AK,CC,D
14:04:51,JSMR,RG,3840,11,F,AK,CC,D
14:04:51,JSMR,RG,3840,5,D,CC,CC,D
14:04:38,JSMR,RG,3850,5,D,XC,CC,D
14:03:25,JSMR,RG,3850,35,D,YP,CC,D
14:03:19,JSMR,RG,3850,5,D,PD,CC,D
14:02:37,JSMR,RG,3850,10,D,YP,CC,D
14:02:36,JSMR,RG,3850,1,F,CC,AK,F
14:02:36,JSMR,RG,3850,13,F,CC,DX,D
14:02:36,JSMR,RG,3850,25,F,CC,NI,D
14:02:24,JSMR,RG,3850,3,D,XC,NI,D
14:02:10,JSMR,RG,3850,10,D,YP,NI,D
14:02:00,JSMR,RG,3850,11,F,AK,NI,D
14:01:37,JSMR,RG,3850,2,D,AT,NI,D
14:01:36,JSMR,RG,3850,2,D,CC,NI,D
14:01:17,JSMR,RG,3850,5,D,YP,NI,D
14:01:03,JSMR,RG,3850,99,F,AK,NI,D
14:01:02,JSMR,RG,3850,43,F,AK,NI,D
14:01:02,JSMR,RG,3850,1,F,AK,AK,F
14:01:02,JSMR,RG,3850,13,F,AK,YU,F
14:01:02,JSMR,RG,3850,1,F,AK,AK,F
14:01:02,JSMR,RG,3850,2,F,AK,AK,F
14:01:02,JSMR,RG,3850,190,F,AK,BK,F
14:01:01,JSMR,RG,3850,250,F,AK,BK,F
14:01:00,JSMR,RG,3850,102,D,CC,BK,F
14:01:00,JSMR,RG,3850,182,D,CC,NI,D
14:00:48,JSMR,RG,3850,1,D,KK,NI,D
14:00:33,JSMR,RG,3840,11,D,CC,DX,D
13:58:06,JSMR,RG,3840,12,D,CC,DX,D
13:57:32,JSMR,RG,3850,10,D,YP,NI,D
13:57:28,JSMR,RG,3850,1,D,XC,NI,D
13:56:56,JSMR,RG,3850,50,D,YP,NI,D
13:56:56,JSMR,RG,3850,1,D,OD,NI,D
13:56:02,JSMR,RG,3850,2,D,LS,NI,D
13:55:38,JSMR,RG,3840,14,D,CC,DX,D
13:54:45,JSMR,RG,3840,1,D,CC,XC,D
13:54:20,JSMR,RG,3850,1,D,KK,NI,D
13:53:02,JSMR,RG,3840,14,D,CC,DX,D
13:52:46,JSMR,RG,3840,5,D,CC,AG,D
13:52:06,JSMR,RG,3840,32,D,CC,PD,D
13:50:21,JSMR,RG,3840,6,D,CC,DX,D
13:50:21,JSMR,RG,3840,5,D,PG,DX,D
13:50:02,JSMR,RG,3850,1,D,XC,NI,D
13:50:00,JSMR,RG,3850,238,D,CC,NI,D
13:49:46,JSMR,RG,3850,1,D,XC,NI,D
13:49:31,JSMR,RG,3850,6,D,XC,NI,D
13:49:16,JSMR,RG,3840,1,D,PG,XC,D
13:49:04,JSMR,RG,3850,6,D,XC,NI,D
13:47:45,JSMR,RG,3840,11,D,PG,DX,D
13:47:33,JSMR,RG,3840,2,D,PG,XC,D
13:47:28,JSMR,RG,3840,1,D,PG,YP,D
13:47:28,JSMR,RG,3840,2,D,YP,YP,D
13:46:00,JSMR,RG,3840,1,D,NI,CC,D
13:46:00,JSMR,RG,3840,1,D,PD,CC,D
13:46:00,JSMR,RG,3840,1,D,DH,CC,D
13:46:00,JSMR,RG,3840,20,D,PD,CC,D
13:46:00,JSMR,RG,3840,11,D,YP,CC,D
13:45:26,JSMR,RG,3840,8,D,YP,PD,D
13:45:00,JSMR,RG,3840,1,D,YP,CC,F
13:44:49,JSMR,RG,3840,1,D,XL,YP,D
13:44:34,JSMR,RG,3840,22,D,OD,BK,F
13:44:34,JSMR,RG,3840,2,D,OD,DH,D
13:44:34,JSMR,RG,3840,49,D,OD,YU,F
13:44:34,JSMR,RG,3840,1,D,OD,AK,F
13:44:34,JSMR,RG,3840,1,D,OD,AK,F
13:44:34,JSMR,RG,3840,14,D,OD,DX,D
13:44:34,JSMR,RG,3840,61,D,OD,CC,D
13:44:08,JSMR,RG,3840,1,D,OD,CC,D
13:44:08,JSMR,RG,3840,5,D,CC,CC,D
13:44:08,JSMR,RG,3840,10,D,YP,CC,D
13:44:08,JSMR,RG,3840,10,D,PD,CC,D
13:44:08,JSMR,RG,3840,50,D,YP,CC,D
13:44:08,JSMR,RG,3840,5,D,PD,CC,D
13:44:08,JSMR,RG,3840,100,D,PD,CC,D
13:44:08,JSMR,RG,3840,10,D,DR,CC,D
13:44:08,JSMR,RG,3840,10,F,AK,CC,D
13:44:08,JSMR,RG,3840,10,D,PD,CC,D
13:44:08,JSMR,RG,3840,10,D,OD,CC,D
13:44:08,JSMR,RG,3840,75,D,KK,CC,D
13:44:08,JSMR,RG,3840,1,D,YP,CC,D
13:44:08,JSMR,RG,3840,2,F,CC,CC,D
13:44:08,JSMR,RG,3840,85,F,ZP,CC,D
13:44:08,JSMR,RG,3840,50,D,OD,CC,D
13:44:08,JSMR,RG,3840,3,D,CC,CC,D
13:44:08,JSMR,RG,3840,2,D,YP,CC,D
13:42:39,JSMR,RG,3840,8,D,YP,DX,D
13:42:39,JSMR,RG,3840,1,D,DH,DX,D
13:42:39,JSMR,RG,3840,1,D,HP,DX,D
13:42:39,JSMR,RG,3840,3,D,EP,DX,D
13:41:17,JSMR,RG,3850,10,D,DR,CC,F
13:40:00,JSMR,RG,3840,2,D,EP,DX,D
13:40:00,JSMR,RG,3840,3,D,NI,DX,D
13:40:00,JSMR,RG,3840,2,D,YP,DX,D
13:40:00,JSMR,RG,3840,4,D,XC,DX,D
13:39:18,JSMR,RG,3850,10,D,CC,CC,F
13:39:02,JSMR,RG,3840,6,D,XC,XL,D
13:39:02,JSMR,RG,3840,2,D,PD,XL,D
13:38:02,JSMR,RG,3840,12,D,PD,BK,F
13:37:59,JSMR,RG,3840,12,D,PD,PD,D
13:37:58,JSMR,RG,3840,24,D,PD,BK,F
13:37:58,JSMR,RG,3840,1,D,PD,BK,F
13:37:58,JSMR,RG,3840,1,D,YP,BK,F
13:37:58,JSMR,RG,3840,2,D,XC,BK,F
13:37:58,JSMR,RG,3840,1,D,PD,BK,F
13:37:58,JSMR,RG,3840,3,D,PD,BK,F
13:37:58,JSMR,RG,3840,1,D,XC,BK,F
13:37:58,JSMR,RG,3840,1,D,PD,BK,F
13:37:58,JSMR,RG,3840,5,D,YP,BK,F
13:37:58,JSMR,RG,3840,5,D,DX,BK,F
13:37:58,JSMR,RG,3840,4,D,YP,BK,F
13:37:58,JSMR,RG,3840,5,D,YP,BK,F
13:37:58,JSMR,RG,3840,1,D,YP,BK,F
13:37:58,JSMR,RG,3840,3,D,YP,BK,F
13:37:56,JSMR,RG,3840,100,D,YP,YP,D
13:37:56,JSMR,RG,3840,75,D,YP,CC,D
13:37:56,JSMR,RG,3840,8,D,YP,EP,D
13:37:56,JSMR,RG,3840,38,D,YP,PD,D
13:37:56,JSMR,RG,3840,10,D,YP,EP,D
13:37:55,JSMR,RG,3840,50,D,YP,NI,D
13:37:55,JSMR,RG,3840,16,D,YP,DR,D
13:37:55,JSMR,RG,3840,1,D,YP,DR,D
13:37:55,JSMR,RG,3840,1,D,YP,DR,D
13:37:55,JSMR,RG,3840,1,D,PD,DR,D
13:37:55,JSMR,RG,3840,1,D,PD,DR,D
13:37:55,JSMR,RG,3840,6,D,PD,BK,F
13:37:55,JSMR,RG,3840,1,D,PD,BK,F
13:37:55,JSMR,RG,3840,2,D,KK,BK,F
13:37:55,JSMR,RG,3840,20,D,FZ,BK,F
13:37:52,JSMR,RG,3850,1,D,OD,BK,F
13:37:52,JSMR,RG,3850,5,D,DX,BK,F
13:37:52,JSMR,RG,3850,10,F,AK,BK,F
13:37:52,JSMR,RG,3850,1,D,PD,BK,F
13:37:52,JSMR,RG,3850,10,D,CC,BK,F
13:37:52,JSMR,RG,3850,5,D,OD,BK,F
13:37:52,JSMR,RG,3850,85,F,ZP,BK,F
13:37:52,JSMR,RG,3850,8,F,AK,BK,F
13:37:50,JSMR,RG,3850,2,F,AK,AK,F
13:37:50,JSMR,RG,3850,1,D,CC,AK,F
13:37:50,JSMR,RG,3850,9,F,AK,AK,F
13:37:50,JSMR,RG,3850,8,D,OD,AK,F
13:37:50,JSMR,RG,3850,10,D,YB,AK,F
13:37:50,JSMR,RG,3850,10,D,SQ,AK,F
13:37:50,JSMR,RG,3850,1,D,XL,AK,F
13:37:50,JSMR,RG,3850,5,F,CC,AK,F
13:37:50,JSMR,RG,3850,1,D,CC,AK,F
13:37:50,JSMR,RG,3850,262,D,CC,AK,F
13:37:50,JSMR,RG,3850,2,D,PD,AK,F
13:37:50,JSMR,RG,3850,1,D,PD,AK,F
13:37:50,JSMR,RG,3850,3,D,PD,AK,F
13:37:50,JSMR,RG,3850,3,D,KK,AK,F
13:37:50,JSMR,RG,3850,3,D,XC,AK,F
13:37:50,JSMR,RG,3850,5,D,AT,AK,F
13:37:50,JSMR,RG,3850,10,D,YP,AK,F
13:37:50,JSMR,RG,3850,1,D,PD,AK,F
13:37:50,JSMR,RG,3850,1,D,PD,AK,F
13:37:50,JSMR,RG,3850,2,D,KK,AK,F
13:37:50,JSMR,RG,3850,5,D,GR,AK,F
13:37:50,JSMR,RG,3850,53,D,ZP,AK,F
13:37:49,JSMR,RG,3850,47,D,ZP,CC,D
13:37:49,JSMR,RG,3850,9,D,XC,CC,D
13:37:49,JSMR,RG,3850,30,D,CC,CC,D
13:37:49,JSMR,RG,3850,1,D,OD,CC,D
13:37:49,JSMR,RG,3850,3,D,XC,CC,D
13:37:49,JSMR,RG,3850,122,F,ZP,CC,D
13:37:49,JSMR,RG,3850,4,D,GR,CC,D
13:37:49,JSMR,RG,3850,1,D,YP,CC,D
13:37:49,JSMR,RG,3850,1,D,PD,CC,D
13:37:49,JSMR,RG,3850,1,D,PD,CC,D
13:37:49,JSMR,RG,3850,5,D,YP,CC,D
13:37:49,JSMR,RG,3850,2,D,CC,CC,D
13:37:49,JSMR,RG,3850,1,D,XC,CC,D
13:37:49,JSMR,RG,3850,1,D,SQ,CC,D
13:37:49,JSMR,RG,3850,5,D,CC,CC,D
13:37:49,JSMR,RG,3850,2,D,YP,CC,D
13:37:49,JSMR,RG,3850,4,D,PD,CC,D
13:37:49,JSMR,RG,3850,5,D,EP,CC,D
13:37:49,JSMR,RG,3850,2,D,LG,CC,D
13:37:49,JSMR,RG,3850,20,D,NI,CC,D
13:37:49,JSMR,RG,3850,15,D,HP,CC,D
13:37:49,JSMR,RG,3850,5,D,KK,CC,D
13:37:49,JSMR,RG,3850,2,D,DR,CC,D
13:37:49,JSMR,RG,3850,3,D,PD,CC,D
13:37:49,JSMR,RG,3850,1,D,OD,CC,D
13:37:49,JSMR,RG,3850,1,D,XL,CC,D
13:37:49,JSMR,RG,3850,1,D,YP,CC,D
13:37:49,JSMR,RG,3850,3,D,XC,CC,D
13:37:49,JSMR,RG,3850,2,D,YP,CC,D
13:37:49,JSMR,RG,3850,15,D,AZ,CC,D
13:37:49,JSMR,RG,3850,1,D,KK,CC,D
13:37:49,JSMR,RG,3850,5,D,OD,CC,D
13:37:49,JSMR,RG,3850,2,D,NI,CC,D
13:37:49,JSMR,RG,3850,10,D,SH,CC,D
13:37:49,JSMR,RG,3850,2,D,PD,CC,D
13:37:49,JSMR,RG,3850,26,D,TP,CC,D
13:37:49,JSMR,RG,3850,5,D,AT,CC,D
13:37:49,JSMR,RG,3850,5,D,GR,CC,D
13:37:49,JSMR,RG,3850,30,D,YP,CC,D
13:37:45,JSMR,RG,3850,13,D,YP,BK,F
13:37:41,JSMR,RG,3850,7,D,YP,BK,F
13:37:41,JSMR,RG,3850,12,D,PD,BK,F
13:37:38,JSMR,RG,3850,8,D,PD,BK,F
13:37:38,JSMR,RG,3850,1,D,XC,BK,F
13:37:38,JSMR,RG,3850,1,D,XC,BK,F
13:37:38,JSMR,RG,3850,10,D,YP,BK,F
13:37:38,JSMR,RG,3850,1,D,GR,BK,F
13:37:38,JSMR,RG,3850,1,D,YB,BK,F
13:37:38,JSMR,RG,3850,10,D,CD,BK,F
13:37:38,JSMR,RG,3850,10,D,DR,BK,F
13:37:38,JSMR,RG,3850,1,D,PD,BK,F
13:37:38,JSMR,RG,3850,10,D,TP,BK,F
13:37:38,JSMR,RG,3850,51,D,PD,BK,F
13:37:37,JSMR,RG,3850,49,D,PD,AK,F
13:37:37,JSMR,RG,3850,5,D,YP,AK,F
13:37:37,JSMR,RG,3850,2,D,CC,AK,F
13:37:37,JSMR,RG,3850,8,D,CC,AK,F
13:37:37,JSMR,RG,3850,1,D,PD,AK,F
13:37:37,JSMR,RG,3850,52,D,CC,AK,F
13:37:36,JSMR,RG,3850,48,D,CC,NI,D
13:37:36,JSMR,RG,3850,100,D,PD,NI,D
13:37:36,JSMR,RG,3850,200,D,YP,NI,D
13:37:36,JSMR,RG,3850,10,D,DR,NI,D
13:37:36,JSMR,RG,3850,5,D,OD,NI,D
13:37:36,JSMR,RG,3850,1,D,YP,NI,D
13:37:36,JSMR,RG,3850,10,D,YU,NI,D
13:37:36,JSMR,RG,3850,2,D,YP,NI,D
13:37:36,JSMR,RG,3850,3,D,LG,NI,D
13:37:36,JSMR,RG,3850,2,D,OD,NI,D
13:37:36,JSMR,RG,3850,119,D,LG,NI,D
13:37:33,JSMR,RG,3850,12,D,LG,BK,F
13:37:30,JSMR,RG,3850,13,D,LG,DX,D
13:37:29,JSMR,RG,3850,6,D,LG,BK,F
13:37:29,JSMR,RG,3850,5,D,YP,BK,F
13:37:29,JSMR,RG,3850,1,D,SQ,BK,F
13:37:29,JSMR,RG,3850,13,D,KK,BK,F
13:37:27,JSMR,RG,3850,87,D,KK,CC,D
13:37:27,JSMR,RG,3850,1,D,SQ,CC,D
13:37:27,JSMR,RG,3850,2,D,XC,CC,D
13:37:27,JSMR,RG,3850,5,D,KK,CC,D
13:37:27,JSMR,RG,3850,20,D,LG,CC,D
13:37:27,JSMR,RG,3850,2,D,ZP,CC,D
13:37:27,JSMR,RG,3850,83,D,YP,CC,D
13:37:15,JSMR,RG,3860,20,D,CC,BQ,D
13:36:33,JSMR,RG,3860,1,D,OD,BQ,D
13:36:10,JSMR,RG,3850,17,D,YP,BK,F
13:36:10,JSMR,RG,3850,1,D,XC,BK,F
13:36:09,JSMR,RG,3850,2,D,XC,AK,F
13:36:09,JSMR,RG,3850,1,D,XL,AK,F
13:36:09,JSMR,RG,3850,10,D,KK,AK,F
13:36:09,JSMR,RG,3850,30,D,SQ,AK,F
13:36:09,JSMR,RG,3850,6,D,SQ,AK,F
13:35:51,JSMR,RG,3850,21,D,SQ,BK,F
13:35:47,JSMR,RG,3850,54,D,SQ,BK,F
13:35:45,JSMR,RG,3850,129,D,SQ,BK,F
13:35:44,JSMR,RG,3850,50,D,SQ,NI,D
13:35:44,JSMR,RG,3850,150,D,SQ,NI,D
13:35:04,JSMR,RG,3850,13,D,SQ,XC,D
13:34:54,JSMR,RG,3850,14,D,SQ,DX,D
13:34:34,JSMR,RG,3850,73,D,SQ,IF,D
13:34:34,JSMR,RG,3850,3,D,CC,IF,D
13:34:34,JSMR,RG,3850,26,D,YP,IF,D
13:34:34,JSMR,RG,3850,1,D,YP,IF,D
13:34:34,JSMR,RG,3850,1,D,PD,IF,D
13:34:34,JSMR,RG,3850,2,D,PD,IF,D
13:34:34,JSMR,RG,3850,1,D,PD,IF,D
13:34:34,JSMR,RG,3850,10,D,PD,IF,D
13:34:34,JSMR,RG,3850,3,D,EP,IF,D
13:34:34,JSMR,RG,3850,12,D,EP,IF,D
13:34:34,JSMR,RG,3850,1,D,YP,IF,D
13:34:34,JSMR,RG,3850,150,D,YP,IF,D
13:34:34,JSMR,RG,3850,1,D,GR,IF,D
13:34:34,JSMR,RG,3850,316,D,ZP,IF,D
13:33:37,JSMR,RG,3850,3,D,ZP,KK,D
13:32:31,JSMR,RG,3850,14,D,ZP,YU,F
13:32:20,JSMR,RG,3850,11,D,ZP,DX,D
13:30:32,JSMR,RG,3860,1,D,SQ,BQ,D
13:30:32,JSMR,RG,3860,20,D,SQ,BQ,D
13:30:30,JSMR,RG,3850,1,D,ZP,NI,D
13:30:19,JSMR,RG,3850,34,D,ZP,CC,D
13:30:17,JSMR,RG,3860,8,D,OD,BQ,D
13:30:15,JSMR,RG,3850,1,D,ZP,AK,F
13:30:08,JSMR,RG,3860,1,D,YP,BQ,D
13:30:08,JSMR,RG,3860,10,D,CC,BQ,D
13:30:07,JSMR,RG,3860,10,D,YP,BQ,D
13:30:05,JSMR,RG,3860,1,D,XL,BQ,D
13:30:05,JSMR,RG,3860,8,D,YP,BQ,D
13:30:05,JSMR,RG,3860,10,F,AK,BQ,D
13:30:05,JSMR,RG,3860,10,D,KK,BQ,D
13:30:05,JSMR,RG,3860,1,D,PD,BQ,D
13:30:05,JSMR,RG,3860,1,D,NI,BQ,D
13:30:05,JSMR,RG,3860,2,D,KK,BQ,D
13:30:05,JSMR,RG,3860,2,D,KK,BQ,D
13:30:05,JSMR,RG,3860,2,D,KK,BQ,D
13:30:05,JSMR,RG,3860,15,D,DR,BQ,D
13:30:05,JSMR,RG,3860,1,D,XC,BQ,D
13:30:05,JSMR,RG,3860,40,F,ZP,BQ,D
13:30:05,JSMR,RG,3860,1,D,YP,BQ,D
13:30:05,JSMR,RG,3860,1,D,XC,BQ,D
13:30:05,JSMR,RG,3860,5,D,PD,BQ,D
13:30:05,JSMR,RG,3860,10,D,KK,BQ,D
13:30:05,JSMR,RG,3860,148,D,CC,BQ,D
13:30:05,JSMR,RG,3860,2,D,CC,BQ,D
13:30:05,JSMR,RG,3860,200,D,YP,BQ,D
13:30:05,JSMR,RG,3860,78,F,ZP,BQ,D
13:30:05,JSMR,RG,3860,318,D,NI,BQ,D
13:30:05,JSMR,RG,3860,75,D,NI,PD,D
13:30:05,JSMR,RG,3860,4,D,NI,PD,D
13:30:04,JSMR,RG,3860,103,D,NI,AG,D
13:30:04,JSMR,RG,3860,1,D,YP,AG,D
13:30:04,JSMR,RG,3860,31,D,PD,AG,D
13:30:03,JSMR,RG,3860,4,D,PD,AZ,D
13:30:03,JSMR,RG,3860,1,D,PD,AZ,D
13:30:03,JSMR,RG,3860,5,D,CC,AZ,D
13:30:03,JSMR,RG,3860,2,D,CC,XC,D
13:30:03,JSMR,RG,3870,25,F,AK,NI,D
13:30:03,JSMR,RG,3860,3,D,CC,AK,F
13:30:03,JSMR,RG,3870,1,D,XC,NI,D
13:30:03,JSMR,RG,3870,13,D,PD,NI,D
13:30:03,JSMR,RG,3860,2,D,CC,PD,D
13:30:02,JSMR,RG,3870,3,D,LG,NI,D
13:30:02,JSMR,RG,3870,1,F,NI,NI,D
13:30:02,JSMR,RG,3870,1,D,XC,NI,D
13:30:02,JSMR,RG,3870,3,D,XC,NI,D
13:30:01,JSMR,RG,3870,2,D,KK,NI,D
13:30:01,JSMR,RG,3860,3,D,CC,KK,D
13:30:01,JSMR,RG,3870,1,D,GR,NI,D
13:30:01,JSMR,RG,3860,1,D,CC,GR,D
11:29:46,JSMR,RG,3870,1,F,AK,NI,D
11:29:40,JSMR,RG,3860,2,D,CC,CC,D
11:28:46,JSMR,RG,3870,3,F,AK,NI,D
11:28:33,JSMR,RG,3860,32,D,CC,CC,D
11:28:33,JSMR,RG,3860,72,D,YP,CC,D
11:28:31,JSMR,RG,3870,1,F,AK,NI,D
11:28:16,JSMR,RG,3870,1,F,AK,NI,D
11:28:10,JSMR,RG,3870,1,F,ZP,NI,D
11:28:10,JSMR,RG,3870,1,F,ZP,NI,D
11:28:01,JSMR,RG,3860,14,D,YP,DX,D
11:28:01,JSMR,RG,3870,1,F,AK,NI,D
11:26:00,JSMR,RG,3860,3,D,YP,CC,D
11:25:51,JSMR,RG,3870,1,F,ZP,NI,D
11:25:51,JSMR,RG,3870,100,D,YP,NI,D
11:25:34,JSMR,RG,3860,11,D,YP,DX,D
11:24:50,JSMR,RG,3860,1,D,DR,SQ,D
11:24:11,JSMR,RG,3870,5,D,YP,NI,D
11:24:02,JSMR,RG,3870,2,D,XC,NI,D
11:23:54,JSMR,RG,3870,25,D,YP,NI,D
11:23:20,JSMR,RG,3870,5,D,YP,NI,D
11:22:57,JSMR,RG,3860,1,D,PD,DX,D
11:22:57,JSMR,RG,3860,12,D,YP,DX,D
11:22:45,JSMR,RG,3870,10,D,YP,NI,D
11:22:34,JSMR,RG,3870,26,D,GR,NI,D
11:21:51,JSMR,RG,3870,1,F,ZP,NI,D
11:21:51,JSMR,RG,3870,2,D,XC,NI,D
11:21:51,JSMR,RG,3870,1,F,CC,NI,D
11:21:51,JSMR,RG,3870,8,F,AK,NI,D
11:21:51,JSMR,RG,3870,2,D,NI,NI,D
11:21:51,JSMR,RG,3870,1,D,OD,NI,D
11:21:51,JSMR,RG,3870,1,D,XC,NI,D
11:21:51,JSMR,RG,3870,10,D,PD,NI,D
11:21:51,JSMR,RG,3870,138,D,CC,NI,D
11:20:42,JSMR,RG,3870,18,D,CC,NI,D
11:20:42,JSMR,RG,3870,100,D,XC,NI,D
11:20:42,JSMR,RG,3870,43,F,AK,NI,D
11:20:42,JSMR,RG,3870,10,D,YP,NI,D
11:20:42,JSMR,RG,3870,1,F,ZP,NI,D
11:20:42,JSMR,RG,3870,74,F,ZP,NI,D
11:20:42,JSMR,RG,3870,12,D,XC,NI,D
11:20:42,JSMR,RG,3870,5,F,AK,NI,D
11:20:42,JSMR,RG,3870,5,F,AK,NI,D
11:20:42,JSMR,RG,3870,5,F,AK,NI,D
11:20:42,JSMR,RG,3870,1,F,CC,NI,D
11:20:42,JSMR,RG,3870,7,F,ZP,NI,D
11:20:42,JSMR,RG,3870,219,D,CC,NI,D
11:20:25,JSMR,RG,3870,11,D,CC,DX,D
11:20:22,JSMR,RG,3880,1,F,ZP,NI,D
11:19:46,JSMR,RG,3880,6,F,AK,NI,D
11:19:12,JSMR,RG,3880,5,F,ZP,NI,D
11:19:11,JSMR,RG,3880,1,F,ZP,XC,D
11:19:11,JSMR,RG,3880,1,F,ZP,XC,D
11:18:31,JSMR,RG,3880,5,F,AK,XC,D
11:17:58,JSMR,RG,3870,11,D,CC,DX,D
11:17:21,JSMR,RG,3880,1,F,ZP,XC,D
11:16:55,JSMR,RG,3870,50,D,CC,DR,D
11:16:30,JSMR,RG,3880,8,F,AK,XC,D
11:15:29,JSMR,RG,3870,14,D,CC,DX,D
11:15:18,JSMR,RG,3870,1,D,CC,AK,F
11:15:07,JSMR,RG,3870,1,D,CC,PD,D
11:14:15,JSMR,RG,3880,4,F,AK,XC,D
11:14:15,JSMR,RG,3880,1,F,AK,XC,D
11:13:09,JSMR,RG,3880,1,F,ZP,XC,D
11:12:57,JSMR,RG,3870,13,D,CC,DX,D
11:12:26,JSMR,RG,3880,2,F,ZP,XC,D
11:12:24,JSMR,RG,3880,1,D,CC,XC,D
11:11:44,JSMR,RG,3880,1,D,OD,XC,D
11:11:18,JSMR,RG,3880,5,D,YB,XC,D
11:10:20,JSMR,RG,3880,1,F,ZP,XC,D
11:10:18,JSMR,RG,3870,12,D,CC,DX,D
11:10:15,JSMR,RG,3880,15,D,YP,XC,D
11:09:31,JSMR,RG,3880,1,D,YU,XC,D
11:09:31,JSMR,RG,3880,4,D,YU,YP,D
11:09:11,JSMR,RG,3880,1,F,ZP,YP,D
11:08:57,JSMR,RG,3880,5,D,YP,YP,D
11:07:17,JSMR,RG,3870,20,D,CC,CC,D
11:07:17,JSMR,RG,3870,11,D,CC,DX,D
11:07:17,JSMR,RG,3870,3,D,CC,AK,F
11:07:17,JSMR,RG,3870,1,D,CC,AK,F
11:07:17,JSMR,RG,3870,1,D,CC,XC,D
11:07:17,JSMR,RG,3870,10,D,CC,PD,D
11:07:17,JSMR,RG,3870,3,D,CC,XC,D
11:07:17,JSMR,RG,3870,10,D,CC,YP,D
11:07:17,JSMR,RG,3870,109,D,CC,CC,D
11:05:38,JSMR,RG,3870,11,D,PD,CC,D
11:05:38,JSMR,RG,3870,1,D,PD,DR,D
11:05:09,JSMR,RG,3860,12,D,YP,DX,D
11:04:47,JSMR,RG,3860,1,D,YP,XC,D
11:04:34,JSMR,RG,3860,1,D,YP,XC,D
11:04:26,JSMR,RG,3860,2,D,YP,XC,D
11:04:25,JSMR,RG,3860,22,D,YP,NI,D
11:04:25,JSMR,RG,3860,6,F,AK,NI,D
11:04:25,JSMR,RG,3860,5,D,EP,NI,D
11:04:25,JSMR,RG,3860,9,F,AK,NI,D
11:04:25,JSMR,RG,3860,190,D,CC,NI,D
11:04:25,JSMR,RG,3860,8,D,PD,NI,D
11:04:25,JSMR,RG,3860,1,D,XC,NI,D
11:04:25,JSMR,RG,3860,1,D,PD,NI,D
11:04:25,JSMR,RG,3860,8,D,XC,NI,D
11:03:39,JSMR,RG,3860,2,D,XC,LG,D
11:03:39,JSMR,RG,3860,5,F,ZP,LG,D
11:03:39,JSMR,RG,3860,1,D,YP,LG,D
11:03:39,JSMR,RG,3860,2,D,XC,LG,D
11:03:18,JSMR,RG,3860,1,D,XC,AK,F
11:02:41,JSMR,RG,3860,2,D,XC,DX,D
11:02:41,JSMR,RG,3860,10,D,OD,DX,D
11:02:41,JSMR,RG,3860,2,D,XC,DX,D
11:00:42,JSMR,RG,3870,3,D,YP,DR,D
11:00:21,JSMR,RG,3860,5,D,CC,NI,D
11:00:21,JSMR,RG,3860,20,D,CC,NI,D
11:00:21,JSMR,RG,3860,7,F,AK,NI,D
11:00:21,JSMR,RG,3860,13,D,KK,NI,D
11:00:12,JSMR,RG,3860,14,D,KK,DX,D
10:57:40,JSMR,RG,3860,10,D,KK,EP,D
10:57:36,JSMR,RG,3860,11,D,KK,DX,D
10:57:13,JSMR,RG,3860,1,D,KK,PD,D
10:56:48,JSMR,RG,3870,5,D,OD,DR,D
10:56:26,JSMR,RG,3860,1,D,KK,PD,D
10:56:26,JSMR,RG,3860,2,F,ZP,PD,D
10:56:26,JSMR,RG,3860,2,D,YP,PD,D
10:56:26,JSMR,RG,3860,1,D,DH,PD,D
10:56:26,JSMR,RG,3860,14,D,CC,PD,D
10:55:05,JSMR,RG,3860,11,D,CC,DX,D
10:55:04,JSMR,RG,3860,45,D,CC,PD,D
10:54:57,JSMR,RG,3870,1,D,YP,DR,D
10:53:15,JSMR,RG,3860,42,D,CC,KK,D
10:52:33,JSMR,RG,3860,14,D,CC,DX,D
10:51:04,JSMR,RG,3860,10,D,CC,YP,D
10:50:46,JSMR,RG,3860,15,D,CC,DR,D
10:50:01,JSMR,RG,3860,2,D,CC,KK,F
10:50:01,JSMR,RG,3860,9,F,ZP,KK,F
10:50:01,JSMR,RG,3860,9,D,PD,KK,F
10:49:41,JSMR,RG,3860,1,D,PD,EP,D
10:49:40,JSMR,RG,3860,1,D,PD,CC,F
10:49:40,JSMR,RG,3860,12,D,PD,DX,D
10:49:40,JSMR,RG,3860,5,D,PD,CC,D
10:49:40,JSMR,RG,3860,2,D,PD,YP,D
10:48:58,JSMR,RG,3860,1,D,CC,AK,F
10:48:33,JSMR,RG,3860,25,D,YP,BK,F
10:47:45,JSMR,RG,3860,24,D,DR,BK,F
10:47:45,JSMR,RG,3860,1,D,DR,CC,D
10:47:21,JSMR,RG,3850,12,D,ZP,DX,D
10:47:14,JSMR,RG,3860,7,D,XC,CC,D
10:47:09,JSMR,RG,3860,2,D,PD,CC,D
10:44:55,JSMR,RG,3850,13,D,ZP,DX,D
10:43:10,JSMR,RG,3860,5,D,YU,CC,D
10:42:45,JSMR,RG,3850,25,D,ZP,DR,D
10:42:30,JSMR,RG,3860,1,D,XC,CC,D
10:41:44,JSMR,RG,3860,4,D,DR,CC,D
10:41:44,JSMR,RG,3860,11,D,DR,DX,D
10:41:18,JSMR,RG,3850,70,D,ZP,CC,D
10:41:18,JSMR,RG,3850,10,D,RG,CC,D
10:41:18,JSMR,RG,3850,19,D,DR,CC,D
10:41:09,JSMR,RG,3860,3,D,ZP,DX,D
10:40:28,JSMR,RG,3850,1,D,DR,XC,D
10:39:59,JSMR,RG,3850,75,D,DR,GR,D
10:39:45,JSMR,RG,3850,1,D,DR,PD,D
10:39:44,JSMR,RG,3850,7,D,DR,DX,D
10:39:44,JSMR,RG,3860,4,F,CC,DX,D
10:39:15,JSMR,RG,3860,5,F,AK,BK,F
10:39:15,JSMR,RG,3860,5,F,AK,BK,F
10:39:15,JSMR,RG,3860,1,D,OD,BK,F
10:39:15,JSMR,RG,3860,10,D,YU,BK,F
10:39:15,JSMR,RG,3860,3,D,KK,BK,F
10:39:14,JSMR,RG,3860,2,D,KK,BK,F
10:39:14,JSMR,RG,3860,5,D,YP,BK,F
10:39:14,JSMR,RG,3860,108,D,CC,BK,F
10:39:13,JSMR,RG,3860,4,D,CC,AK,F
10:39:13,JSMR,RG,3860,24,D,CC,AK,F
10:39:13,JSMR,RG,3860,23,D,CC,SQ,D
10:39:13,JSMR,RG,3860,30,D,CC,SQ,D
10:39:13,JSMR,RG,3860,5,F,AK,SQ,D
10:39:13,JSMR,RG,3860,10,D,GR,SQ,D
10:39:13,JSMR,RG,3860,1,D,XC,SQ,D
10:39:13,JSMR,RG,3860,2,D,YP,SQ,D
10:39:13,JSMR,RG,3860,5,F,AK,SQ,D
10:39:13,JSMR,RG,3860,30,D,NI,SQ,D
10:39:13,JSMR,RG,3860,5,F,ZP,SQ,D
10:39:13,JSMR,RG,3860,10,D,PD,SQ,D
10:39:13,JSMR,RG,3860,3,F,CC,SQ,D
10:39:13,JSMR,RG,3860,1,D,DH,SQ,D
10:39:13,JSMR,RG,3860,1,D,CC,SQ,D
10:39:13,JSMR,RG,3860,3,D,PD,SQ,D
10:39:13,JSMR,RG,3860,5,D,NI,SQ,D
10:39:13,JSMR,RG,3860,6,F,AK,SQ,D
10:39:13,JSMR,RG,3860,1,D,XL,SQ,D
10:39:13,JSMR,RG,3860,50,F,ZP,SQ,D
10:39:13,JSMR,RG,3860,53,F,AK,SQ,D
10:39:13,JSMR,RG,3860,115,D,CC,SQ,D
10:39:00,JSMR,RG,3860,16,D,CC,CC,D
10:37:18,JSMR,RG,3860,14,D,CC,DX,D
10:36:14,JSMR,RG,3860,6,D,CC,YP,D
10:34:41,JSMR,RG,3860,12,D,CC,DX,D
10:34:27,JSMR,RG,3870,1,D,NI,CC,D
10:32:14,JSMR,RG,3860,11,D,CC,DX,D
10:31:32,JSMR,RG,3860,15,D,CC,GR,D
10:29:42,JSMR,RG,3860,11,D,CC,DX,D
10:29:42,JSMR,RG,3860,2,F,ZP,DX,D
10:29:42,JSMR,RG,3860,1,F,ZP,PD,D
10:27:09,JSMR,RG,3860,2,D,XC,BK,F
10:27:09,JSMR,RG,3860,1,D,XL,BK,F
10:27:09,JSMR,RG,3860,5,F,CC,BK,F
10:27:09,JSMR,RG,3860,33,F,ZP,BK,F
10:27:08,JSMR,RG,3860,12,F,ZP,DX,D
10:26:59,JSMR,RG,3860,15,F,ZP,AK,F
10:26:59,JSMR,RG,3860,52,D,CC,AK,F
10:26:47,JSMR,RG,3860,110,D,CC,AK,F
10:26:47,JSMR,RG,3860,5,D,YP,AK,F
10:26:46,JSMR,RG,3860,15,D,YP,AK,F
10:26:46,JSMR,RG,3860,5,D,YP,AK,F
10:26:46,JSMR,RG,3860,4,D,PD,AK,F
10:26:46,JSMR,RG,3860,1,F,ZP,AK,F
10:26:46,JSMR,RG,3860,1,D,CC,AK,F
10:26:46,JSMR,RG,3860,89,D,YP,AK,F
10:26:45,JSMR,RG,3860,11,D,YP,AK,F
10:26:45,JSMR,RG,3860,10,D,SH,AK,F
10:26:45,JSMR,RG,3860,5,D,PD,AK,F
10:26:45,JSMR,RG,3860,32,D,PD,AK,F
10:26:43,JSMR,RG,3860,28,D,PD,PD,D
10:25:54,JSMR,RG,3860,5,D,PD,KK,D
10:25:53,JSMR,RG,3860,53,D,PD,YP,D
10:25:53,JSMR,RG,3860,2,D,XC,YP,D
10:25:53,JSMR,RG,3860,58,F,ZP,YP,D
10:25:53,JSMR,RG,3860,100,D,PD,YP,D
10:25:53,JSMR,RG,3860,1,D,PD,YP,D
10:25:53,JSMR,RG,3860,2,D,XC,YP,D
10:25:53,JSMR,RG,3860,1,D,PD,YP,D
10:25:53,JSMR,RG,3860,10,D,YP,YP,D
10:25:53,JSMR,RG,3860,6,F,AK,YP,D
10:25:53,JSMR,RG,3860,1,D,PD,YP,D
10:25:53,JSMR,RG,3860,2,D,CC,YP,D
10:25:53,JSMR,RG,3860,1,D,XC,YP,D
10:25:53,JSMR,RG,3860,7,F,AK,YP,D
10:25:53,JSMR,RG,3860,20,D,AZ,YP,D
10:25:53,JSMR,RG,3860,1,D,DH,YP,D
10:25:53,JSMR,RG,3860,10,D,CC,YP,D
10:25:53,JSMR,RG,3860,1,D,YB,YP,D
10:25:53,JSMR,RG,3860,8,D,YP,YP,D
10:25:53,JSMR,RG,3860,10,D,SQ,YP,D
10:25:53,JSMR,RG,3860,1,D,YP,YP,D
10:25:53,JSMR,RG,3860,10,D,YP,YP,D
10:25:53,JSMR,RG,3860,1,D,YP,YP,D
10:25:53,JSMR,RG,3860,10,D,PD,YP,D
10:25:53,JSMR,RG,3860,1,D,YP,YP,D
10:25:53,JSMR,RG,3860,1,D,PD,YP,D
10:25:53,JSMR,RG,3860,1,D,PD,YP,D
10:25:53,JSMR,RG,3860,2,D,PD,YP,D
10:25:53,JSMR,RG,3860,5,D,YP,YP,D
10:25:53,JSMR,RG,3860,5,D,YP,YP,D
10:25:53,JSMR,RG,3860,1,D,YP,YP,D
10:25:53,JSMR,RG,3860,4,D,LG,YP,D
10:25:53,JSMR,RG,3860,3,D,SQ,YP,D
10:25:53,JSMR,RG,3860,20,D,YP,YP,D
10:25:53,JSMR,RG,3860,1,D,DH,YP,D
10:25:53,JSMR,RG,3860,3,D,PD,YP,D
10:25:53,JSMR,RG,3860,3,D,CC,YP,D
10:25:53,JSMR,RG,3860,2,D,CC,YP,D
10:25:53,JSMR,RG,3860,5,D,CC,YP,D
10:25:53,JSMR,RG,3860,5,D,CC,YP,D
10:25:53,JSMR,RG,3860,5,D,CC,YP,D
10:25:53,JSMR,RG,3860,1,D,PD,YP,D
10:25:53,JSMR,RG,3860,1,D,KK,YP,D
10:25:53,JSMR,RG,3860,5,D,PD,YP,D
10:25:53,JSMR,RG,3860,15,D,AZ,YP,D
10:25:53,JSMR,RG,3860,100,D,DR,YP,D
10:25:53,JSMR,RG,3860,10,D,CC,YP,D
10:25:53,JSMR,RG,3860,5,D,XC,YP,D
10:25:53,JSMR,RG,3860,100,D,LG,YP,D
10:25:53,JSMR,RG,3860,5,D,YP,YP,D
10:25:53,JSMR,RG,3860,7,D,YP,YP,D
10:25:53,JSMR,RG,3860,1,D,YP,YP,D
10:25:53,JSMR,RG,3860,25,D,PD,YP,D
10:25:53,JSMR,RG,3860,1,D,PD,YP,D
10:25:53,JSMR,RG,3860,50,D,LS,YP,D
10:25:53,JSMR,RG,3860,5,D,DR,YP,D
10:25:53,JSMR,RG,3860,10,D,PD,YP,D
10:25:53,JSMR,RG,3860,16,D,YP,YP,D
10:25:53,JSMR,RG,3860,6,D,CC,YP,D
10:25:53,JSMR,RG,3860,1,D,YP,YP,D
10:25:53,JSMR,RG,3860,100,D,XA,YP,D
10:25:53,JSMR,RG,3860,100,D,DR,YP,D
10:25:53,JSMR,RG,3860,2,D,KK,YP,D
10:25:53,JSMR,RG,3860,1,D,PD,YP,D
10:25:53,JSMR,RG,3860,50,D,PS,YP,D
10:25:52,JSMR,RG,3860,7,D,PS,YP,D
10:25:27,JSMR,RG,3870,10,D,YP,CC,D
10:25:22,JSMR,RG,3870,8,F,AK,AK,F
10:25:22,JSMR,RG,3870,7,F,AK,AK,F
10:25:22,JSMR,RG,3870,1,D,PD,AK,F
10:25:22,JSMR,RG,3870,8,F,AK,AK,F
10:25:22,JSMR,RG,3870,20,D,XL,AK,F
10:25:22,JSMR,RG,3870,5,D,YP,AK,F
10:25:22,JSMR,RG,3870,10,D,NI,AK,F
10:25:22,JSMR,RG,3870,2,D,XC,AK,F
10:25:22,JSMR,RG,3870,1,D,CC,AK,F
10:25:22,JSMR,RG,3870,10,F,AK,AK,F
10:25:22,JSMR,RG,3870,4,F,ZP,AK,F
10:25:22,JSMR,RG,3870,7,F,AK,AK,F
10:25:22,JSMR,RG,3870,1,D,DH,AK,F
10:25:22,JSMR,RG,3870,1,F,OD,AK,F
10:25:22,JSMR,RG,3870,1,D,XC,AK,F
10:25:22,JSMR,RG,3870,64,D,CC,AK,F
10:25:21,JSMR,RG,3870,6,D,CC,AK,F
10:25:21,JSMR,RG,3870,17,D,CC,AK,F
10:25:21,JSMR,RG,3870,4,D,CC,AK,F
10:25:21,JSMR,RG,3870,93,D,CC,AK,F
10:25:21,JSMR,RG,3870,22,D,IF,AK,F
10:25:20,JSMR,RG,3870,78,D,IF,AK,F
10:25:20,JSMR,RG,3870,8,F,CC,AK,F
10:25:20,JSMR,RG,3870,1,D,PD,AK,F
10:25:20,JSMR,RG,3870,1,D,XC,AK,F
10:25:20,JSMR,RG,3870,27,F,ZP,AK,F
10:24:54,JSMR,RG,3870,10,F,ZP,YP,D
10:24:32,JSMR,RG,3870,13,F,ZP,DX,D
10:22:30,JSMR,RG,3870,4,F,ZP,DR,D
10:22:30,JSMR,RG,3870,31,D,GR,DR,D
10:22:05,JSMR,RG,3870,50,D,GR,CC,D
10:22:00,JSMR,RG,3870,18,D,GR,CC,D
10:21:56,JSMR,RG,3870,12,D,GR,DX,D
10:21:53,JSMR,RG,3880,1,D,SQ,XC,D
10:21:53,JSMR,RG,3880,2,D,SQ,DR,D
10:21:53,JSMR,RG,3880,2,D,SQ,PD,D
10:21:48,JSMR,RG,3880,10,D,YP,PD,D
10:21:21,JSMR,RG,3880,1,D,XC,PD,D
10:21:14,JSMR,RG,3880,7,F,ZP,PD,D
10:21:14,JSMR,RG,3880,100,D,CC,PD,D
10:20:20,JSMR,RG,3880,1,D,YP,PD,D
10:20:19,JSMR,RG,3870,10,D,GR,EP,D
10:19:29,JSMR,RG,3870,7,D,GR,DX,D
10:19:29,JSMR,RG,3870,1,D,PD,DX,D
10:19:29,JSMR,RG,3870,3,F,AK,DX,D
10:19:14,JSMR,RG,3880,1,D,YP,PD,D
10:19:04,JSMR,RG,3880,10,D,PD,PD,D
10:19:04,JSMR,RG,3870,4,F,AK,XL,D
10:19:04,JSMR,RG,3870,2,D,XC,XL,D
10:16:51,JSMR,RG,3870,3,D,XC,DX,D
10:16:51,JSMR,RG,3870,11,F,AK,DX,D
10:16:47,JSMR,RG,3880,1,D,CC,PD,D
10:15:11,JSMR,RG,3880,5,D,OD,PD,D
10:14:33,JSMR,RG,3880,5,D,NI,PD,D
10:13:57,JSMR,RG,3880,1,F,OD,PD,D
10:13:57,JSMR,RG,3880,45,D,CC,PD,D
10:13:57,JSMR,RG,3880,9,F,ZP,PD,D
10:13:57,JSMR,RG,3880,2,D,IF,PD,D
10:13:23,JSMR,RG,3880,13,D,IF,XL,D
10:13:23,JSMR,RG,3880,10,D,IF,YB,D
10:13:23,JSMR,RG,3880,5,D,IF,XC,D
10:13:23,JSMR,RG,3880,20,D,IF,LG,D
10:12:42,JSMR,RG,3880,10,D,IF,LG,D
10:12:42,JSMR,RG,3880,1,D,IF,AK,F
10:12:42,JSMR,RG,3880,16,D,IF,EP,D
10:12:42,JSMR,RG,3880,48,D,IF,PD,D
10:10:15,JSMR,RG,3870,50,D,CC,PD,D
10:09:38,JSMR,RG,3870,7,D,CC,AK,F
10:09:38,JSMR,RG,3870,17,D,CC,AK,F
10:09:38,JSMR,RG,3870,42,D,CC,PD,D
10:09:38,JSMR,RG,3870,3,D,CC,PD,D
10:09:38,JSMR,RG,3870,5,D,PD,PD,D
10:09:38,JSMR,RG,3870,1,D,AZ,PD,D
10:09:38,JSMR,RG,3870,5,F,AK,PD,D
10:09:38,JSMR,RG,3870,2,D,XC,PD,D
10:09:38,JSMR,RG,3870,10,D,PD,PD,D
10:09:38,JSMR,RG,3870,50,D,LG,PD,D
10:09:38,JSMR,RG,3870,2,D,YP,PD,D
10:09:02,JSMR,RG,3870,13,D,YP,CC,D
10:09:02,JSMR,RG,3870,3,D,NI,CC,D
10:09:02,JSMR,RG,3870,1,D,NI,CC,D
10:09:02,JSMR,RG,3870,6,F,AK,CC,D
10:09:02,JSMR,RG,3870,10,D,KK,CC,D
10:09:02,JSMR,RG,3870,1,D,XL,CC,D
10:09:02,JSMR,RG,3870,1,D,PD,CC,D
10:09:02,JSMR,RG,3870,5,D,OD,CC,D
10:09:02,JSMR,RG,3870,5,F,ZP,CC,D
10:09:02,JSMR,RG,3870,4,D,XC,CC,D
10:09:02,JSMR,RG,3870,151,D,CC,CC,D
10:05:08,JSMR,RG,3880,1,D,AZ,PD,D
10:02:16,JSMR,RG,3880,5,D,PD,PD,D
10:01:11,JSMR,RG,3870,1,F,ZP,YP,D
9:59:35,JSMR,RG,3870,12,F,ZP,XA,D
9:57:22,JSMR,RG,3870,3,F,ZP,DR,D
9:57:17,JSMR,RG,3870,15,F,ZP,YP,D
9:57:17,JSMR,RG,3870,4,F,ZP,YP,D
9:57:17,JSMR,RG,3870,1,D,PD,YP,D
9:57:01,JSMR,RG,3870,1,D,PD,XC,D
9:57:01,JSMR,RG,3870,1,D,PD,XC,D
9:56:11,JSMR,RG,3870,7,D,PD,CC,D
9:55:34,JSMR,RG,3870,9,D,DR,CC,D
9:55:34,JSMR,RG,3870,11,D,DR,GR,D
9:54:53,JSMR,RG,3870,2,D,PD,GR,D
9:54:53,JSMR,RG,3870,1,F,ZP,GR,D
9:54:53,JSMR,RG,3870,1,D,XC,GR,D
9:54:53,JSMR,RG,3870,1,D,YP,GR,D
9:54:53,JSMR,RG,3870,10,D,DX,GR,D
9:54:53,JSMR,RG,3870,10,D,PD,GR,D
9:54:53,JSMR,RG,3870,20,D,PD,GR,D
9:54:53,JSMR,RG,3870,3,D,DR,GR,D
9:54:53,JSMR,RG,3870,5,D,YP,GR,D
9:54:53,JSMR,RG,3870,12,D,PD,GR,D
9:54:53,JSMR,RG,3870,24,D,PD,GR,D
9:54:48,JSMR,RG,3880,5,D,CP,PD,D
9:54:22,JSMR,RG,3870,6,D,PD,AZ,D
9:54:22,JSMR,RG,3870,1,D,CC,AZ,D
9:53:50,JSMR,RG,3870,1,D,CC,XC,D
9:53:01,JSMR,RG,3870,1,D,CC,AK,F
9:53:01,JSMR,RG,3870,2,D,CC,AK,F
9:53:01,JSMR,RG,3870,5,D,CC,AK,F
9:53:01,JSMR,RG,3870,1,D,PD,AK,F
9:53:00,JSMR,RG,3870,11,D,XL,XC,D
9:53:00,JSMR,RG,3870,16,D,XL,CC,D
9:52:54,JSMR,RG,3870,10,D,XL,CC,D
9:52:02,JSMR,RG,3870,11,D,XL,CC,D
9:52:02,JSMR,RG,3870,1,D,YP,CC,D
9:52:02,JSMR,RG,3870,1,D,CC,CC,D
9:51:41,JSMR,RG,3880,1,D,CC,PD,D
9:50:48,JSMR,RG,3880,1,D,KK,PD,D
9:50:35,JSMR,RG,3880,3,F,ZP,AK,F
9:50:35,JSMR,RG,3880,10,D,OD,AK,F
9:50:35,JSMR,RG,3880,7,F,AK,AK,F
9:50:35,JSMR,RG,3880,102,D,CC,AK,F
9:50:35,JSMR,RG,3880,54,D,CC,BK,F
9:50:35,JSMR,RG,3880,1,D,YP,BK,F
9:50:35,JSMR,RG,3880,1,D,PD,BK,F
9:50:35,JSMR,RG,3880,4,F,ZP,BK,F
9:50:35,JSMR,RG,3880,1,D,NI,BK,F
9:50:35,JSMR,RG,3880,10,F,CC,BK,F
9:50:35,JSMR,RG,3880,8,F,AK,BK,F
9:50:35,JSMR,RG,3880,36,D,PD,BK,F
9:50:34,JSMR,RG,3880,7,D,PD,XL,D
9:49:41,JSMR,RG,3890,5,D,YU,PD,D
9:47:30,JSMR,RG,3880,5,D,PD,PD,D
9:47:29,JSMR,RG,3880,15,D,PD,XA,D
9:47:15,JSMR,RG,3880,37,D,PD,EL,D
9:47:15,JSMR,RG,3880,40,D,PD,EL,D
9:47:15,JSMR,RG,3880,1,F,ZP,EL,D
9:47:15,JSMR,RG,3880,22,D,CC,EL,D
9:46:52,JSMR,RG,3880,2,D,CC,KK,D
9:46:22,JSMR,RG,3880,3,D,CC,CC,D
9:45:19,JSMR,RG,3880,21,D,CC,AK,F
9:45:16,JSMR,RG,3880,20,D,CC,CC,D
9:45:05,JSMR,RG,3880,1,D,CC,YP,D
9:45:01,JSMR,RG,3880,31,D,CC,DR,D
9:44:55,JSMR,RG,3880,8,F,AK,DR,D
9:44:55,JSMR,RG,3880,20,D,PD,DR,D
9:44:55,JSMR,RG,3880,11,F,BK,DR,D
9:44:55,JSMR,RG,3880,64,F,AK,DR,D
9:44:55,JSMR,RG,3880,5,F,ZP,DR,D
9:44:55,JSMR,RG,3880,11,D,DX,DR,D
9:44:30,JSMR,RG,3880,13,D,DX,AK,D
9:44:30,JSMR,RG,3880,6,D,DX,AK,D
9:44:19,JSMR,RG,3880,8,D,PD,AK,D
9:44:19,JSMR,RG,3880,2,D,PD,CC,D
9:44:06,JSMR,RG,3880,10,D,PD,CC,D
9:41:07,JSMR,RG,3890,3,F,CC,AK,F
9:41:07,JSMR,RG,3890,1,D,DR,AK,F
9:41:07,JSMR,RG,3890,3,D,CC,AK,F
9:40:58,JSMR,RG,3870,4,D,CC,YB,D
9:40:58,JSMR,RG,3870,1,D,PD,YB,D
9:40:58,JSMR,RG,3870,1,D,PD,YB,D
9:40:58,JSMR,RG,3870,50,D,YP,YB,D
9:40:58,JSMR,RG,3870,45,F,BK,YB,D
9:40:58,JSMR,RG,3870,5,D,GR,YB,D
9:40:58,JSMR,RG,3870,5,D,YP,YB,D
9:40:58,JSMR,RG,3870,1,D,YP,YB,D
9:40:58,JSMR,RG,3870,100,D,AZ,YB,D
9:40:58,JSMR,RG,3870,1,D,XC,YB,D
9:40:58,JSMR,RG,3870,1,D,CC,YB,D
9:40:58,JSMR,RG,3870,10,D,PD,YB,D
9:40:58,JSMR,RG,3870,10,D,SQ,YB,D
9:40:58,JSMR,RG,3880,1,D,SQ,YB,D
9:40:58,JSMR,RG,3880,41,F,ZP,YB,D
9:40:58,JSMR,RG,3880,1,D,XL,YB,D
9:40:58,JSMR,RG,3880,10,D,OD,YB,D
9:40:58,JSMR,RG,3880,1,D,PD,YB,D
9:40:58,JSMR,RG,3880,1,D,XC,YB,D
9:40:58,JSMR,RG,3880,20,D,DX,YB,D
9:40:58,JSMR,RG,3880,2,D,AI,YB,D
9:40:58,JSMR,RG,3880,1,D,NI,YB,D
9:40:58,JSMR,RG,3880,47,F,AK,YB,D
9:40:58,JSMR,RG,3880,462,D,EP,YB,D
9:40:58,JSMR,RG,3890,8,F,AK,YB,D
9:40:58,JSMR,RG,3890,2,F,ZP,YB,D
9:40:58,JSMR,RG,3890,2,F,CC,YB,D
9:40:58,JSMR,RG,3890,151,D,CC,YB,D
9:40:58,JSMR,RG,3890,3,F,ZP,YB,D
9:40:58,JSMR,RG,3890,9,F,AK,YB,D
9:40:58,JSMR,RG,3890,4,D,DX,YB,D
9:40:31,JSMR,RG,3900,3,D,XC,CC,D
9:40:22,JSMR,RG,3890,10,D,DX,YB,D
9:39:53,JSMR,RG,3890,1,D,DX,KK,D
9:39:53,JSMR,RG,3890,1,D,PD,KK,D
9:39:53,JSMR,RG,3890,1,F,ZP,KK,D
9:39:31,JSMR,RG,3890,14,F,ZP,PD,D
9:39:31,JSMR,RG,3890,4,F,ZP,PD,D
9:39:31,JSMR,RG,3890,10,D,DX,PD,D
9:39:31,JSMR,RG,3890,5,D,NI,PD,D
9:39:31,JSMR,RG,3890,9,F,AK,PD,D
9:39:31,JSMR,RG,3890,4,F,ZP,PD,D
9:39:31,JSMR,RG,3890,4,D,PD,PD,D
9:38:13,JSMR,RG,3900,1,D,OD,CC,D
9:37:17,JSMR,RG,3900,1,D,PD,CC,D
9:35:41,JSMR,RG,3900,3,D,XL,CC,D
9:35:41,JSMR,RG,3890,2,D,PD,PD,D
9:35:23,JSMR,RG,3890,4,D,PD,AK,D
9:35:04,JSMR,RG,3890,10,D,YP,AK,D
9:35:04,JSMR,RG,3890,93,D,YP,BK,F
9:35:04,JSMR,RG,3890,5,D,YP,YB,D
9:35:04,JSMR,RG,3890,23,D,YP,XC,D
9:35:04,JSMR,RG,3890,17,D,YP,PD,D
9:35:04,JSMR,RG,3890,2,D,YP,KK,D
9:34:48,JSMR,RG,3890,1,D,KK,KK,D
9:34:23,JSMR,RG,3880,1,D,EP,XC,D
9:33:26,JSMR,RG,3880,1,D,EP,AK,F
9:33:26,JSMR,RG,3880,20,D,EP,PD,D
9:33:26,JSMR,RG,3880,13,D,EP,AK,D
9:33:26,JSMR,RG,3880,108,D,EP,BK,F
9:33:26,JSMR,RG,3880,2,D,EP,CC,D
9:33:26,JSMR,RG,3880,200,D,EP,CC,D
9:33:26,JSMR,RG,3880,2,D,EP,TP,D
9:33:26,JSMR,RG,3880,11,D,EP,AK,D
9:33:10,JSMR,RG,3880,1,D,KK,AK,D
9:32:39,JSMR,RG,3870,23,F,ZP,PD,D
9:32:39,JSMR,RG,3870,3,F,AK,PD,D
9:32:01,JSMR,RG,3870,5,F,AK,AK,F
9:32:01,JSMR,RG,3870,1,D,YP,AK,F
9:32:01,JSMR,RG,3870,2,D,YP,AK,F
9:32:01,JSMR,RG,3870,10,D,DH,AK,F
9:32:01,JSMR,RG,3870,22,D,YP,AK,F
9:32:00,JSMR,RG,3870,8,D,YP,XC,D
9:32:00,JSMR,RG,3870,3,F,ZP,XC,D
9:32:00,JSMR,RG,3870,1,D,XL,XC,D
9:31:59,JSMR,RG,3870,8,F,AK,XA,D
9:31:59,JSMR,RG,3870,10,D,PD,XA,D
9:31:59,JSMR,RG,3870,1,F,ZP,XA,D
9:31:41,JSMR,RG,3870,16,D,CC,AZ,D
9:31:40,JSMR,RG,3870,1,D,CC,YB,D
9:31:37,JSMR,RG,3870,2,D,CC,CC,D
9:31:20,JSMR,RG,3870,157,D,CC,IU,D
9:31:20,JSMR,RG,3870,1,D,CC,IU,D
9:31:20,JSMR,RG,3870,1,D,YP,IU,D
9:31:20,JSMR,RG,3870,2,D,XC,IU,D
9:31:20,JSMR,RG,3870,10,D,NI,IU,D
9:31:20,JSMR,RG,3870,5,D,YP,IU,D
9:31:20,JSMR,RG,3870,5,D,YP,IU,D
9:31:20,JSMR,RG,3870,3,D,NI,IU,D
9:31:20,JSMR,RG,3870,300,D,DR,IU,D
9:31:20,JSMR,RG,3870,16,D,MG,IU,D
9:30:39,JSMR,RG,3870,5,D,MG,PD,D
9:30:24,JSMR,RG,3870,79,D,MG,CC,D
9:30:24,JSMR,RG,3870,5,D,YP,CC,D
9:30:24,JSMR,RG,3870,5,D,YP,CC,D
9:30:24,JSMR,RG,3870,1,D,XC,CC,D
9:30:24,JSMR,RG,3870,10,D,YJ,CC,D
9:30:00,JSMR,RG,3880,1,D,PD,AK,D
9:28:17,JSMR,RG,3880,49,F,AK,AK,D
9:28:17,JSMR,RG,3880,14,F,AK,AK,D
9:28:17,JSMR,RG,3880,15,F,AK,YP,D
9:28:17,JSMR,RG,3880,10,D,OD,YP,D
9:28:16,JSMR,RG,3880,2,D,XC,YP,D
9:28:11,JSMR,RG,3880,10,D,PD,YP,D
9:27:55,JSMR,RG,3880,2,F,ZP,YP,D
9:27:55,JSMR,RG,3880,1,D,OD,YP,D
9:27:55,JSMR,RG,3880,20,D,CP,YP,D
9:27:55,JSMR,RG,3880,1,D,AZ,YP,D
9:27:55,JSMR,RG,3880,4,F,CC,YP,D
9:27:55,JSMR,RG,3880,35,D,YP,YP,D
9:26:15,JSMR,RG,3880,1,D,YP,PD,D
9:25:54,JSMR,RG,3880,13,D,YP,PD,D
9:25:54,JSMR,RG,3880,39,D,XC,PD,D
9:25:49,JSMR,RG,3880,11,D,XC,LG,D
9:25:49,JSMR,RG,3880,5,D,YP,LG,D
9:25:49,JSMR,RG,3880,3,F,ZP,LG,D
9:25:49,JSMR,RG,3880,1,D,PD,LG,D
9:25:48,JSMR,RG,3880,1,D,PD,DR,D
9:25:48,JSMR,RG,3880,67,D,DH,DR,D
9:25:42,JSMR,RG,3880,3,D,DH,NI,D
9:25:33,JSMR,RG,3880,43,D,DH,EP,D
9:25:33,JSMR,RG,3880,43,D,DH,EP,D
9:25:33,JSMR,RG,3880,43,D,DH,EP,D
9:25:33,JSMR,RG,3880,1,D,DH,EP,D
9:25:33,JSMR,RG,3880,8,F,AK,EP,D
9:25:33,JSMR,RG,3880,1,D,XL,EP,D
9:25:33,JSMR,RG,3880,1,D,XC,EP,D
9:25:33,JSMR,RG,3880,20,D,YP,EP,D
9:25:33,JSMR,RG,3880,5,D,DR,EP,D
9:25:33,JSMR,RG,3880,1,D,YP,EP,D
9:25:33,JSMR,RG,3880,3,D,XC,EP,D
9:25:33,JSMR,RG,3880,3,F,ZP,EP,D
9:25:33,JSMR,RG,3880,43,D,CC,EP,D
9:25:19,JSMR,RG,3880,17,D,CC,XL,D
9:23:56,JSMR,RG,3880,20,D,CC,YP,D
9:23:54,JSMR,RG,3880,16,D,CC,PD,D
9:23:26,JSMR,RG,3880,1,D,CC,PD,D
9:23:11,JSMR,RG,3880,3,D,CC,PD,D
9:23:02,JSMR,RG,3880,10,D,CC,DR,D
9:22:43,JSMR,RG,3880,1,D,CC,PD,D
9:22:20,JSMR,RG,3880,3,D,CC,XC,D
9:21:47,JSMR,RG,3880,23,D,CC,AK,F
9:21:45,JSMR,RG,3880,1,D,CC,AK,F
9:21:45,JSMR,RG,3880,13,D,CC,AK,D
9:21:45,JSMR,RG,3880,14,D,CC,AK,D
9:21:45,JSMR,RG,3880,35,D,CC,DR,D
9:21:30,JSMR,RG,3870,3,D,YP,DH,D
9:21:30,JSMR,RG,3870,1,D,YP,DH,D
9:21:30,JSMR,RG,3870,1,D,YP,DH,D
9:21:30,JSMR,RG,3870,1,D,PD,DH,D
9:21:30,JSMR,RG,3870,7,D,YU,DH,D
9:21:18,JSMR,RG,3880,8,F,AK,DR,D
9:21:18,JSMR,RG,3880,1,F,ZP,DR,D
9:21:18,JSMR,RG,3880,3,F,CC,DR,D
9:21:18,JSMR,RG,3880,5,D,GR,DR,D
9:21:18,JSMR,RG,3880,10,D,NI,DR,D
9:21:18,JSMR,RG,3880,4,D,YP,DR,D
9:21:18,JSMR,RG,3880,1,D,KK,DR,D
9:21:18,JSMR,RG,3880,2,D,KK,DR,D
9:21:18,JSMR,RG,3880,6,D,XL,DR,D
9:21:18,JSMR,RG,3880,1,D,YP,DR,D
9:21:18,JSMR,RG,3880,3,D,LG,DR,D
9:21:18,JSMR,RG,3880,9,D,CC,DR,D
9:21:18,JSMR,RG,3880,2,D,ZP,DR,D
9:21:18,JSMR,RG,3880,3,D,CC,DR,D
9:21:18,JSMR,RG,3880,1,D,YP,DR,D
9:21:18,JSMR,RG,3880,2,D,YP,DR,D
9:21:18,JSMR,RG,3880,1,D,YP,DR,D
9:21:18,JSMR,RG,3880,1,D,PD,DR,D
9:21:18,JSMR,RG,3880,1,D,YP,DR,D
9:21:18,JSMR,RG,3880,1,D,YP,DR,D
9:19:44,JSMR,RG,3890,5,D,GR,AZ,D
9:19:44,JSMR,RG,3890,8,F,AK,AZ,D
9:19:44,JSMR,RG,3890,1,D,XL,AZ,D
9:19:44,JSMR,RG,3890,1,D,PD,AZ,D
9:19:44,JSMR,RG,3890,1,D,YP,AZ,D
9:19:44,JSMR,RG,3890,50,D,DX,AZ,D
9:19:44,JSMR,RG,3890,2,F,CC,AZ,D
9:19:44,JSMR,RG,3890,4,F,ZP,AZ,D
9:19:44,JSMR,RG,3890,12,D,CC,AZ,D
9:19:34,JSMR,RG,3890,146,D,CC,YP,D
9:19:34,JSMR,RG,3890,1,D,YP,YP,D
9:19:34,JSMR,RG,3890,3,D,GR,YP,D
9:19:26,JSMR,RG,3890,197,D,GR,IU,D
9:19:26,JSMR,RG,3890,1,D,XC,IU,D
9:19:26,JSMR,RG,3890,10,D,NI,IU,D
9:19:26,JSMR,RG,3890,3,D,XC,IU,D
9:19:26,JSMR,RG,3890,1,D,XL,IU,D
9:19:26,JSMR,RG,3890,5,D,KK,IU,D
9:18:29,JSMR,RG,3900,10,D,PD,CC,D
9:17:47,JSMR,RG,3900,1,D,YP,CC,D
9:17:40,JSMR,RG,3900,1,D,NI,CC,D
9:17:32,JSMR,RG,3900,1,D,KK,CC,D
9:16:50,JSMR,RG,3900,20,D,PD,CC,D
9:16:37,JSMR,RG,3900,30,D,CC,CC,D
9:16:37,JSMR,RG,3900,2,D,PD,CC,D
9:16:37,JSMR,RG,3900,3,D,NI,CC,D
9:16:37,JSMR,RG,3900,2,F,ZP,CC,D
9:16:37,JSMR,RG,3900,1,F,AK,CC,D
9:16:29,JSMR,RG,3910,3,D,YP,XL,D
9:15:28,JSMR,RG,3900,7,F,AK,CC,D
9:15:28,JSMR,RG,3900,5,D,XL,CC,D
9:15:28,JSMR,RG,3900,5,D,PD,CC,D
9:15:23,JSMR,RG,3900,5,D,PD,AK,F
9:15:23,JSMR,RG,3900,1,D,NI,AK,F
9:15:23,JSMR,RG,3900,7,F,AK,AK,F
9:15:23,JSMR,RG,3900,1,F,AK,AK,F
9:15:23,JSMR,RG,3900,10,F,CC,AK,F
9:15:22,JSMR,RG,3900,70,F,CC,YP,D
9:15:22,JSMR,RG,3900,2,F,ZP,YP,D
9:15:22,JSMR,RG,3900,1,D,YP,YP,D
9:15:22,JSMR,RG,3900,20,D,YP,YP,D
9:15:22,JSMR,RG,3900,7,D,SQ,YP,D
9:14:54,JSMR,RG,3900,3,D,SQ,YP,D
9:14:54,JSMR,RG,3900,20,D,CC,YP,D
9:14:50,JSMR,RG,3900,80,D,CC,DR,D
9:13:46,JSMR,RG,3900,25,D,CC,YB,D
9:13:34,JSMR,RG,3900,13,D,CC,TP,D
9:13:21,JSMR,RG,3900,5,D,CC,CP,D
9:12:59,JSMR,RG,3900,17,D,CC,XL,D
9:12:59,JSMR,RG,3900,1,D,XC,XL,D
9:12:59,JSMR,RG,3900,2,D,YP,XL,D
9:12:13,JSMR,RG,3910,1,F,ZP,AK,F
9:12:01,JSMR,RG,3910,1,F,ZP,AK,F
9:12:00,JSMR,RG,3910,2,F,ZP,AK,F
9:12:00,JSMR,RG,3910,6,F,AK,AK,F
9:11:59,JSMR,RG,3910,2,F,AK,AK,F
9:11:59,JSMR,RG,3910,1,F,AK,YP,D
9:11:59,JSMR,RG,3910,3,F,CC,YP,D
9:11:59,JSMR,RG,3910,1,D,YP,YP,D
9:11:59,JSMR,RG,3910,2,D,YP,YP,D
9:11:59,JSMR,RG,3910,10,D,SQ,YP,D
9:11:59,JSMR,RG,3910,12,F,AK,YP,D
9:11:59,JSMR,RG,3910,10,F,AK,YP,D
9:11:59,JSMR,RG,3910,10,D,SQ,YP,D
9:11:59,JSMR,RG,3910,175,D,CC,YP,D
9:11:59,JSMR,RG,3910,1,F,ZP,YP,D
9:11:50,JSMR,RG,3910,1,F,ZP,CC,D
9:10:32,JSMR,RG,3920,2,D,YP,CC,D
9:10:25,JSMR,RG,3920,2,D,YP,CC,D
9:10:18,JSMR,RG,3920,7,F,ZP,CC,D
9:10:12,JSMR,RG,3920,1,D,KK,CC,D
9:10:12,JSMR,RG,3920,2,D,KK,SQ,D
9:10:12,JSMR,RG,3920,2,D,KK,YP,D
9:09:17,JSMR,RG,3920,8,D,PD,YP,D
9:09:17,JSMR,RG,3920,1,D,PD,CC,D
9:09:17,JSMR,RG,3920,16,D,PD,YP,D
9:08:02,JSMR,RG,3920,14,D,XC,YP,D
9:08:02,JSMR,RG,3920,9,D,XC,KK,D
9:06:48,JSMR,RG,3920,3,D,LG,KK,D
9:06:44,JSMR,RG,3900,2,D,SQ,AZ,D
9:06:11,JSMR,RG,3900,2,D,SQ,XC,D
9:05:13,JSMR,RG,3900,1,D,XL,XC,D
9:05:00,JSMR,RG,3900,5,D,YP,XC,D
9:04:30,JSMR,RG,3900,60,F,BK,MG,D
9:04:30,JSMR,RG,3900,14,F,BK,AK,D
9:04:30,JSMR,RG,3900,2,F,BK,OD,D
9:04:30,JSMR,RG,3900,115,F,BK,SQ,D
9:04:30,JSMR,RG,3900,4,F,BK,NI,D
9:04:30,JSMR,RG,3900,1,F,BK,YP,D
9:04:30,JSMR,RG,3900,3,F,CC,YP,D
9:04:30,JSMR,RG,3900,1,F,CC,AK,D
9:04:30,JSMR,RG,3900,2,F,CC,AK,D
9:04:30,JSMR,RG,3900,6,F,CC,CC,D
9:04:21,JSMR,RG,3900,1,D,OD,CC,D
9:03:47,JSMR,RG,3900,1,D,XL,CC,D
9:03:39,JSMR,RG,3890,14,F,AK,YP,D
9:03:39,JSMR,RG,3890,1,F,ZP,YP,D
9:03:39,JSMR,RG,3890,5,D,ZP,YP,D
9:03:22,JSMR,RG,3900,1,D,CC,CC,D
9:03:19,JSMR,RG,3900,1,F,ZP,CC,D
9:03:01,JSMR,RG,3900,3,F,AK,AK,D
9:03:01,JSMR,RG,3900,1,F,AK,AK,D
9:03:00,JSMR,RG,3900,24,F,AK,CC,D
9:03:00,JSMR,RG,3900,2,F,AK,AK,F
9:03:00,JSMR,RG,3900,57,F,AK,BK,F
9:03:00,JSMR,RG,3900,36,F,AK,BK,F
9:03:00,JSMR,RG,3900,5,F,AK,AT,D
9:03:00,JSMR,RG,3900,32,F,AK,AK,D
9:03:00,JSMR,RG,3900,177,F,AK,CC,D
9:02:45,JSMR,RG,3880,1,F,AK,OD,D
9:02:45,JSMR,RG,3880,1,F,ZP,OD,D
9:02:10,JSMR,RG,3880,24,F,AK,XL,D
9:02:10,JSMR,RG,3880,3,F,AK,XL,D
9:02:10,JSMR,RG,3880,1,F,AK,XL,D
9:02:10,JSMR,RG,3880,1,D,KK,XL,D
9:01:55,JSMR,RG,3900,3,D,XL,CC,D
9:01:55,JSMR,RG,3900,2,D,XL,CC,D
9:01:28,JSMR,RG,3900,2,D,XL,CC,D
9:01:26,JSMR,RG,3900,1,D,XL,CC,D
9:01:24,JSMR,RG,3870,13,D,YU,DR,D
9:01:18,JSMR,RG,3870,1,F,CC,DR,D
9:01:18,JSMR,RG,3870,1,F,ZP,DR,D
9:01:18,JSMR,RG,3870,60,D,EL,DR,D
9:01:00,JSMR,RG,3870,40,D,EL,AK,D
9:01:00,JSMR,RG,3870,1,F,ZP,AK,D
9:01:00,JSMR,RG,3870,5,D,PD,AK,D
9:00:56,JSMR,RG,3870,5,D,PD,CC,D
9:00:49,JSMR,RG,3870,6,F,AK,CC,D
9:00:49,JSMR,RG,3870,53,F,AK,CC,D
9:00:48,JSMR,RG,3870,5,D,XC,CC,D
9:00:47,JSMR,RG,3880,1,F,ZP,CC,D
9:00:47,JSMR,RG,3880,1,D,XC,CC,D
9:00:46,JSMR,RG,3920,2,D,LG,KK,D
9:00:46,JSMR,RG,3910,3,D,LG,XC,D
9:00:43,JSMR,RG,3890,1,D,YP,XC,D
9:00:37,JSMR,RG,3890,1,D,XL,XC,D
9:00:36,JSMR,RG,3890,1,D,YP,XC,D
9:00:33,JSMR,RG,3890,1,F,ZP,XC,D
9:00:33,JSMR,RG,3900,1,F,ZP,XC,D
9:00:33,JSMR,RG,3900,10,D,SQ,XC,D
9:00:33,JSMR,RG,3900,1,D,SQ,XC,D
9:00:33,JSMR,RG,3910,20,D,SQ,XC,D
9:00:28,JSMR,RG,3920,16,D,YP,KK,D
9:00:28,JSMR,RG,3910,4,D,YP,PD,D
9:00:28,JSMR,RG,3860,43,D,PS,AK,D
9:00:28,JSMR,RG,3860,10,D,ZP,AK,D
9:00:28,JSMR,RG,3870,3,F,AK,AK,D
9:00:28,JSMR,RG,3870,52,F,AK,AK,D
9:00:28,JSMR,RG,3870,3,F,AK,AK,D
9:00:28,JSMR,RG,3870,7,F,AK,AK,D
9:00:28,JSMR,RG,3870,58,F,AK,AK,D
9:00:27,JSMR,RG,3870,3,D,XC,AK,D
9:00:27,JSMR,RG,3870,1,F,ZP,AK,D
9:00:25,JSMR,RG,3870,33,F,AK,AK,D
9:00:25,JSMR,RG,3870,3,F,AK,AK,D
9:00:25,JSMR,RG,3870,2,F,AK,AK,D
9:00:25,JSMR,RG,3870,4,F,AK,AK,D
9:00:24,JSMR,RG,3870,1,F,ZP,AK,D
9:00:23,JSMR,RG,3880,10,D,YP,AK,D
9:00:23,JSMR,RG,3870,1,D,YP,AK,D
9:00:23,JSMR,RG,3870,60,D,OD,AK,D
9:00:23,JSMR,RG,3870,2,D,PD,AK,D
9:00:23,JSMR,RG,3870,10,D,PD,AK,D
9:00:23,JSMR,RG,3870,1,D,PD,AK,D
9:00:22,JSMR,RG,3880,1,F,ZP,AK,D
9:00:22,JSMR,RG,3880,2,D,CC,AK,D
9:00:22,JSMR,RG,3880,2,D,CC,AK,D
9:00:21,JSMR,RG,3880,1,D,XC,AK,D
9:00:21,JSMR,RG,3880,1,D,YP,AK,D
9:00:21,JSMR,RG,3880,30,D,CC,AK,D
9:00:21,JSMR,RG,3880,30,D,CC,OD,D
9:00:20,JSMR,RG,3900,1,D,XC,AK,D
9:00:20,JSMR,RG,3900,1,F,CC,AK,D
9:00:20,JSMR,RG,3900,3,D,CC,AK,D
9:00:19,JSMR,RG,3900,6,D,CC,XC,D
9:00:19,JSMR,RG,3900,1,D,CC,XC,D
9:00:19,JSMR,RG,3900,17,D,CC,AK,D
9:00:19,JSMR,RG,3900,12,D,CC,AK,D
9:00:19,JSMR,RG,3900,12,D,CC,AK,D
9:00:17,JSMR,RG,3900,30,D,CC,KK,D
9:00:17,JSMR,RG,3900,7,D,CC,KK,D
9:00:17,JSMR,RG,3900,40,D,CC,HP,D
9:00:16,JSMR,RG,3900,28,D,CC,KK,D
9:00:16,JSMR,RG,3900,1,D,CC,KK,D
9:00:16,JSMR,RG,3900,1,F,ZP,KK,D
9:00:13,JSMR,RG,3910,2,F,ZP,PD,D
9:00:12,JSMR,RG,3910,20,D,CC,PD,D
9:00:12,JSMR,RG,3880,17,D,CC,AK,D
9:00:12,JSMR,RG,3880,17,D,CC,AK,D
9:00:12,JSMR,RG,3880,6,D,CC,AK,D
9:00:12,JSMR,RG,3880,10,D,DH,AK,D
9:00:12,JSMR,RG,3880,2,D,KK,AK,D
9:00:12,JSMR,RG,3880,1,D,KK,AK,D
9:00:12,JSMR,RG,3900,11,D,PD,AK,D
9:00:11,JSMR,RG,3920,19,D,XC,KK,D
9:00:11,JSMR,RG,3910,1,D,XC,AK,F
9:00:10,JSMR,RG,3900,1,D,PD,PD,D
9:00:10,JSMR,RG,3900,3,D,PD,PD,D
9:00:10,JSMR,RG,3900,1,D,PD,PD,D
9:00:10,JSMR,RG,3910,1,D,XC,PD,D
9:00:10,JSMR,RG,3920,6,D,CC,KK,D
9:00:10,JSMR,RG,3910,2,D,CC,PD,D
9:00:10,JSMR,RG,3910,5,D,CC,PD,D
9:00:09,JSMR,RG,3910,3,D,PD,PD,D
9:00:09,JSMR,RG,3910,1,F,ZP,PD,D
9:00:09,JSMR,RG,3910,1,F,ZP,PD,D
9:00:09,JSMR,RG,3920,1,D,XC,PD,D
9:00:09,JSMR,RG,3920,1,D,PD,PD,D
9:00:09,JSMR,RG,3920,1,D,PD,PD,D
9:00:09,JSMR,RG,3920,24,D,PD,PD,D
9:00:07,JSMR,RG,3920,10,D,PD,XC,D
9:00:06,JSMR,RG,3920,1,D,PD,CD,D
9:00:06,JSMR,RG,3920,8,D,PD,EP,D
9:00:06,JSMR,RG,3920,9,D,PD,IF,D
9:00:06,JSMR,RG,3920,4,D,PD,IF,D
9:00:05,JSMR,RG,3920,1,D,PD,EP,D
9:00:05,JSMR,RG,3920,1,F,ZP,EP,D
9:00:05,JSMR,RG,3940,3,F,AK,EP,D
9:00:05,JSMR,RG,3940,13,F,AK,AK,D
9:00:05,JSMR,RG,3940,7,F,AK,AK,D
9:00:05,JSMR,RG,3940,7,F,AK,AK,D
9:00:05,JSMR,RG,3940,12,F,AK,EP,D
9:00:05,JSMR,RG,3940,8,F,AK,HP,F
9:00:04,JSMR,RG,3880,1,D,PD,GR,D
9:00:04,JSMR,RG,3900,1,D,DH,GR,D
9:00:04,JSMR,RG,3900,1,D,PD,GR,D
9:00:04,JSMR,RG,3910,3,D,PD,GR,D
9:00:04,JSMR,RG,3920,4,D,KK,GR,D
9:00:04,JSMR,RG,3920,2,D,KK,PD,D
9:00:04,JSMR,RG,3920,1,D,KK,AK,D
9:00:04,JSMR,RG,3920,3,D,KK,AK,D
9:00:04,JSMR,RG,3920,1,D,PD,AK,D
9:00:03,JSMR,RG,3870,12,D,EP,YP,D
9:00:03,JSMR,RG,3870,12,D,EP,YP,D
9:00:03,JSMR,RG,3870,12,D,EP,YP,D
9:00:03,JSMR,RG,3870,3,D,HP,YP,D
9:00:03,JSMR,RG,3900,1,D,XC,YP,D
9:00:03,JSMR,RG,3910,21,D,DR,YP,D
9:00:02,JSMR,RG,3940,2,D,YB,HP,F
9:00:01,JSMR,RG,3910,19,D,DR,YB,D
9:00:01,JSMR,RG,3920,10,D,DR,YB,D
9:00:01,JSMR,RG,3920,1,D,ZP,YB,D
9:00:00,JSMR,RG,3910,10,D,DR,DR,D
