Time,Stock,Brd,Price,Qty,BT,BC,SC,ST
15:14:52,JSMR,RG,3290,1,F,CS,DH,D
15:13:47,JSMR,RG,3290,10,F,CS,SQ,D
15:09:37,JSMR,RG,3290,3,F,CS,HP,D
15:08:28,JSMR,RG,3290,50,F,CS,PD,D
15:08:14,JSMR,RG,3290,2,F,CS,YP,D
15:08:14,JSMR,RG,3290,1,F,CS,EP,D
15:08:14,JSMR,RG,3290,60,F,CS,EP,D
15:08:04,JSMR,RG,3290,40,D,YP,EP,D
15:08:04,JSMR,RG,3290,3,D,YP,AI,D
15:08:04,JSMR,RG,3290,1,D,YP,CC,D
15:08:04,JSMR,RG,3290,62,D,YP,IN,D
15:07:59,JSMR,RG,3290,2,D,CP,IN,D
15:07:26,JSMR,RG,3290,34,D,DH,IN,D
15:07:21,JSMR,RG,3290,50,D,PD,IN,D
15:07:07,JSMR,RG,3290,10,D,CC,IN,D
15:06:50,JSMR,RG,3290,1,D,DH,IN,D
15:06:11,JSMR,RG,3290,10,D,GR,IN,D
15:05:56,JSMR,RG,3290,1,D,YP,IN,D
15:05:55,JSMR,RG,3290,20,D,NI,IN,D
15:05:36,JSMR,RG,3290,20,D,GR,IN,D
15:05:30,JSMR,RG,3290,40,D,DH,IN,D
15:05:24,JSMR,RG,3290,2,D,CC,IN,D
15:05:23,JSMR,RG,3290,100,D,YP,IN,D
15:04:56,JSMR,RG,3290,1,D,YP,IN,D
15:04:34,JSMR,RG,3290,2,D,YP,IN,D
15:04:28,JSMR,RG,3290,9,D,XL,IN,D
15:04:27,JSMR,RG,3290,2,D,YP,IN,D
15:04:23,JSMR,RG,3290,5,D,YP,IN,D
15:04:21,JSMR,RG,3290,10,D,KK,IN,D
15:04:14,JSMR,RG,3290,1,D,CC,IN,D
15:04:12,JSMR,RG,3290,1,D,DH,IN,D
15:04:06,JSMR,RG,3290,20,D,PD,IN,D
15:03:40,JSMR,RG,3290,597,F,IF,IN,D
15:03:40,JSMR,RG,3290,20,F,IF,YP,D
15:03:40,JSMR,RG,3290,1983,F,IF,BB,D
15:03:40,JSMR,RG,3290,2400,F,IF,BB,D
15:03:37,JSMR,RG,3290,2,D,CC,BB,D
15:03:33,JSMR,RG,3290,1,D,CC,BB,D
15:03:15,JSMR,RG,3290,2,D,CC,BB,D
15:02:50,JSMR,RG,3290,1,D,CC,BB,D
15:02:25,JSMR,RG,3290,150,D,SQ,BB,D
15:02:12,JSMR,RG,3290,2,D,CC,BB,D
15:01:42,JSMR,RG,3290,10,D,XA,BB,D
15:01:32,JSMR,RG,3290,100,D,YP,BB,D
15:00:00,JSMR,RG,3290,2,D,SQ,BB,D
15:00:00,JSMR,RG,3290,1,D,YP,BB,D
15:00:00,JSMR,RG,3290,200,D,OD,BB,D
15:00:00,JSMR,RG,3290,711,D,AG,BB,D
15:00:00,JSMR,RG,3290,3,D,AG,NI,D
15:00:00,JSMR,RG,3290,20,D,AG,DR,D
15:00:00,JSMR,RG,3290,2,D,AG,HP,D
15:00:00,JSMR,RG,3290,5,D,AG,HD,D
15:00:00,JSMR,RG,3290,15,D,AG,XC,D
15:00:00,JSMR,RG,3290,16,D,AG,YP,D
15:00:00,JSMR,RG,3290,100,D,AG,YB,D
15:00:00,JSMR,RG,3290,14,D,AG,PD,D
15:00:00,JSMR,RG,3290,20,D,AG,EP,D
15:00:00,JSMR,RG,3290,15,D,AG,DR,D
15:00:00,JSMR,RG,3290,10,D,AG,CC,D
15:00:00,JSMR,RG,3290,2,D,AG,HP,D
15:00:00,JSMR,RG,3290,1,D,AG,HD,D
15:00:00,JSMR,RG,3290,51,D,AG,AZ,D
15:00:00,JSMR,RG,3290,19,D,AG,AI,D
15:00:00,JSMR,RG,3290,2,D,AG,HD,D
15:00:00,JSMR,RG,3290,3,D,AG,AK,F
15:00:00,JSMR,RG,3290,4,D,AG,AK,F
15:00:00,JSMR,RG,3290,15,D,AG,AK,F
15:00:00,JSMR,RG,3290,16,D,AG,EP,D
15:00:00,JSMR,RG,3290,6,D,AG,PD,D
15:00:00,JSMR,RG,3290,411,D,AG,PD,D
15:00:00,JSMR,RG,3290,539,D,AG,PD,D
15:00:00,JSMR,RG,3290,7787,F,DX,PD,D
15:00:00,JSMR,RG,3290,1,D,YP,PD,D
15:00:00,JSMR,RG,3290,100,D,EP,PD,D
15:00:00,JSMR,RG,3290,10,D,IU,PD,D
15:00:00,JSMR,RG,3290,30,D,IU,PD,D
15:00:00,JSMR,RG,3290,20,D,DR,PD,D
15:00:00,JSMR,RG,3290,120,D,YP,PD,D
15:00:00,JSMR,RG,3290,200,D,CC,PD,D
15:00:00,JSMR,RG,3290,1,D,YP,PD,D
15:00:00,JSMR,RG,3290,2000,D,CC,PD,D
15:00:00,JSMR,RG,3290,500,D,CC,PD,D
15:00:00,JSMR,RG,3290,1,D,YP,PD,D
15:00:00,JSMR,RG,3290,200,D,CC,PD,D
15:00:00,JSMR,RG,3290,1,D,YP,PD,D
15:00:00,JSMR,RG,3290,250,D,YP,PD,D
15:00:00,JSMR,RG,3290,500,D,YP,PD,D
15:00:00,JSMR,RG,3290,3500,D,CC,PD,D
15:00:00,JSMR,RG,3290,370,F,AK,PD,D
15:00:00,JSMR,RG,3290,603,F,AK,KZ,D
15:00:00,JSMR,RG,3290,480,F,AK,KZ,D
15:00:00,JSMR,RG,3290,180,D,YP,KZ,D
15:00:00,JSMR,RG,3290,209,F,AK,KZ,D
14:49:50,JSMR,RG,3280,935,D,YP,CC,D
14:49:50,JSMR,RG,3280,5,D,KK,CC,D
14:49:50,JSMR,RG,3280,5,D,PD,CC,D
14:49:50,JSMR,RG,3280,1,D,KK,CC,D
14:49:50,JSMR,RG,3280,54,D,YP,CC,D
14:49:48,JSMR,RG,3280,5,D,YP,YB,D
14:49:20,JSMR,RG,3280,341,D,YP,CC,D
14:49:20,JSMR,RG,3280,2,D,XC,CC,D
14:49:20,JSMR,RG,3280,10,D,XC,CC,D
14:49:20,JSMR,RG,3280,10,D,CC,CC,D
14:49:20,JSMR,RG,3280,46,D,DH,CC,D
14:49:20,JSMR,RG,3280,5,D,PD,CC,D
14:49:20,JSMR,RG,3280,200,D,CC,CC,D
14:49:20,JSMR,RG,3280,1,D,KK,CC,D
14:49:20,JSMR,RG,3280,60,D,EP,CC,D
14:49:20,JSMR,RG,3280,1,D,EP,CC,D
14:49:20,JSMR,RG,3280,30,D,OD,CC,D
14:49:20,JSMR,RG,3280,294,D,YJ,CC,D
14:48:59,JSMR,RG,3290,5,D,YP,BB,D
14:48:43,JSMR,RG,3280,150,D,YJ,KK,D
14:48:28,JSMR,RG,3280,56,D,YJ,CC,D
14:48:28,JSMR,RG,3280,7,D,EP,CC,D
14:48:28,JSMR,RG,3280,10,D,YP,CC,D
14:48:28,JSMR,RG,3280,10,D,YB,CC,D
14:48:28,JSMR,RG,3280,1,D,YP,CC,D
14:48:28,JSMR,RG,3280,1,D,CC,CC,D
14:48:28,JSMR,RG,3280,1,D,CC,CC,D
14:48:28,JSMR,RG,3280,1,D,PD,CC,D
14:48:28,JSMR,RG,3280,2,D,YP,CC,D
14:48:28,JSMR,RG,3280,5,D,CC,CC,D
14:48:28,JSMR,RG,3280,1,D,CC,CC,D
14:48:28,JSMR,RG,3280,1,D,YP,CC,D
14:48:28,JSMR,RG,3280,3,D,CC,CC,D
14:48:28,JSMR,RG,3280,1,D,CC,CC,D
14:48:04,JSMR,RG,3290,68,D,KZ,BB,D
14:48:04,JSMR,RG,3290,71,D,KZ,BB,D
14:47:05,JSMR,RG,3290,50,D,EP,BB,D
14:46:02,JSMR,RG,3290,10,D,PD,BB,D
14:45:33,JSMR,RG,3290,8,D,PD,BB,D
14:45:32,JSMR,RG,3290,1,D,SQ,BB,D
14:45:32,JSMR,RG,3290,1,D,XC,BB,D
14:45:32,JSMR,RG,3290,11,D,CC,BB,D
14:45:32,JSMR,RG,3290,1,D,XC,BB,D
14:45:32,JSMR,RG,3290,1,D,CC,BB,D
14:45:32,JSMR,RG,3290,15,D,KZ,BB,D
14:45:32,JSMR,RG,3290,1,D,KZ,BB,D
14:45:32,JSMR,RG,3290,6,D,KZ,BB,D
14:45:32,JSMR,RG,3290,25,D,PD,BB,D
14:45:32,JSMR,RG,3290,35,D,PD,BB,D
14:45:32,JSMR,RG,3290,2,D,DH,BB,D
14:45:32,JSMR,RG,3290,3,D,PD,BB,D
14:45:32,JSMR,RG,3290,1,D,EP,BB,D
14:45:32,JSMR,RG,3290,93,D,KZ,BB,D
14:45:32,JSMR,RG,3290,21,D,OD,BB,D
14:45:32,JSMR,RG,3290,10,D,OD,BB,D
14:45:32,JSMR,RG,3290,30,D,PD,BB,D
14:45:32,JSMR,RG,3290,1,D,PD,BB,D
14:45:32,JSMR,RG,3290,5,D,KZ,BB,D
14:45:32,JSMR,RG,3290,2,D,PD,BB,D
14:45:32,JSMR,RG,3290,7,D,CC,BB,D
14:45:32,JSMR,RG,3290,1,D,XA,BB,D
14:45:32,JSMR,RG,3290,1,D,CC,BB,D
14:45:32,JSMR,RG,3290,5,D,YP,BB,D
14:45:32,JSMR,RG,3290,3850,F,IF,BB,D
14:45:32,JSMR,RG,3290,1,D,KK,BB,D
14:45:32,JSMR,RG,3290,1,D,CC,BB,D
14:45:32,JSMR,RG,3290,1,D,EP,BB,D
14:45:32,JSMR,RG,3290,15,D,CC,BB,D
14:45:32,JSMR,RG,3290,1,D,YP,BB,D
14:45:32,JSMR,RG,3290,1,D,YP,BB,D
14:45:32,JSMR,RG,3290,1,D,PD,BB,D
14:45:32,JSMR,RG,3290,20,D,YU,BB,D
14:45:32,JSMR,RG,3290,10,D,NI,BB,D
14:45:32,JSMR,RG,3290,43,D,KZ,BB,D
14:45:10,JSMR,RG,3290,8,D,KZ,OD,D
14:45:10,JSMR,RG,3290,2,D,DR,OD,D
14:44:54,JSMR,RG,3290,3,D,DR,DX,D
14:44:54,JSMR,RG,3290,8,D,NI,DX,D
14:44:31,JSMR,RG,3300,10,D,KK,BB,D
14:44:30,JSMR,RG,3290,2,D,NI,DX,D
14:44:30,JSMR,RG,3290,8,D,CC,DX,D
14:44:20,JSMR,RG,3300,2,D,YP,BB,D
14:44:17,JSMR,RG,3300,1,D,YP,BB,D
14:43:44,JSMR,RG,3300,5,D,LG,BB,D
14:43:41,JSMR,RG,3300,4,D,LG,BB,D
14:43:17,JSMR,RG,3290,2,D,CC,CC,D
14:43:17,JSMR,RG,3290,5,D,PD,CC,D
14:43:17,JSMR,RG,3290,2,D,CC,CC,D
14:43:17,JSMR,RG,3290,6,D,YP,CC,D
14:43:14,JSMR,RG,3290,1,D,YP,ZR,D
14:43:03,JSMR,RG,3290,8,D,YP,DX,D
14:42:56,JSMR,RG,3290,12,D,YP,DX,D
14:42:52,JSMR,RG,3300,21,D,OD,BB,D
14:41:50,JSMR,RG,3300,21,D,PD,BB,D
14:41:23,JSMR,RG,3290,9,D,YP,DX,D
14:41:20,JSMR,RG,3300,1,D,PD,BB,D
14:40:49,JSMR,RG,3290,14,D,YP,TP,D
14:40:49,JSMR,RG,3290,7,D,YP,TP,D
14:40:49,JSMR,RG,3290,1,D,EP,TP,D
14:40:49,JSMR,RG,3290,8,D,OD,TP,D
14:39:48,JSMR,RG,3290,2,D,OD,DX,D
14:39:48,JSMR,RG,3290,3,D,CC,DX,D
14:39:48,JSMR,RG,3290,4,D,NI,DX,D
14:38:19,JSMR,RG,3300,61,D,KZ,BB,D
14:38:09,JSMR,RG,3290,12,D,NI,DX,D
14:37:50,JSMR,RG,3300,10,D,PD,BB,D
14:37:31,JSMR,RG,3290,16,D,NI,YP,D
14:37:31,JSMR,RG,3290,68,D,KZ,YP,D
14:37:31,JSMR,RG,3290,16,D,EP,YP,D
14:36:32,JSMR,RG,3290,11,D,EP,DX,D
14:35:44,JSMR,RG,3290,1,D,EP,XC,D
14:34:58,JSMR,RG,3290,9,D,EP,DX,D
14:34:30,JSMR,RG,3290,1,D,EP,AK,F
14:34:29,JSMR,RG,3290,45,D,EP,YP,D
14:34:26,JSMR,RG,3300,50,D,PD,BB,D
14:34:24,JSMR,RG,3290,17,D,EP,YP,D
14:34:24,JSMR,RG,3290,1,D,CC,YP,D
14:34:24,JSMR,RG,3290,7,D,YP,YP,D
14:34:19,JSMR,RG,3300,32,D,KZ,BB,D
14:34:19,JSMR,RG,3300,4,D,KZ,YP,D
14:34:19,JSMR,RG,3300,4,D,KZ,BB,D
14:34:19,JSMR,RG,3300,2,D,KZ,NI,D
14:34:19,JSMR,RG,3300,5,D,KZ,CC,D
14:34:19,JSMR,RG,3300,2,D,KZ,YP,D
14:33:25,JSMR,RG,3290,11,D,YP,DX,D
14:33:16,JSMR,RG,3290,7,D,YP,YP,D
14:32:52,JSMR,RG,3290,3,D,CC,YP,D
14:32:52,JSMR,RG,3290,1,D,XC,YP,D
14:32:52,JSMR,RG,3290,1,D,CC,YP,D
14:32:52,JSMR,RG,3290,5,D,CC,YP,D
14:32:52,JSMR,RG,3290,5,D,PD,YP,D
14:32:52,JSMR,RG,3290,1,D,CC,YP,D
14:32:52,JSMR,RG,3290,9,D,EP,YP,D
14:31:51,JSMR,RG,3290,8,D,CC,DX,D
14:31:51,JSMR,RG,3290,1,D,PD,DX,D
14:31:51,JSMR,RG,3290,1,D,KZ,DX,D
14:31:51,JSMR,RG,3290,1,D,CC,DX,D
14:31:02,JSMR,RG,3300,1,D,YP,YP,D
14:30:15,JSMR,RG,3290,5,D,YP,DX,D
14:30:15,JSMR,RG,3290,2,D,XC,DX,D
14:30:15,JSMR,RG,3290,1,D,LG,DX,D
14:30:15,JSMR,RG,3290,1,D,KK,DX,D
14:30:15,JSMR,RG,3290,2,D,SQ,DX,D
14:29:37,JSMR,RG,3290,3,D,SQ,PD,D
14:28:36,JSMR,RG,3290,11,D,SQ,DX,D
14:27:57,JSMR,RG,3290,4,D,SQ,EP,D
14:27:57,JSMR,RG,3290,1,D,TF,EP,D
14:27:57,JSMR,RG,3290,1,D,KK,EP,D
14:27:41,JSMR,RG,3290,1,D,KK,PD,D
14:27:27,JSMR,RG,3290,1,D,YP,CC,D
14:27:19,JSMR,RG,3290,558,D,YP,OD,D
14:27:19,JSMR,RG,3290,12,D,EP,OD,D
14:27:00,JSMR,RG,3290,9,D,EP,DX,D
14:26:50,JSMR,RG,3290,29,D,EP,CC,D
14:26:50,JSMR,RG,3290,25,D,PD,CC,D
14:26:50,JSMR,RG,3290,1,D,CC,CC,D
14:26:50,JSMR,RG,3290,5,D,YP,CC,D
14:26:50,JSMR,RG,3290,1,D,YP,CC,D
14:26:50,JSMR,RG,3290,1,D,CC,CC,D
14:26:50,JSMR,RG,3290,2,D,CC,CC,D
14:26:50,JSMR,RG,3290,30,D,PD,CC,D
14:26:50,JSMR,RG,3290,2,D,CC,CC,D
14:26:50,JSMR,RG,3290,2,D,XL,CC,D
14:26:50,JSMR,RG,3290,1,D,XC,CC,D
14:26:50,JSMR,RG,3290,1,D,XC,CC,D
14:26:36,JSMR,RG,3290,34,D,XC,YP,D
14:26:36,JSMR,RG,3290,10,D,XC,YP,D
14:26:36,JSMR,RG,3290,6,D,PD,YP,D
14:26:32,JSMR,RG,3290,9,D,PD,YP,D
14:26:32,JSMR,RG,3290,10,D,CC,YP,D
14:26:32,JSMR,RG,3290,1,D,OD,YP,D
14:26:32,JSMR,RG,3290,4,D,OD,PD,D
14:26:32,JSMR,RG,3290,3,D,PD,PD,D
14:26:32,JSMR,RG,3290,3,D,LG,PD,D
14:25:24,JSMR,RG,3290,2,D,LG,DX,D
14:25:24,JSMR,RG,3290,4,D,PD,DX,D
14:25:24,JSMR,RG,3290,1,D,YP,DX,D
14:25:24,JSMR,RG,3290,3,D,KK,DX,D
14:24:46,JSMR,RG,3300,1,D,CC,YP,D
14:23:53,JSMR,RG,3300,1,D,CC,BB,D
14:23:53,JSMR,RG,3300,5,D,PD,BB,D
14:23:53,JSMR,RG,3300,1,D,CC,BB,D
14:23:53,JSMR,RG,3300,63,D,KZ,BB,D
14:23:53,JSMR,RG,3300,121,D,YP,BB,D
14:23:08,JSMR,RG,3300,2,D,YP,BB,D
14:23:08,JSMR,RG,3300,1,D,YP,BB,D
14:23:08,JSMR,RG,3300,1,D,YP,YP,D
14:22:58,JSMR,RG,3300,21,D,YP,BB,D
14:22:58,JSMR,RG,3300,4,D,YP,BB,D
14:22:57,JSMR,RG,3300,4,F,AK,YP,D
14:22:37,JSMR,RG,3300,4,D,DH,BB,D
14:22:36,JSMR,RG,3300,12,D,DH,DX,D
14:22:36,JSMR,RG,3300,3,D,DH,YP,D
14:22:36,JSMR,RG,3300,32,D,DH,BB,D
14:22:36,JSMR,RG,3300,8,D,DH,BB,D
14:22:36,JSMR,RG,3300,41,D,DH,CC,D
14:21:55,JSMR,RG,3300,9,D,NI,CC,D
14:21:55,JSMR,RG,3300,2,D,NI,BB,D
14:21:46,JSMR,RG,3300,1,F,AK,BB,D
14:21:45,JSMR,RG,3300,1,D,CC,BB,D
14:21:45,JSMR,RG,3300,1,D,CC,BB,D
14:21:42,JSMR,RG,3300,10,F,AK,DX,D
14:21:41,JSMR,RG,3300,1,D,EP,DX,D
14:21:30,JSMR,RG,3300,7,D,CC,BB,D
14:21:30,JSMR,RG,3300,2,D,CC,BB,D
14:21:14,JSMR,RG,3300,2,D,EP,BB,D
14:21:14,JSMR,RG,3300,3,D,EP,DH,D
14:21:12,JSMR,RG,3300,1,D,CC,DH,D
14:21:02,JSMR,RG,3300,1,D,NI,CP,D
14:20:58,JSMR,RG,3300,5,D,XC,CP,D
14:20:58,JSMR,RG,3300,4,D,PD,CP,D
14:20:58,JSMR,RG,3300,2,D,YP,CP,D
14:20:57,JSMR,RG,3300,1,D,YP,PD,D
14:20:57,JSMR,RG,3300,4,D,KZ,PD,D
14:20:56,JSMR,RG,3300,11,D,KZ,PD,D
14:20:54,JSMR,RG,3300,2,D,KZ,BB,D
14:20:54,JSMR,RG,3300,1,D,KZ,BB,D
14:20:54,JSMR,RG,3300,40,D,KZ,BB,D
14:20:54,JSMR,RG,3300,20,D,PD,BB,D
14:20:54,JSMR,RG,3300,17,D,DH,BB,D
14:20:44,JSMR,RG,3300,12,D,DH,BB,D
14:20:44,JSMR,RG,3300,3,D,DH,BB,D
14:20:43,JSMR,RG,3300,10,D,DH,DX,D
14:20:35,JSMR,RG,3300,7,D,DH,XC,D
14:20:32,JSMR,RG,3300,2,D,DH,BB,D
14:20:31,JSMR,RG,3300,29,D,DH,YP,D
14:20:31,JSMR,RG,3300,2,D,LG,YP,D
14:20:31,JSMR,RG,3300,13,D,YP,YP,D
14:20:31,JSMR,RG,3300,1,D,CC,YP,D
14:20:31,JSMR,RG,3300,7,D,XC,YP,D
14:20:06,JSMR,RG,3300,8,D,XC,BB,D
14:20:06,JSMR,RG,3300,1,D,PD,BB,D
14:20:01,JSMR,RG,3300,23,D,PD,BB,D
14:20:01,JSMR,RG,3300,7,D,YP,BB,D
14:20:01,JSMR,RG,3300,13,D,YP,BB,D
14:19:59,JSMR,RG,3300,2,D,YP,BB,D
14:19:59,JSMR,RG,3300,10,D,YP,EP,D
14:19:54,JSMR,RG,3300,5,D,YP,YU,D
14:19:48,JSMR,RG,3300,3,D,YP,BB,D
14:19:25,JSMR,RG,3300,62,D,YP,BB,D
14:19:18,JSMR,RG,3300,12,D,YP,BB,D
14:19:15,JSMR,RG,3300,1,D,YP,AK,F
14:19:14,JSMR,RG,3300,142,D,YP,AI,D
14:19:14,JSMR,RG,3300,49,D,KZ,AI,D
14:19:14,JSMR,RG,3300,9,D,CC,AI,D
14:19:13,JSMR,RG,3300,1,D,CC,YP,D
14:19:13,JSMR,RG,3300,1,D,CC,YP,D
14:19:13,JSMR,RG,3300,18,D,KZ,YP,D
14:19:11,JSMR,RG,3300,2,D,KZ,BB,D
14:19:11,JSMR,RG,3300,1,D,KZ,AK,F
14:19:10,JSMR,RG,3300,1,D,KZ,BB,D
14:19:09,JSMR,RG,3300,53,D,KZ,BB,D
14:19:09,JSMR,RG,3310,10,D,PD,NI,D
14:19:09,JSMR,RG,3310,33,D,PD,BB,D
14:19:05,JSMR,RG,3300,9,D,KZ,DX,D
14:18:59,JSMR,RG,3300,4,D,KZ,BB,D
14:18:58,JSMR,RG,3310,4,D,TP,BB,D
14:18:54,JSMR,RG,3300,4,D,KZ,BB,D
14:18:53,JSMR,RG,3310,15,D,NI,BB,D
14:18:26,JSMR,RG,3300,13,D,KZ,BB,D
14:18:20,JSMR,RG,3300,70,D,KZ,BB,D
14:18:16,JSMR,RG,3300,1,D,KZ,BB,D
14:18:15,JSMR,RG,3300,1,D,KZ,NI,D
14:18:02,JSMR,RG,3300,14,D,KZ,BB,D
14:18:02,JSMR,RG,3300,3,D,KZ,BB,D
14:17:34,JSMR,RG,3300,2,D,KZ,BB,D
14:17:34,JSMR,RG,3300,1,D,KZ,BB,D
14:17:34,JSMR,RG,3300,1,D,KZ,AK,F
14:17:33,JSMR,RG,3300,71,D,KZ,BB,D
14:17:28,JSMR,RG,3300,11,D,KZ,DX,D
14:17:19,JSMR,RG,3300,18,D,KZ,BB,D
14:17:19,JSMR,RG,3300,5,D,KZ,BB,D
14:16:44,JSMR,RG,3300,71,D,KZ,BB,D
14:16:39,JSMR,RG,3300,19,D,KZ,BB,D
14:16:39,JSMR,RG,3300,3,D,KZ,BB,D
14:16:39,JSMR,RG,3300,20,D,KZ,AT,D
14:16:38,JSMR,RG,3300,1,D,KZ,AK,F
14:16:37,JSMR,RG,3300,100,D,KZ,SQ,D
14:16:17,JSMR,RG,3300,1,D,KZ,BB,D
14:16:17,JSMR,RG,3300,1,D,KZ,BB,D
14:16:07,JSMR,RG,3300,4,D,KZ,BB,D
14:16:07,JSMR,RG,3300,16,D,KZ,BB,D
14:15:56,JSMR,RG,3300,1,D,KZ,AK,F
14:15:56,JSMR,RG,3300,11,D,KZ,DX,D
14:15:56,JSMR,RG,3300,19,D,KZ,BB,D
14:15:56,JSMR,RG,3300,4,D,KZ,BB,D
14:15:55,JSMR,RG,3300,69,D,KZ,BB,D
14:15:47,JSMR,RG,3300,3,D,KZ,EP,D
14:15:44,JSMR,RG,3300,1,D,KZ,BB,D
14:15:44,JSMR,RG,3300,1,D,KZ,BB,D
14:15:43,JSMR,RG,3300,100,D,KZ,SQ,D
14:15:29,JSMR,RG,3300,14,D,KZ,BB,D
14:15:29,JSMR,RG,3300,2,D,KZ,BB,D
14:15:09,JSMR,RG,3300,1,D,KZ,AK,F
14:15:09,JSMR,RG,3300,1,D,KZ,BB,D
14:15:08,JSMR,RG,3300,73,D,KZ,BB,D
14:15:06,JSMR,RG,3300,4,D,KZ,BB,D
14:15:06,JSMR,RG,3300,1,D,KZ,BB,D
14:14:37,JSMR,RG,3300,10,D,KZ,EP,D
14:14:36,JSMR,RG,3300,8,D,KZ,PD,D
14:14:32,JSMR,RG,3300,17,D,KZ,BB,D
14:14:32,JSMR,RG,3300,3,D,KZ,BB,D
14:14:26,JSMR,RG,3300,8,D,KZ,PD,D
14:14:22,JSMR,RG,3300,9,D,KZ,DX,D
14:14:19,JSMR,RG,3300,66,D,KZ,BB,D
14:14:18,JSMR,RG,3300,1,D,KZ,BB,D
14:14:17,JSMR,RG,3300,1,D,KZ,BB,D
14:14:16,JSMR,RG,3300,7,D,KZ,PD,D
14:14:07,JSMR,RG,3300,2,D,KZ,BB,D
14:14:06,JSMR,RG,3300,7,D,KZ,PD,D
14:14:00,JSMR,RG,3300,1,D,KZ,BB,D
14:13:57,JSMR,RG,3300,2,D,KZ,BB,D
14:13:56,JSMR,RG,3300,8,D,KZ,PD,D
14:13:47,JSMR,RG,3300,14,D,KZ,BB,D
14:13:47,JSMR,RG,3300,3,D,KZ,BB,D
14:13:46,JSMR,RG,3300,7,D,KZ,PD,D
14:13:36,JSMR,RG,3300,7,D,KZ,PD,D
14:13:34,JSMR,RG,3300,1,D,KZ,AK,F
14:13:33,JSMR,RG,3300,42,D,KZ,BB,D
14:13:33,JSMR,RG,3300,2,D,PD,BB,D
14:13:33,JSMR,RG,3300,10,D,SQ,BB,D
14:13:33,JSMR,RG,3300,7,D,KZ,BB,D
14:13:28,JSMR,RG,3300,2,D,KZ,BB,D
14:13:27,JSMR,RG,3300,1,D,KZ,BB,D
14:13:26,JSMR,RG,3300,8,D,KZ,PD,D
14:13:17,JSMR,RG,3300,4,D,KZ,BB,D
14:13:16,JSMR,RG,3300,7,D,KZ,PD,D
14:13:07,JSMR,RG,3300,2,D,KZ,BB,D
14:13:07,JSMR,RG,3300,1,D,KZ,BB,D
14:13:06,JSMR,RG,3300,7,D,KZ,PD,D
14:13:06,JSMR,RG,3310,15,D,PD,BB,D
14:12:57,JSMR,RG,3300,4,D,KZ,BB,D
14:12:57,JSMR,RG,3300,1,D,KZ,BB,D
14:12:56,JSMR,RG,3300,8,D,KZ,PD,D
14:12:47,JSMR,RG,3300,17,D,KZ,BB,D
14:12:47,JSMR,RG,3300,4,D,KZ,BB,D
14:12:47,JSMR,RG,3300,11,D,KZ,DX,D
14:12:46,JSMR,RG,3300,7,D,KZ,PD,D
14:12:42,JSMR,RG,3300,1,D,KZ,AK,F
14:12:41,JSMR,RG,3300,80,D,KZ,BB,D
14:12:41,JSMR,RG,3300,3,D,KZ,CC,D
14:12:37,JSMR,RG,3300,1,D,KZ,BB,D
14:12:36,JSMR,RG,3300,7,D,KZ,PD,D
14:12:27,JSMR,RG,3300,3,D,KZ,BB,D
14:12:26,JSMR,RG,3300,7,D,NI,PD,D
14:12:22,JSMR,RG,3300,1,D,NI,BB,D
14:12:17,JSMR,RG,3300,6,D,NI,BB,D
14:12:16,JSMR,RG,3300,6,D,NI,PD,D
14:12:16,JSMR,RG,3300,2,D,PD,PD,D
14:12:09,JSMR,RG,3300,2,D,PD,BB,D
14:12:09,JSMR,RG,3300,2,D,PD,BB,D
14:12:06,JSMR,RG,3300,7,D,PD,PD,D
14:12:00,JSMR,RG,3300,28,D,PD,YP,D
14:11:57,JSMR,RG,3300,14,D,PD,BB,D
14:11:57,JSMR,RG,3300,2,D,XA,BB,D
14:11:57,JSMR,RG,3300,1,D,KZ,BB,D
14:11:56,JSMR,RG,3300,7,D,KZ,PD,D
14:11:47,JSMR,RG,3300,67,D,KZ,BB,D
14:11:46,JSMR,RG,3300,8,D,KZ,PD,D
14:11:39,JSMR,RG,3300,1,D,KZ,BB,D
14:11:38,JSMR,RG,3300,1,D,KZ,AK,F
14:11:37,JSMR,RG,3300,2,D,KZ,BB,D
14:11:37,JSMR,RG,3300,1,D,KZ,BB,D
14:11:36,JSMR,RG,3300,7,D,KZ,PD,D
14:11:26,JSMR,RG,3300,7,D,KZ,PD,D
14:11:26,JSMR,RG,3300,11,D,KZ,BB,D
14:11:26,JSMR,RG,3300,3,D,KZ,BB,D
14:11:16,JSMR,RG,3300,8,D,KZ,PD,D
14:11:15,JSMR,RG,3300,19,D,KZ,BB,D
14:11:15,JSMR,RG,3300,1,D,KZ,BB,D
14:11:11,JSMR,RG,3300,50,D,KZ,AI,D
14:11:10,JSMR,RG,3300,5,D,CC,DX,D
14:11:10,JSMR,RG,3300,1,D,BQ,DX,D
14:11:10,JSMR,RG,3300,6,D,KZ,DX,D
14:11:07,JSMR,RG,3300,4,D,KZ,BB,D
14:11:07,JSMR,RG,3300,2,D,KZ,XA,D
14:11:06,JSMR,RG,3300,7,D,KZ,PD,D
14:11:02,JSMR,RG,3300,21,D,KZ,BB,D
14:11:02,JSMR,RG,3300,1,D,KZ,AK,F
14:11:01,JSMR,RG,3300,2,D,CC,BB,D
14:11:01,JSMR,RG,3300,65,D,DH,BB,D
14:11:01,JSMR,RG,3300,5,D,YP,BB,D
14:10:59,JSMR,RG,3300,3,D,PD,BB,D
14:10:59,JSMR,RG,3300,1,D,PD,BB,D
14:10:59,JSMR,RG,3300,6,D,PD,SQ,D
14:10:59,JSMR,RG,3300,7,D,OD,SQ,D
14:10:59,JSMR,RG,3300,87,D,KZ,SQ,D
14:10:56,JSMR,RG,3300,7,D,KZ,PD,D
14:10:52,JSMR,RG,3300,1,D,KZ,BB,D
14:10:52,JSMR,RG,3310,1,D,CC,BB,D
14:10:47,JSMR,RG,3300,2,D,KZ,BB,D
14:10:46,JSMR,RG,3300,7,D,KZ,PD,D
14:10:37,JSMR,RG,3300,1,D,KZ,BB,D
14:10:37,JSMR,RG,3300,1,D,KZ,BB,D
14:10:36,JSMR,RG,3300,8,D,KZ,PD,D
14:10:27,JSMR,RG,3300,2,D,KZ,BB,D
14:10:26,JSMR,RG,3300,7,D,KZ,PD,D
14:10:17,JSMR,RG,3300,4,D,KZ,BB,D
14:10:16,JSMR,RG,3300,7,D,KZ,PD,D
14:10:13,JSMR,RG,3300,3,D,KZ,BB,D
14:10:13,JSMR,RG,3300,1,D,KZ,AK,F
14:10:12,JSMR,RG,3300,11,D,KZ,BB,D
14:10:12,JSMR,RG,3300,1,D,KZ,BB,D
14:10:11,JSMR,RG,3300,32,D,KZ,BB,D
14:10:11,JSMR,RG,3300,10,D,PD,BB,D
14:10:11,JSMR,RG,3300,30,D,KZ,BB,D
14:10:07,JSMR,RG,3300,3,D,KZ,BB,D
14:10:06,JSMR,RG,3300,8,D,KZ,PD,D
14:09:56,JSMR,RG,3300,7,D,KZ,PD,D
14:09:51,JSMR,RG,3300,4,D,KZ,BB,D
14:09:51,JSMR,RG,3300,1,D,KZ,BB,D
14:09:46,JSMR,RG,3300,7,D,KZ,PD,D
14:09:37,JSMR,RG,3300,2,D,KZ,BB,D
14:09:36,JSMR,RG,3300,8,D,KZ,PD,D
14:09:34,JSMR,RG,3300,5,D,KZ,BB,D
14:09:33,JSMR,RG,3300,10,D,KZ,DX,D
14:09:27,JSMR,RG,3300,17,D,KZ,BB,D
14:09:26,JSMR,RG,3300,7,D,KZ,PD,D
14:09:23,JSMR,RG,3300,1,D,KZ,AK,F
14:09:22,JSMR,RG,3300,84,D,KZ,BB,D
14:09:17,JSMR,RG,3300,2,D,KZ,BB,D
14:09:16,JSMR,RG,3300,7,D,KZ,PD,D
14:09:07,JSMR,RG,3300,2,D,KZ,BB,D
14:09:07,JSMR,RG,3300,5,D,KZ,BB,D
14:09:06,JSMR,RG,3300,7,D,KZ,PD,D
14:08:56,JSMR,RG,3300,8,D,KZ,PD,D
14:08:54,JSMR,RG,3300,1,D,KZ,CC,D
14:08:52,JSMR,RG,3300,20,D,KZ,YP,D
14:08:52,JSMR,RG,3300,3,D,KZ,BB,D
14:08:46,JSMR,RG,3300,7,D,KZ,PD,D
14:08:37,JSMR,RG,3300,2,D,KZ,BB,D
14:08:37,JSMR,RG,3300,1,D,KZ,BB,D
14:08:36,JSMR,RG,3300,7,D,KZ,PD,D
14:08:27,JSMR,RG,3300,18,D,KZ,BB,D
14:08:27,JSMR,RG,3300,4,D,KZ,BB,D
14:08:26,JSMR,RG,3300,8,D,KZ,PD,D
14:08:25,JSMR,RG,3300,54,D,KZ,BB,D
14:08:25,JSMR,RG,3300,17,D,KZ,BB,D
14:08:24,JSMR,RG,3300,10,D,KZ,EP,D
14:08:18,JSMR,RG,3300,1,D,KZ,AK,F
14:08:17,JSMR,RG,3300,3,D,KZ,BB,D
14:08:16,JSMR,RG,3310,5,D,NI,BB,D
14:08:16,JSMR,RG,3300,7,D,KZ,PD,D
14:08:07,JSMR,RG,3300,1,D,KZ,BB,D
14:08:07,JSMR,RG,3300,1,D,PD,BB,D
14:08:07,JSMR,RG,3300,1,D,PD,BB,D
14:08:06,JSMR,RG,3300,7,D,PD,PD,D
14:08:00,JSMR,RG,3300,10,D,PD,DX,D
14:07:57,JSMR,RG,3300,1,D,PD,BB,D
14:07:57,JSMR,RG,3300,2,D,PD,BB,D
14:07:56,JSMR,RG,3300,3,D,PD,PD,D
14:07:56,JSMR,RG,3300,1,D,YP,PD,D
14:07:56,JSMR,RG,3300,3,D,XC,PD,D
14:07:56,JSMR,RG,3300,1,D,KZ,PD,D
14:07:47,JSMR,RG,3300,4,D,KZ,BB,D
14:07:46,JSMR,RG,3300,7,D,KZ,PD,D
14:07:42,JSMR,RG,3300,25,D,KZ,BB,D
14:07:37,JSMR,RG,3300,2,D,KZ,BB,D
14:07:36,JSMR,RG,3300,7,D,KZ,PD,D
14:07:33,JSMR,RG,3300,73,D,KZ,BB,D
14:07:32,JSMR,RG,3300,1,D,KZ,BB,D
14:07:31,JSMR,RG,3300,1,D,KZ,AK,F
14:07:30,JSMR,RG,3300,50,D,KZ,TP,D
14:07:27,JSMR,RG,3300,3,D,KZ,BB,D
14:07:27,JSMR,RG,3300,1,D,KZ,BB,D
14:07:26,JSMR,RG,3300,7,D,KZ,PD,D
14:07:17,JSMR,RG,3300,2,D,KZ,BB,D
14:07:16,JSMR,RG,3300,8,D,KZ,PD,D
14:07:13,JSMR,RG,3300,6,D,KZ,EP,D
14:07:10,JSMR,RG,3300,1,D,KZ,XC,D
14:07:07,JSMR,RG,3300,7,D,KZ,BB,D
14:07:07,JSMR,RG,3300,2,D,KZ,BB,D
14:07:06,JSMR,RG,3300,7,D,KZ,PD,D
14:06:57,JSMR,RG,3300,30,D,KZ,OD,D
14:06:57,JSMR,RG,3300,15,D,KZ,BB,D
14:06:57,JSMR,RG,3300,4,D,KZ,BB,D
14:06:56,JSMR,RG,3300,7,D,KZ,PD,D
14:06:46,JSMR,RG,3300,8,D,KZ,PD,D
14:06:44,JSMR,RG,3300,20,D,KZ,BB,D
14:06:43,JSMR,RG,3300,70,D,KZ,BB,D
14:06:42,JSMR,RG,3300,1,D,KZ,BB,D
14:06:36,JSMR,RG,3300,7,D,KZ,PD,D
14:06:33,JSMR,RG,3300,100,D,KZ,CC,D
14:06:33,JSMR,RG,3300,4,D,KZ,BB,D
14:06:26,JSMR,RG,3300,7,D,KZ,PD,D
14:06:23,JSMR,RG,3300,1,D,KZ,BB,D
14:06:22,JSMR,RG,3300,10,D,KZ,DX,D
14:06:17,JSMR,RG,3300,2,D,KZ,BB,D
14:06:17,JSMR,RG,3300,1,D,KZ,BB,D
14:06:16,JSMR,RG,3300,8,D,KZ,PD,D
14:06:07,JSMR,RG,3300,15,D,KZ,BB,D
14:06:07,JSMR,RG,3300,3,D,KZ,BB,D
14:06:06,JSMR,RG,3300,7,D,KZ,PD,D
14:05:57,JSMR,RG,3300,1,D,KZ,BB,D
14:05:56,JSMR,RG,3300,7,D,KZ,PD,D
14:05:56,JSMR,RG,3300,1,D,KZ,BB,D
14:05:55,JSMR,RG,3300,73,D,KZ,BB,D
14:05:47,JSMR,RG,3300,2,D,KZ,BB,D
14:05:46,JSMR,RG,3300,7,D,KZ,PD,D
14:05:37,JSMR,RG,3300,1,D,KZ,BB,D
14:05:36,JSMR,RG,3300,8,D,KZ,PD,D
14:05:28,JSMR,RG,3300,2,D,KZ,BB,D
14:05:28,JSMR,RG,3300,2,D,KZ,BB,D
14:05:27,JSMR,RG,3300,1,D,KZ,BB,D
14:05:26,JSMR,RG,3300,7,D,KZ,PD,D
14:05:18,JSMR,RG,3300,16,D,KZ,BB,D
14:05:17,JSMR,RG,3300,4,D,KZ,BB,D
14:05:16,JSMR,RG,3300,7,D,KZ,PD,D
14:05:07,JSMR,RG,3300,8,D,KZ,BB,D
14:05:07,JSMR,RG,3300,1,D,CC,BB,D
14:05:07,JSMR,RG,3300,1,D,PD,BB,D
14:05:07,JSMR,RG,3300,2,D,KZ,BB,D
14:05:06,JSMR,RG,3300,2,D,KZ,AK,F
14:05:06,JSMR,RG,3300,8,D,KZ,PD,D
14:05:05,JSMR,RG,3300,78,D,KZ,BB,D
14:04:59,JSMR,RG,3300,5,D,KZ,PD,D
14:04:59,JSMR,RG,3300,2,D,KZ,BB,D
14:04:57,JSMR,RG,3300,4,D,KZ,BB,D
14:04:56,JSMR,RG,3300,7,D,KZ,PD,D
14:04:54,JSMR,RG,3300,50,D,KZ,OD,D
14:04:52,JSMR,RG,3300,1,D,KZ,BB,D
14:04:51,JSMR,RG,3310,1,D,SQ,BB,D
14:04:47,JSMR,RG,3300,2,D,KZ,BB,D
14:04:46,JSMR,RG,3300,1,D,KZ,PD,D
14:04:46,JSMR,RG,3300,2,D,GR,PD,D
14:04:46,JSMR,RG,3300,4,D,KZ,PD,D
14:04:44,JSMR,RG,3300,12,D,KZ,DX,D
14:04:40,JSMR,RG,3300,1,D,KZ,BB,D
14:04:37,JSMR,RG,3300,2,D,KZ,BB,D
14:04:36,JSMR,RG,3300,8,D,KZ,PD,D
14:04:28,JSMR,RG,3300,5,D,KZ,BB,D
14:04:26,JSMR,RG,3300,7,D,KZ,PD,D
14:04:26,JSMR,RG,3300,6,D,KZ,BB,D
14:04:17,JSMR,RG,3300,24,D,KZ,BB,D
14:04:17,JSMR,RG,3300,1,D,KZ,BB,D
14:04:17,JSMR,RG,3300,109,D,KZ,BB,D
14:04:16,JSMR,RG,3300,7,D,KZ,PD,D
14:04:13,JSMR,RG,3300,2,D,KZ,BB,D
14:04:13,JSMR,RG,3300,3,D,KZ,BB,D
14:04:13,JSMR,RG,3300,3,D,KZ,AK,F
14:04:13,JSMR,RG,3300,43,D,KZ,AK,F
14:04:12,JSMR,RG,3300,3,D,KZ,AK,F
14:04:11,JSMR,RG,3300,454,D,KZ,BB,D
14:04:11,JSMR,RG,3300,81,D,KZ,BB,D
14:04:06,JSMR,RG,3300,7,D,KZ,PD,D
14:04:05,JSMR,RG,3300,6,D,KZ,BB,D
14:04:00,JSMR,RG,3300,66,D,KZ,BB,D
14:03:59,JSMR,RG,3300,10,D,KZ,EP,D
14:03:52,JSMR,RG,3300,11,D,KZ,BB,D
14:03:49,JSMR,RG,3300,2,D,KZ,AK,F
14:03:49,JSMR,RG,3300,11,D,KZ,AK,F
14:03:49,JSMR,RG,3300,57,D,KZ,AK,F
14:03:49,JSMR,RG,3300,2,D,KZ,BB,D
14:03:49,JSMR,RG,3300,2,D,KZ,BB,D
14:03:48,JSMR,RG,3300,7,D,KZ,PD,D
14:03:48,JSMR,RG,3300,126,D,KZ,XC,D
14:03:48,JSMR,RG,3300,139,D,KZ,AK,F
14:03:47,JSMR,RG,3300,48,D,KZ,BB,D
14:03:46,JSMR,RG,3300,7,D,KZ,PD,D
14:03:37,JSMR,RG,3300,3,D,KZ,BB,D
14:03:32,JSMR,RG,3300,3,D,KZ,BB,D
14:03:32,JSMR,RG,3300,4,D,KZ,BB,D
14:03:32,JSMR,RG,3300,2,D,KZ,BB,D
14:03:31,JSMR,RG,3290,2,D,KK,AK,F
14:03:31,JSMR,RG,3300,43,D,KZ,AK,F
14:03:31,JSMR,RG,3300,8,D,KZ,BB,D
14:03:30,JSMR,RG,3300,23,D,KZ,BB,D
14:03:30,JSMR,RG,3300,21,D,KZ,BB,D
14:03:30,JSMR,RG,3300,7,D,KZ,PD,D
14:03:30,JSMR,RG,3300,92,D,KZ,BB,D
14:03:30,JSMR,RG,3300,89,D,KZ,AK,F
14:03:29,JSMR,RG,3300,3,D,KZ,XC,D
14:03:29,JSMR,RG,3300,1,D,KZ,AK,F
14:03:29,JSMR,RG,3300,65,D,KZ,YU,D
14:03:29,JSMR,RG,3300,1,D,XL,YU,D
14:03:29,JSMR,RG,3300,34,D,KZ,YU,D
14:03:29,JSMR,RG,3300,1,D,KZ,AK,F
14:03:29,JSMR,RG,3300,1,D,KZ,AK,F
14:03:28,JSMR,RG,3300,120,D,KZ,AG,D
14:03:28,JSMR,RG,3300,1,D,CC,AG,D
14:03:28,JSMR,RG,3300,39,D,KZ,AG,D
14:03:28,JSMR,RG,3300,2,D,EP,AG,D
14:03:28,JSMR,RG,3300,1,D,YP,AG,D
14:03:28,JSMR,RG,3300,36,D,KZ,AG,D
14:03:28,JSMR,RG,3300,1,D,CC,AG,D
14:03:28,JSMR,RG,3300,4,D,PD,AG,D
14:03:28,JSMR,RG,3300,3,D,CC,AG,D
14:03:28,JSMR,RG,3300,1,D,DR,AG,D
14:03:28,JSMR,RG,3300,150,D,CC,AG,D
14:03:28,JSMR,RG,3300,1,D,XC,AG,D
14:03:28,JSMR,RG,3300,3,D,XC,AG,D
14:03:28,JSMR,RG,3300,50,D,YP,AG,D
14:03:28,JSMR,RG,3300,188,D,KZ,AG,D
14:03:26,JSMR,RG,3300,8,D,KZ,PD,D
14:03:19,JSMR,RG,3300,1,D,KZ,AK,F
14:03:18,JSMR,RG,3300,3,D,KZ,DR,D
14:03:18,JSMR,RG,3300,7,D,XC,DR,D
14:03:18,JSMR,RG,3300,3,D,XC,PD,D
14:03:18,JSMR,RG,3300,6,D,NI,PD,D
14:03:18,JSMR,RG,3300,2,D,SQ,PD,D
14:03:18,JSMR,RG,3300,15,D,NI,PD,D
14:03:18,JSMR,RG,3300,1,D,XC,PD,D
14:03:18,JSMR,RG,3300,5,D,YP,PD,D
14:03:18,JSMR,RG,3300,100,D,KZ,PD,D
14:03:18,JSMR,RG,3300,1,D,CC,PD,D
14:03:18,JSMR,RG,3300,1,D,XC,PD,D
14:03:18,JSMR,RG,3300,1,D,YP,PD,D
14:03:18,JSMR,RG,3300,2,D,DR,PD,D
14:03:18,JSMR,RG,3300,38,D,KZ,PD,D
14:03:16,JSMR,RG,3300,7,D,KZ,PD,D
14:03:11,JSMR,RG,3300,9,D,KZ,DX,D
14:03:10,JSMR,RG,3300,1,D,KZ,AK,F
14:03:09,JSMR,RG,3300,101,D,KZ,XA,D
14:03:09,JSMR,RG,3300,1,D,TF,XA,D
14:03:09,JSMR,RG,3300,1,D,KK,XA,D
14:03:09,JSMR,RG,3300,5,D,NI,XA,D
14:03:09,JSMR,RG,3300,5,D,NI,XA,D
14:03:09,JSMR,RG,3300,100,D,EP,XA,D
14:03:09,JSMR,RG,3300,2,D,PD,XA,D
14:03:09,JSMR,RG,3300,8,D,EP,XA,D
14:03:06,JSMR,RG,3300,7,D,YP,PD,D
14:02:56,JSMR,RG,3300,8,D,YP,PD,D
14:02:47,JSMR,RG,3300,1,D,YP,BB,D
14:02:46,JSMR,RG,3300,7,D,YP,PD,D
14:02:36,JSMR,RG,3300,7,D,YP,PD,D
14:02:35,JSMR,RG,3300,1,F,AK,BB,D
14:02:35,JSMR,RG,3300,1,F,AK,BB,D
14:02:26,JSMR,RG,3300,7,F,AK,PD,D
14:02:17,JSMR,RG,3300,2,F,AK,BB,D
14:02:17,JSMR,RG,3300,1,F,AK,AK,F
14:02:16,JSMR,RG,3300,8,F,AK,PD,D
14:02:06,JSMR,RG,3300,7,F,AK,PD,D
14:01:58,JSMR,RG,3300,1,F,AK,BB,D
14:01:57,JSMR,RG,3300,1,F,AK,BB,D
14:01:56,JSMR,RG,3300,7,F,AK,PD,D
14:01:48,JSMR,RG,3300,35,F,AK,BB,D
14:01:47,JSMR,RG,3300,8,F,AK,BB,D
14:01:46,JSMR,RG,3300,1,F,AK,PD,D
14:01:46,JSMR,RG,3300,5,D,CC,PD,D
14:01:46,JSMR,RG,3300,2,D,EP,PD,D
14:01:40,JSMR,RG,3300,2,D,EP,AK,F
14:01:39,JSMR,RG,3300,1,D,EP,DX,D
14:01:39,JSMR,RG,3300,9,D,KZ,DX,D
14:01:39,JSMR,RG,3300,241,D,KZ,BB,D
14:01:39,JSMR,RG,3300,8,D,CC,BB,D
14:01:39,JSMR,RG,3300,134,D,KZ,BB,D
14:01:37,JSMR,RG,3300,1,D,KZ,BB,D
14:01:36,JSMR,RG,3300,7,D,KZ,PD,D
14:01:26,JSMR,RG,3300,7,D,KZ,PD,D
14:01:19,JSMR,RG,3300,1,D,KZ,BB,D
14:01:18,JSMR,RG,3300,1,D,KZ,BB,D
14:01:16,JSMR,RG,3300,8,D,KZ,PD,D
14:01:07,JSMR,RG,3300,1,D,KZ,BB,D
14:01:06,JSMR,RG,3300,7,D,KZ,PD,D
14:00:56,JSMR,RG,3300,7,D,KZ,PD,D
14:00:47,JSMR,RG,3300,1,D,KZ,BB,D
14:00:46,JSMR,RG,3300,7,D,KZ,PD,D
14:00:37,JSMR,RG,3300,1,D,KZ,BB,D
14:00:36,JSMR,RG,3300,8,D,KZ,PD,D
14:00:27,JSMR,RG,3300,2,D,KZ,BB,D
14:00:26,JSMR,RG,3300,7,D,KZ,PD,D
14:00:16,JSMR,RG,3300,7,D,KZ,PD,D
14:00:16,JSMR,RG,3300,1,D,KZ,BB,D
14:00:07,JSMR,RG,3300,1,D,KZ,BB,D
14:00:06,JSMR,RG,3300,8,D,KZ,PD,D
14:00:06,JSMR,RG,3300,12,D,KZ,DX,D
13:59:57,JSMR,RG,3300,1,D,KZ,BB,D
13:59:56,JSMR,RG,3300,7,D,KZ,PD,D
13:59:46,JSMR,RG,3300,7,D,KZ,PD,D
13:59:44,JSMR,RG,3300,1,D,KZ,PD,D
13:59:37,JSMR,RG,3300,1,D,KZ,BB,D
13:59:36,JSMR,RG,3300,8,D,KZ,PD,D
13:59:27,JSMR,RG,3300,1,D,KZ,BB,D
13:59:27,JSMR,RG,3300,1,D,KZ,BB,D
13:59:26,JSMR,RG,3300,7,D,KZ,PD,D
13:59:16,JSMR,RG,3300,7,D,KZ,PD,D
13:59:07,JSMR,RG,3300,1,D,KZ,BB,D
13:59:06,JSMR,RG,3300,7,D,KZ,PD,D
13:58:57,JSMR,RG,3300,1,D,KZ,BB,D
13:58:56,JSMR,RG,3300,8,D,KZ,PD,D
13:58:48,JSMR,RG,3300,1,D,KZ,AK,F
13:58:46,JSMR,RG,3300,7,D,KZ,PD,D
13:58:37,JSMR,RG,3300,1,D,KZ,BB,D
13:58:37,JSMR,RG,3300,2,D,KZ,BB,D
13:58:36,JSMR,RG,3300,7,D,KZ,PD,D
13:58:29,JSMR,RG,3300,9,D,KZ,DX,D
13:58:26,JSMR,RG,3300,8,D,KZ,PD,D
13:58:17,JSMR,RG,3300,5,D,KZ,BB,D
13:58:16,JSMR,RG,3300,7,D,KZ,PD,D
13:58:07,JSMR,RG,3300,1,D,KZ,BB,D
13:58:06,JSMR,RG,3300,7,D,KZ,PD,D
13:58:00,JSMR,RG,3300,50,D,KZ,AT,D
13:57:59,JSMR,RG,3300,2,D,KZ,BB,D
13:57:56,JSMR,RG,3300,8,D,KZ,PD,D
13:57:54,JSMR,RG,3310,1,D,YP,BB,D
13:57:48,JSMR,RG,3300,1,D,KZ,BB,D
13:57:47,JSMR,RG,3300,1,D,KZ,BB,D
13:57:46,JSMR,RG,3300,7,D,KZ,PD,D
13:57:37,JSMR,RG,3300,7,D,KZ,BB,D
13:57:37,JSMR,RG,3300,1,D,KZ,BB,D
13:57:36,JSMR,RG,3300,7,D,KZ,PD,D
13:57:26,JSMR,RG,3300,7,D,KZ,PD,D
13:57:19,JSMR,RG,3300,30,D,KZ,BB,D
13:57:18,JSMR,RG,3300,1,D,KZ,BB,D
13:57:18,JSMR,RG,3300,2,D,KZ,AK,F
13:57:17,JSMR,RG,3300,1,D,KZ,BB,D
13:57:17,JSMR,RG,3300,1,D,KZ,BB,D
13:57:17,JSMR,RG,3300,32,D,KZ,BB,D
13:57:17,JSMR,RG,3300,5,D,PD,BB,D
13:57:17,JSMR,RG,3300,5,D,DR,BB,D
13:57:17,JSMR,RG,3300,299,D,CC,BB,D
13:57:16,JSMR,RG,3300,8,D,CC,PD,D
13:57:16,JSMR,RG,3310,5,D,XC,BB,D
13:57:07,JSMR,RG,3300,1,D,CC,BB,D
13:57:06,JSMR,RG,3300,7,D,CC,PD,D
13:57:05,JSMR,RG,3310,1,D,DH,BB,D
13:56:57,JSMR,RG,3300,1,D,CC,BB,D
13:56:56,JSMR,RG,3300,7,D,CC,PD,D
13:56:51,JSMR,RG,3300,12,D,CC,DX,D
13:56:46,JSMR,RG,3300,8,D,CC,PD,D
13:56:44,JSMR,RG,3300,1,D,CC,BB,D
13:56:37,JSMR,RG,3300,1,D,CC,BB,D
13:56:36,JSMR,RG,3300,7,D,CC,PD,D
13:56:27,JSMR,RG,3300,1,D,CC,BB,D
13:56:26,JSMR,RG,3300,7,D,CC,PD,D
13:56:17,JSMR,RG,3300,1,D,CC,BB,D
13:56:16,JSMR,RG,3300,8,D,CC,PD,D
13:56:06,JSMR,RG,3300,7,D,CC,PD,D
13:55:57,JSMR,RG,3300,1,D,CC,BB,D
13:55:56,JSMR,RG,3300,7,D,CC,PD,D
13:55:47,JSMR,RG,3300,1,D,CC,BB,D
13:55:47,JSMR,RG,3300,1,D,CC,BB,D
13:55:46,JSMR,RG,3300,8,D,CC,PD,D
13:55:38,JSMR,RG,3310,1,D,CP,BB,D
13:55:37,JSMR,RG,3300,1,D,CC,BB,D
13:55:37,JSMR,RG,3300,3,D,CC,BB,D
13:55:36,JSMR,RG,3300,7,D,CC,PD,D
13:55:30,JSMR,RG,3310,1,D,KK,BB,D
13:55:27,JSMR,RG,3300,56,D,CC,BB,D
13:55:24,JSMR,RG,3310,20,D,KZ,BB,D
13:55:24,JSMR,RG,3310,5,D,KZ,YP,D
13:55:24,JSMR,RG,3310,1,D,KZ,AK,F
13:55:24,JSMR,RG,3310,6,D,KZ,AT,D
13:55:18,JSMR,RG,3310,14,D,CC,AT,D
13:55:18,JSMR,RG,3310,3,D,CC,AK,F
13:55:18,JSMR,RG,3310,100,D,CC,AT,D
13:55:18,JSMR,RG,3310,14,D,CC,BB,D
13:55:18,JSMR,RG,3310,500,D,CC,YP,D
13:55:18,JSMR,RG,3310,3,D,CC,BB,D
13:55:18,JSMR,RG,3310,22,D,CC,BB,D
13:55:18,JSMR,RG,3310,7,D,CC,PD,D
13:55:16,JSMR,RG,3300,7,D,CC,PD,D
13:55:15,JSMR,RG,3300,1,D,CC,AK,F
13:55:14,JSMR,RG,3300,11,D,CC,DX,D
13:55:07,JSMR,RG,3300,1,D,CC,BB,D
13:55:06,JSMR,RG,3300,8,D,CC,PD,D
13:54:57,JSMR,RG,3300,1,D,CC,BB,D
13:54:56,JSMR,RG,3300,7,D,CC,PD,D
13:54:47,JSMR,RG,3300,1,D,CC,BB,D
13:54:46,JSMR,RG,3300,7,D,CC,PD,D
13:54:37,JSMR,RG,3300,1,D,CC,BB,D
13:54:36,JSMR,RG,3300,8,D,CC,PD,D
13:54:27,JSMR,RG,3300,1,D,CC,BB,D
13:54:26,JSMR,RG,3300,7,D,CC,PD,D
13:54:16,JSMR,RG,3300,7,D,CC,PD,D
13:54:06,JSMR,RG,3300,8,D,CC,PD,D
13:54:01,JSMR,RG,3300,2,D,CC,BB,D
13:53:57,JSMR,RG,3300,1,D,CC,BB,D
13:53:57,JSMR,RG,3300,3,D,CC,BB,D
13:53:56,JSMR,RG,3300,7,D,CC,PD,D
13:53:49,JSMR,RG,3300,5,D,CC,TP,D
13:53:47,JSMR,RG,3310,25,D,ZP,TP,D
13:53:47,JSMR,RG,3300,1,D,CC,BB,D
13:53:46,JSMR,RG,3300,7,D,CC,PD,D
13:53:43,JSMR,RG,3300,9,D,CC,DX,D
13:53:37,JSMR,RG,3300,2,D,CC,BB,D
13:53:37,JSMR,RG,3300,1,D,CC,BB,D
13:53:36,JSMR,RG,3300,7,D,CC,PD,D
13:53:26,JSMR,RG,3300,8,D,CC,PD,D
13:53:26,JSMR,RG,3300,1,D,CC,BB,D
13:53:26,JSMR,RG,3300,1,D,CC,BB,D
13:53:25,JSMR,RG,3310,4,D,SQ,TP,D
13:53:16,JSMR,RG,3300,7,D,CC,PD,D
13:53:10,JSMR,RG,3300,2,D,CC,XC,D
13:53:07,JSMR,RG,3300,6,D,CC,BB,D
13:53:07,JSMR,RG,3300,30,D,CC,BB,D
13:53:06,JSMR,RG,3300,7,D,CC,PD,D
13:53:00,JSMR,RG,3300,6,D,CC,PD,D
13:52:56,JSMR,RG,3300,8,D,CC,PD,D
13:52:54,JSMR,RG,3300,1,D,CC,BB,D
13:52:52,JSMR,RG,3300,327,D,CC,BB,D
13:52:46,JSMR,RG,3300,1,D,CC,BB,D
13:52:46,JSMR,RG,3300,7,D,CC,PD,D
13:52:36,JSMR,RG,3300,1,D,CC,BB,D
13:52:36,JSMR,RG,3300,7,D,CC,PD,D
13:52:26,JSMR,RG,3300,8,D,CC,PD,D
13:52:16,JSMR,RG,3300,1,D,CC,BB,D
13:52:16,JSMR,RG,3300,7,D,CC,PD,D
13:52:06,JSMR,RG,3300,7,D,CC,PD,D
13:52:02,JSMR,RG,3300,1,D,CC,BB,D
13:51:57,JSMR,RG,3300,1,D,CC,BB,D
13:51:56,JSMR,RG,3300,7,D,CC,PD,D
13:51:46,JSMR,RG,3300,8,D,CC,PD,D
13:51:38,JSMR,RG,3300,3,D,CC,BB,D
13:51:37,JSMR,RG,3310,5,D,PD,BB,D
13:51:37,JSMR,RG,3310,1,D,EP,BB,D
13:51:37,JSMR,RG,3310,4,D,KZ,BB,D
13:51:29,JSMR,RG,3310,2,D,KZ,BB,D
13:51:29,JSMR,RG,3310,7,D,KZ,PD,D
13:51:29,JSMR,RG,3310,1,D,KZ,ZP,D
13:51:29,JSMR,RG,3310,1,D,KZ,EP,D
13:51:29,JSMR,RG,3310,12,D,KZ,DX,D
13:51:29,JSMR,RG,3310,1,D,KZ,CC,D
13:51:29,JSMR,RG,3310,5,D,KZ,BB,D
13:51:27,JSMR,RG,3300,4,D,CC,BB,D
13:51:25,JSMR,RG,3310,113,D,YU,BB,D
13:51:25,JSMR,RG,3310,10,D,YU,SQ,D
13:51:25,JSMR,RG,3310,10,D,YU,YP,D
13:51:25,JSMR,RG,3310,2,D,YU,BB,D
13:51:25,JSMR,RG,3310,10,D,YU,BB,D
13:51:25,JSMR,RG,3310,7,D,YU,PD,D
13:51:25,JSMR,RG,3310,98,D,YU,YP,D
13:51:17,JSMR,RG,3300,1,D,CC,BB,D
13:51:17,JSMR,RG,3300,3,D,CC,XC,D
13:51:16,JSMR,RG,3300,8,D,CC,PD,D
13:51:07,JSMR,RG,3300,22,D,CC,BB,D
13:51:07,JSMR,RG,3300,5,D,CC,BB,D
13:51:06,JSMR,RG,3300,7,D,CC,PD,D
13:50:57,JSMR,RG,3300,241,D,CC,YP,D
13:50:56,JSMR,RG,3300,7,D,CC,PD,D
13:50:46,JSMR,RG,3300,1,D,CC,BB,D
13:50:46,JSMR,RG,3300,2,D,CC,BB,D
13:50:46,JSMR,RG,3300,8,D,CC,PD,D
13:50:36,JSMR,RG,3300,7,D,CC,PD,D
13:50:31,JSMR,RG,3300,1,D,CC,BB,D
13:50:31,JSMR,RG,3300,11,D,CC,DX,D
13:50:26,JSMR,RG,3300,7,D,CC,PD,D
13:50:16,JSMR,RG,3300,7,D,CC,PD,D
13:50:14,JSMR,RG,3300,1,D,CC,BB,D
13:50:06,JSMR,RG,3300,8,D,CC,PD,D
13:50:02,JSMR,RG,3300,1,D,CC,BB,D
13:50:02,JSMR,RG,3310,2,D,YP,YP,D
13:49:56,JSMR,RG,3300,7,D,CC,PD,D
13:49:56,JSMR,RG,3300,1,D,CC,BB,D
13:49:47,JSMR,RG,3300,2,D,CC,BB,D
13:49:46,JSMR,RG,3300,7,D,CC,PD,D
13:49:40,JSMR,RG,3310,1,D,SQ,YP,D
13:49:36,JSMR,RG,3300,8,D,CC,PD,D
13:49:36,JSMR,RG,3310,3,D,XA,YP,D
13:49:35,JSMR,RG,3300,2,D,CC,NI,D
13:49:34,JSMR,RG,3300,1,D,CC,BB,D
13:49:34,JSMR,RG,3310,2,D,YP,YP,D
13:49:26,JSMR,RG,3300,7,D,CC,PD,D
13:49:24,JSMR,RG,3300,1,D,CC,BB,D
13:49:24,JSMR,RG,3300,1,D,CC,BB,D
13:49:23,JSMR,RG,3310,7,D,PD,YP,D
13:49:17,JSMR,RG,3300,1,D,CC,BB,D
13:49:16,JSMR,RG,3300,7,D,CC,PD,D
13:49:12,JSMR,RG,3310,1,D,DH,YP,D
13:49:07,JSMR,RG,3300,1,D,CC,BB,D
13:49:06,JSMR,RG,3300,8,D,CC,PD,D
13:49:00,JSMR,RG,3300,10,D,CC,DX,D
13:48:56,JSMR,RG,3300,7,D,CC,PD,D
13:48:55,JSMR,RG,3300,1,D,CC,BB,D
13:48:55,JSMR,RG,3300,1,D,CC,BB,D
13:48:46,JSMR,RG,3300,7,D,CC,PD,D
13:48:44,JSMR,RG,3300,18,D,CC,BB,D
13:48:37,JSMR,RG,3300,4,D,CC,BB,D
13:48:36,JSMR,RG,3310,7,D,YP,PD,D
13:48:31,JSMR,RG,3310,18,D,YP,BB,D
13:48:31,JSMR,RG,3310,5,D,YP,BB,D
13:48:31,JSMR,RG,3310,30,D,YP,BB,D
13:48:31,JSMR,RG,3310,2,D,NI,BB,D
13:48:31,JSMR,RG,3310,1,D,CC,BB,D
13:48:31,JSMR,RG,3310,46,D,KZ,BB,D
13:48:31,JSMR,RG,3310,15,D,DR,BB,D
13:48:31,JSMR,RG,3310,1,D,XC,BB,D
13:48:31,JSMR,RG,3310,3,D,LG,BB,D
13:48:31,JSMR,RG,3310,3,D,LG,BB,D
13:48:31,JSMR,RG,3310,5,D,PD,BB,D
13:48:31,JSMR,RG,3310,30,D,CC,BB,D
13:48:31,JSMR,RG,3310,37,F,AK,BB,D
13:48:27,JSMR,RG,3310,1,F,AK,BB,D
13:48:26,JSMR,RG,3310,8,F,AK,PD,D
13:48:23,JSMR,RG,3310,5,F,AK,PD,D
13:48:17,JSMR,RG,3310,1,F,AK,BB,D
13:48:16,JSMR,RG,3310,7,F,AK,PD,D
13:48:07,JSMR,RG,3310,1,F,AK,BB,D
13:48:07,JSMR,RG,3310,1,F,AK,BB,D
13:48:06,JSMR,RG,3310,7,F,AK,PD,D
13:48:01,JSMR,RG,3310,1,F,AK,DR,D
13:48:00,JSMR,RG,3310,5,F,AK,PD,D
13:47:57,JSMR,RG,3310,2,F,AK,BB,D
13:47:57,JSMR,RG,3310,1,F,AK,CC,D
13:47:56,JSMR,RG,3310,8,F,AK,PD,D
13:47:47,JSMR,RG,3310,1,F,AK,SQ,D
13:47:46,JSMR,RG,3310,7,F,AK,PD,D
13:47:44,JSMR,RG,3310,1,F,AK,BB,D
13:47:36,JSMR,RG,3310,7,F,AK,PD,D
13:47:34,JSMR,RG,3310,10,F,AK,EP,D
13:47:34,JSMR,RG,3310,1,F,AK,BB,D
13:47:27,JSMR,RG,3310,2,F,AK,BB,D
13:47:26,JSMR,RG,3310,8,F,AK,PD,D
13:47:24,JSMR,RG,3310,10,F,AK,DX,D
13:47:17,JSMR,RG,3310,1,F,AK,BB,D
13:47:16,JSMR,RG,3310,7,F,AK,PD,D
13:47:06,JSMR,RG,3310,7,D,PD,PD,D
13:46:59,JSMR,RG,3310,2,D,PD,PD,D
13:46:57,JSMR,RG,3310,1,D,PD,BB,D
13:46:56,JSMR,RG,3310,7,D,PD,PD,D
13:46:46,JSMR,RG,3310,8,D,PD,PD,D
13:46:42,JSMR,RG,3310,1,D,PD,BB,D
13:46:37,JSMR,RG,3310,1,D,PD,BB,D
13:46:36,JSMR,RG,3310,7,D,PD,PD,D
13:46:26,JSMR,RG,3310,7,D,PD,PD,D
13:46:25,JSMR,RG,3310,3,D,PD,BB,D
13:46:16,JSMR,RG,3310,1,D,PD,PD,D
13:46:16,JSMR,RG,3310,7,F,CC,PD,D
13:46:14,JSMR,RG,3310,1,F,CC,BB,D
13:46:13,JSMR,RG,3320,9,D,ZP,PD,D
13:46:13,JSMR,RG,3320,16,D,ZP,KI,D
13:46:07,JSMR,RG,3310,1,F,CC,BB,D
13:46:06,JSMR,RG,3310,7,F,CC,PD,D
13:46:04,JSMR,RG,3310,1,F,CC,BB,D
13:45:56,JSMR,RG,3310,7,F,CC,PD,D
13:45:54,JSMR,RG,3310,1,F,CC,SQ,D
13:45:54,JSMR,RG,3310,1,F,CC,BB,D
13:45:46,JSMR,RG,3310,8,F,CC,PD,D
13:45:45,JSMR,RG,3310,1,F,CC,BB,D
13:45:44,JSMR,RG,3310,9,F,CC,DX,D
13:45:43,JSMR,RG,3310,3,F,CC,BB,D
13:45:36,JSMR,RG,3310,3,F,CC,PD,D
13:45:36,JSMR,RG,3310,4,D,KZ,PD,D
13:45:35,JSMR,RG,3310,20,D,KZ,XC,D
13:45:27,JSMR,RG,3310,1,D,KZ,BB,D
13:45:26,JSMR,RG,3310,7,D,KZ,PD,D
13:45:16,JSMR,RG,3310,7,D,KZ,PD,D
13:45:12,JSMR,RG,3310,1,D,KZ,BB,D
13:45:06,JSMR,RG,3310,8,D,YU,PD,D
13:44:57,JSMR,RG,3310,1,D,YU,BB,D
13:44:56,JSMR,RG,3310,7,D,YU,PD,D
13:44:47,JSMR,RG,3310,1,D,YU,BB,D
13:44:47,JSMR,RG,3310,1,D,YU,BB,D
13:44:46,JSMR,RG,3310,7,D,YU,PD,D
13:44:37,JSMR,RG,3310,2,D,YU,BB,D
13:44:36,JSMR,RG,3310,8,D,YU,PD,D
13:44:29,JSMR,RG,3320,1,D,YP,KI,D
13:44:29,JSMR,RG,3320,9,D,NI,KI,D
13:44:29,JSMR,RG,3320,1,D,NI,YP,D
13:44:29,JSMR,RG,3320,1,D,NI,YP,D
13:44:29,JSMR,RG,3320,2,D,NI,EP,D
13:44:28,JSMR,RG,3320,2,D,DH,EP,D
13:44:26,JSMR,RG,3310,7,D,YU,PD,D
13:44:17,JSMR,RG,3310,1,D,YU,BB,D
13:44:16,JSMR,RG,3310,7,D,YU,PD,D
13:44:07,JSMR,RG,3310,1,D,YU,BB,D
13:44:07,JSMR,RG,3310,1,D,YU,BB,D
13:44:06,JSMR,RG,3310,8,D,YU,PD,D
13:43:57,JSMR,RG,3310,1,D,YU,BB,D
13:43:56,JSMR,RG,3310,7,D,YU,PD,D
13:43:47,JSMR,RG,3310,2,D,YU,BB,D
13:43:46,JSMR,RG,3310,7,D,YU,PD,D
13:43:46,JSMR,RG,3310,5,D,YU,YP,D
13:43:37,JSMR,RG,3310,1,D,YU,BB,D
13:43:37,JSMR,RG,3310,1,D,YU,BB,D
13:43:36,JSMR,RG,3310,7,D,YU,PD,D
13:43:36,JSMR,RG,3310,20,D,YU,YP,D
13:43:26,JSMR,RG,3310,8,D,YU,PD,D
13:43:20,JSMR,RG,3310,2,D,YU,BB,D
13:43:14,JSMR,RG,3310,12,D,YU,DX,D
13:43:14,JSMR,RG,3310,2,D,YU,BB,D
13:43:14,JSMR,RG,3310,9,D,YU,BB,D
13:43:14,JSMR,RG,3310,100,D,YU,YP,D
13:43:14,JSMR,RG,3310,1,D,YU,YP,D
13:43:14,JSMR,RG,3310,1,D,YU,YP,D
13:43:14,JSMR,RG,3310,4,D,YU,PD,D
13:43:10,JSMR,RG,3310,1,D,YP,PD,D
13:43:07,JSMR,RG,3300,1,D,CC,BB,D
13:43:06,JSMR,RG,3300,7,D,KZ,PD,D
13:43:06,JSMR,RG,3300,1,D,KZ,BB,D
13:42:57,JSMR,RG,3300,1,D,KZ,BB,D
13:42:56,JSMR,RG,3300,5,D,KZ,PD,D
13:42:56,JSMR,RG,3300,2,D,CC,PD,D
13:42:56,JSMR,RG,3300,1,D,CC,PD,D
13:42:46,JSMR,RG,3300,5,D,CC,PD,D
13:42:46,JSMR,RG,3300,2,D,EP,PD,D
13:42:37,JSMR,RG,3300,2,D,EP,BB,D
13:42:36,JSMR,RG,3300,6,D,EP,PD,D
13:42:36,JSMR,RG,3300,1,D,OD,PD,D
13:42:27,JSMR,RG,3310,2,D,YP,PD,D
13:42:27,JSMR,RG,3300,1,D,OD,BB,D
13:42:26,JSMR,RG,3300,3,D,OD,PD,D
13:42:26,JSMR,RG,3300,5,D,NI,PD,D
13:42:16,JSMR,RG,3300,7,D,NI,PD,D
13:42:10,JSMR,RG,3310,2,D,YP,DX,D
13:42:07,JSMR,RG,3300,1,D,NI,BB,D
13:42:06,JSMR,RG,3300,7,D,NI,PD,D
13:42:05,JSMR,RG,3300,1,D,NI,BB,D
13:42:00,JSMR,RG,3310,5,D,CC,DX,D
13:41:56,JSMR,RG,3300,4,D,NI,PD,D
13:41:56,JSMR,RG,3300,3,D,KZ,PD,D
13:41:47,JSMR,RG,3310,1,D,YP,DX,D
13:41:46,JSMR,RG,3300,1,D,KZ,BB,D
13:41:46,JSMR,RG,3300,8,D,KZ,PD,D
13:41:36,JSMR,RG,3300,7,D,KZ,PD,D
13:41:26,JSMR,RG,3300,2,D,KZ,BB,D
13:41:18,JSMR,RG,3310,3,D,CC,DX,D
13:41:18,JSMR,RG,3310,4,D,CC,PD,D
13:41:18,JSMR,RG,3310,3,D,CC,PD,D
13:41:16,JSMR,RG,3300,1,D,KZ,BB,D
13:41:16,JSMR,RG,3300,8,D,KZ,PD,D
13:41:09,JSMR,RG,3300,1,D,KZ,BB,D
13:41:06,JSMR,RG,3300,7,D,KZ,PD,D
13:40:57,JSMR,RG,3300,1,D,KZ,BB,D
13:40:56,JSMR,RG,3300,7,D,KZ,PD,D
13:40:46,JSMR,RG,3300,8,D,KZ,PD,D
13:40:36,JSMR,RG,3300,3,D,KZ,PD,D
13:40:31,JSMR,RG,3300,1,D,KZ,BB,D
13:40:30,JSMR,RG,3310,1,D,TF,PD,D
13:40:26,JSMR,RG,3300,7,D,KZ,PD,D
13:40:18,JSMR,RG,3300,1,D,KZ,BB,D
13:40:18,JSMR,RG,3310,3,D,PD,PD,D
13:40:16,JSMR,RG,3300,7,D,KZ,BB,D
13:40:16,JSMR,RG,3300,1,D,KZ,BB,D
13:40:15,JSMR,RG,3310,12,D,YU,BB,D
13:40:08,JSMR,RG,3310,10,D,YU,DX,D
13:40:08,JSMR,RG,3310,4,D,YU,BB,D
13:40:08,JSMR,RG,3310,200,D,YU,YP,D
13:40:08,JSMR,RG,3310,2,D,YU,BB,D
13:40:08,JSMR,RG,3310,8,D,YU,PD,D
13:40:08,JSMR,RG,3310,14,D,YU,XC,D
13:40:06,JSMR,RG,3300,8,D,KZ,PD,D
13:40:04,JSMR,RG,3300,1,D,KZ,BB,D
13:39:56,JSMR,RG,3300,7,D,KZ,PD,D
13:39:54,JSMR,RG,3300,1,D,KZ,BB,D
13:39:46,JSMR,RG,3300,7,D,KZ,PD,D
13:39:37,JSMR,RG,3300,1,D,KZ,BB,D
13:39:36,JSMR,RG,3300,8,D,KZ,PD,D
13:39:27,JSMR,RG,3300,1,D,KZ,BB,D
13:39:26,JSMR,RG,3300,7,D,KZ,PD,D
13:39:16,JSMR,RG,3300,7,D,KZ,PD,D
13:39:06,JSMR,RG,3300,8,D,KZ,PD,D
13:39:06,JSMR,RG,3300,1,D,KZ,BB,D
13:38:56,JSMR,RG,3300,7,D,KZ,PD,D
13:38:56,JSMR,RG,3300,1,D,KZ,BB,D
13:38:46,JSMR,RG,3300,7,D,KZ,PD,D
13:38:42,JSMR,RG,3310,6,D,KZ,XC,D
13:38:36,JSMR,RG,3310,7,D,KZ,PD,D
13:38:25,JSMR,RG,3310,17,D,KZ,OD,D
13:38:19,JSMR,RG,3310,2,D,KZ,CC,D
13:38:19,JSMR,RG,3310,7,D,KZ,DX,D
13:38:18,JSMR,RG,3310,2,D,CC,DX,D
13:38:18,JSMR,RG,3310,5,D,CC,PD,D
13:38:18,JSMR,RG,3310,3,D,CC,PD,D
13:38:16,JSMR,RG,3300,7,D,KZ,PD,D
13:38:06,JSMR,RG,3300,7,D,KZ,PD,D
13:37:56,JSMR,RG,3300,3,D,KZ,PD,D
13:37:55,JSMR,RG,3310,5,D,CC,PD,D
13:37:54,JSMR,RG,3310,1,D,YP,PD,D
13:37:46,JSMR,RG,3310,1,D,CC,PD,D
13:37:46,JSMR,RG,3310,5,D,YP,PD,D
13:37:36,JSMR,RG,3310,7,D,YP,PD,D
13:37:31,JSMR,RG,3310,10,D,YP,GR,D
13:37:19,JSMR,RG,3310,5,D,YP,PD,D
13:37:19,JSMR,RG,3310,6,D,YP,PD,D
13:37:17,JSMR,RG,3310,1,D,XL,PD,D
13:37:17,JSMR,RG,3310,2,F,AK,BB,D
13:37:17,JSMR,RG,3310,10,F,AK,BB,D
13:37:17,JSMR,RG,3310,11,F,AK,DX,D
13:37:17,JSMR,RG,3310,10,F,AK,BK,F
13:37:17,JSMR,RG,3310,94,F,AK,YP,D
13:37:07,JSMR,RG,3310,6,F,AK,YP,D
13:37:07,JSMR,RG,3310,15,F,AK,BK,F
13:37:07,JSMR,RG,3310,9,F,AK,BB,D
13:37:07,JSMR,RG,3310,29,F,AK,BB,D
13:37:07,JSMR,RG,3310,7,F,AK,PD,D
13:37:07,JSMR,RG,3310,184,F,AK,IN,D
13:37:07,JSMR,RG,3300,1,D,KZ,BB,D
13:37:06,JSMR,RG,3300,7,D,KZ,PD,D
13:36:57,JSMR,RG,3300,2,D,KZ,BB,D
13:36:56,JSMR,RG,3300,1,D,KZ,PD,D
13:36:56,JSMR,RG,3300,7,D,OD,PD,D
13:36:50,JSMR,RG,3300,6,D,OD,BB,D
13:36:46,JSMR,RG,3300,7,D,OD,PD,D
13:36:42,JSMR,RG,3310,5,D,DR,IN,D
13:36:42,JSMR,RG,3300,21,F,CC,BB,D
13:36:40,JSMR,RG,3300,4,F,CC,BB,D
13:36:40,JSMR,RG,3300,1,F,CC,BB,D
13:36:38,JSMR,RG,3310,250,F,AK,IN,D
13:36:37,JSMR,RG,3310,5,D,AT,IN,D
13:36:37,JSMR,RG,3310,5,D,EP,IN,D
13:36:37,JSMR,RG,3310,10,D,AT,IN,D
13:36:37,JSMR,RG,3310,41,D,YP,IN,D
13:36:31,JSMR,RG,3310,8,D,YP,PD,D
13:36:31,JSMR,RG,3310,1,D,YP,DH,D
13:36:26,JSMR,RG,3300,7,F,CC,PD,D
13:36:18,JSMR,RG,3300,1,F,CC,BB,D
13:36:17,JSMR,RG,3310,1,D,NI,BB,D
13:36:10,JSMR,RG,3300,4,F,CC,BB,D
13:36:10,JSMR,RG,3300,1,F,CC,BB,D
13:36:10,JSMR,RG,3310,23,F,AK,BK,F
13:36:10,JSMR,RG,3310,45,F,AK,BB,D
13:36:10,JSMR,RG,3310,10,F,AK,BB,D
13:36:10,JSMR,RG,3310,8,F,AK,PD,D
13:36:10,JSMR,RG,3310,196,F,AK,IN,D
13:36:09,JSMR,RG,3310,250,F,AK,IN,D
13:36:09,JSMR,RG,3310,44,D,KZ,IN,D
13:36:06,JSMR,RG,3300,7,D,KZ,PD,D
13:35:58,JSMR,RG,3300,1,D,KZ,DH,D
13:35:57,JSMR,RG,3300,1,D,KZ,BB,D
13:35:56,JSMR,RG,3300,7,D,KZ,PD,D
13:35:47,JSMR,RG,3300,1,D,KZ,BB,D
13:35:46,JSMR,RG,3300,8,D,KZ,PD,D
13:35:45,JSMR,RG,3300,1,D,KZ,BB,D
13:35:37,JSMR,RG,3300,1,D,KZ,BB,D
13:35:36,JSMR,RG,3300,7,D,KZ,PD,D
13:35:33,JSMR,RG,3310,10,D,EP,IN,D
13:35:28,JSMR,RG,3300,2,D,KZ,BB,D
13:35:26,JSMR,RG,3300,7,D,KZ,PD,D
13:35:19,JSMR,RG,3300,1,D,KZ,BB,D
13:35:19,JSMR,RG,3300,19,D,KZ,BB,D
13:35:18,JSMR,RG,3300,16,D,KZ,BB,D
13:35:17,JSMR,RG,3300,5,D,KZ,NI,D
13:35:17,JSMR,RG,3310,25,D,KZ,BB,D
13:35:14,JSMR,RG,3310,12,D,KZ,DX,D
13:35:14,JSMR,RG,3310,5,D,KZ,NI,D
13:35:11,JSMR,RG,3310,180,D,YP,NI,D
13:35:11,JSMR,RG,3310,15,D,YP,BK,F
13:35:11,JSMR,RG,3310,1,D,YP,XC,D
13:35:11,JSMR,RG,3310,8,D,YP,PD,D
13:35:11,JSMR,RG,3310,22,D,YP,BK,F
13:35:11,JSMR,RG,3310,1,D,YP,PD,D
13:35:11,JSMR,RG,3310,55,D,YP,OD,D
13:35:11,JSMR,RG,3310,10,D,YP,EP,D
13:35:11,JSMR,RG,3310,3,D,YP,YP,D
13:35:11,JSMR,RG,3310,1,D,YP,YP,D
13:35:11,JSMR,RG,3310,41,D,YP,BB,D
13:35:11,JSMR,RG,3310,55,D,YP,OD,D
13:35:11,JSMR,RG,3310,5,D,YP,KK,D
13:35:11,JSMR,RG,3310,1,D,YP,BB,D
13:35:11,JSMR,RG,3310,5,D,YP,NI,D
13:35:11,JSMR,RG,3310,50,D,YP,LG,D
13:35:11,JSMR,RG,3310,100,D,YP,BQ,D
13:35:11,JSMR,RG,3310,10,D,YP,SQ,D
13:35:11,JSMR,RG,3310,4,D,YP,BB,D
13:35:11,JSMR,RG,3310,1,D,YP,XC,D
13:35:11,JSMR,RG,3310,198,D,YP,BB,D
13:35:11,JSMR,RG,3310,234,D,YP,BB,D
13:35:06,JSMR,RG,3300,7,D,KZ,PD,D
13:34:56,JSMR,RG,3300,7,D,KZ,PD,D
13:34:55,JSMR,RG,3300,1,D,KZ,OD,D
13:34:53,JSMR,RG,3300,1,D,KZ,BB,D
13:34:53,JSMR,RG,3300,1,D,KZ,BB,D
13:34:47,JSMR,RG,3300,7,D,KZ,BB,D
13:34:47,JSMR,RG,3300,1,D,KZ,BB,D
13:34:46,JSMR,RG,3300,7,D,KZ,PD,D
13:34:38,JSMR,RG,3300,50,D,KZ,CC,D
13:34:36,JSMR,RG,3300,10,D,KZ,DX,D
13:34:36,JSMR,RG,3300,8,D,KZ,PD,D
13:34:30,JSMR,RG,3300,1,D,KZ,BB,D
13:34:29,JSMR,RG,3300,10,D,KZ,EP,D
13:34:29,JSMR,RG,3310,1,D,JB,BB,D
13:34:27,JSMR,RG,3300,1,D,KZ,BB,D
13:34:26,JSMR,RG,3300,7,D,KZ,PD,D
13:34:17,JSMR,RG,3300,2,D,KZ,BB,D
13:34:16,JSMR,RG,3300,7,D,KZ,PD,D
13:34:07,JSMR,RG,3300,10,D,KZ,CC,D
13:34:06,JSMR,RG,3300,8,D,KZ,PD,D
13:34:03,JSMR,RG,3300,1,D,KZ,BB,D
13:33:56,JSMR,RG,3300,7,D,KZ,PD,D
13:33:47,JSMR,RG,3300,1,D,KZ,BB,D
13:33:47,JSMR,RG,3300,1,D,KZ,BB,D
13:33:46,JSMR,RG,3300,7,D,KZ,PD,D
13:33:36,JSMR,RG,3300,8,D,KZ,PD,D
13:33:29,JSMR,RG,3300,1,D,KZ,BB,D
13:33:26,JSMR,RG,3300,7,D,KZ,PD,D
13:33:19,JSMR,RG,3300,1,D,KZ,DH,D
13:33:17,JSMR,RG,3300,1,D,KZ,BB,D
13:33:16,JSMR,RG,3300,7,D,KZ,PD,D
13:33:06,JSMR,RG,3300,7,D,KZ,PD,D
13:33:05,JSMR,RG,3300,1,D,KZ,BB,D
13:32:56,JSMR,RG,3300,8,D,KZ,PD,D
13:32:47,JSMR,RG,3300,1,D,KZ,BB,D
13:32:47,JSMR,RG,3300,1,D,KZ,BB,D
13:32:46,JSMR,RG,3300,7,D,KZ,PD,D
13:32:37,JSMR,RG,3300,1,D,KZ,BB,D
13:32:36,JSMR,RG,3300,7,D,KZ,PD,D
13:32:26,JSMR,RG,3300,8,D,KZ,PD,D
13:32:26,JSMR,RG,3300,1,D,KZ,BB,D
13:32:16,JSMR,RG,3300,7,D,KZ,PD,D
13:32:16,JSMR,RG,3300,5,D,KZ,BB,D
13:32:16,JSMR,RG,3300,5,D,KZ,BB,D
13:32:06,JSMR,RG,3300,7,D,KZ,PD,D
13:32:01,JSMR,RG,3300,246,D,KZ,BB,D
13:32:00,JSMR,RG,3300,51,D,KZ,BB,D
13:31:54,JSMR,RG,3300,9,D,KZ,DX,D
13:31:54,JSMR,RG,3300,12,D,KZ,BB,D
13:31:54,JSMR,RG,3300,7,D,KZ,PD,D
13:31:54,JSMR,RG,3300,447,D,KZ,BB,D
13:31:54,JSMR,RG,3300,32,D,KZ,BK,F
13:31:54,JSMR,RG,3300,1,D,KZ,XL,D
13:31:54,JSMR,RG,3300,55,D,KZ,BK,F
13:31:54,JSMR,RG,3300,1,D,KZ,KK,D
13:31:54,JSMR,RG,3300,539,D,KZ,BB,D
13:31:54,JSMR,RG,3300,750,D,KZ,GR,D
13:31:54,JSMR,RG,3300,500,D,KZ,BB,D
13:31:54,JSMR,RG,3300,8,D,KZ,BB,D
13:31:54,JSMR,RG,3300,2,D,KZ,HD,D
13:31:54,JSMR,RG,3300,1,D,KZ,NI,D
13:31:54,JSMR,RG,3300,11,D,KZ,BB,D
13:31:54,JSMR,RG,3300,198,D,KZ,BB,D
13:31:54,JSMR,RG,3300,792,D,KZ,BB,D
13:31:46,JSMR,RG,3290,7,D,CC,PD,D
13:31:36,JSMR,RG,3290,7,D,CC,PD,D
13:31:32,JSMR,RG,3290,9,D,CC,DX,D
13:31:26,JSMR,RG,3290,7,D,CC,PD,D
13:31:16,JSMR,RG,3290,8,D,CC,PD,D
13:31:01,JSMR,RG,3300,10,D,NI,BB,D
13:31:01,JSMR,RG,3300,2,D,NI,BB,D
13:31:01,JSMR,RG,3300,7,D,NI,PD,D
13:31:01,JSMR,RG,3300,11,D,NI,YP,D
13:30:56,JSMR,RG,3290,7,D,CC,PD,D
13:30:46,JSMR,RG,3290,3,D,CC,PD,D
13:30:46,JSMR,RG,3290,5,D,KK,PD,D
13:30:36,JSMR,RG,3290,5,D,KK,PD,D
13:30:36,JSMR,RG,3290,2,D,CC,PD,D
13:30:26,JSMR,RG,3290,3,D,CC,PD,D
13:30:26,JSMR,RG,3290,1,D,CC,PD,D
13:30:26,JSMR,RG,3290,3,D,YP,PD,D
13:30:16,JSMR,RG,3290,2,D,YP,PD,D
13:30:16,JSMR,RG,3290,6,D,AG,PD,D
13:30:10,JSMR,RG,3300,1,D,PD,YP,D
13:30:07,JSMR,RG,3290,7,D,AG,PD,D
13:30:06,JSMR,RG,3300,1,D,XC,YP,D
13:30:06,JSMR,RG,3300,2,D,XL,YP,D
13:30:05,JSMR,RG,3300,1,D,XL,YP,D
13:30:05,JSMR,RG,3290,3,D,AG,DX,D
13:30:03,JSMR,RG,3290,6,D,AG,BB,D
13:30:03,JSMR,RG,3290,23,D,AG,BB,D
13:30:01,JSMR,RG,3290,3,D,AG,DX,D
13:30:01,JSMR,RG,3290,52,D,AG,EP,D
13:30:01,JSMR,RG,3290,1,D,YP,EP,D
13:30:01,JSMR,RG,3290,12,D,PD,EP,D
13:30:01,JSMR,RG,3300,4,D,EP,YP,D
11:29:56,JSMR,RG,3290,7,D,PD,PD,D
11:29:53,JSMR,RG,3290,3,D,PD,NI,D
11:29:46,JSMR,RG,3290,7,D,PD,PD,D
11:29:39,JSMR,RG,3290,4,D,PD,CC,D
11:29:36,JSMR,RG,3290,8,D,PD,PD,D
11:29:26,JSMR,RG,3290,7,D,PD,PD,D
11:29:26,JSMR,RG,3300,5,D,PD,YP,D
11:29:16,JSMR,RG,3290,7,D,PD,PD,D
11:29:10,JSMR,RG,3290,9,D,PD,BK,F
11:29:07,JSMR,RG,3300,3,D,CC,AK,F
11:29:07,JSMR,RG,3300,7,D,CC,AK,F
11:29:07,JSMR,RG,3300,4,D,PD,AK,F
11:29:07,JSMR,RG,3300,10,D,PD,AK,F
11:29:07,JSMR,RG,3300,51,D,AZ,AK,F
11:29:07,JSMR,RG,3300,18,D,KZ,AK,F
11:29:07,JSMR,RG,3300,1,D,YP,AK,F
11:29:07,JSMR,RG,3300,5,D,KZ,AK,F
11:29:07,JSMR,RG,3300,1,D,YP,AK,F
11:29:07,JSMR,RG,3300,17,D,XC,AK,F
11:29:07,JSMR,RG,3300,5,D,DR,AK,F
11:29:07,JSMR,RG,3300,3,D,PD,AK,F
11:29:07,JSMR,RG,3300,5,D,LG,AK,F
11:29:07,JSMR,RG,3300,2,D,XC,AK,F
11:29:07,JSMR,RG,3300,1,D,XC,AK,F
11:29:07,JSMR,RG,3300,6,D,KZ,AK,F
11:29:07,JSMR,RG,3300,2,D,NI,AK,F
11:29:07,JSMR,RG,3300,10,D,KK,AK,F
11:29:07,JSMR,RG,3300,10,D,KK,AK,F
11:29:07,JSMR,RG,3300,1,D,PD,AK,F
11:29:07,JSMR,RG,3300,2,D,KK,AK,F
11:29:07,JSMR,RG,3300,3,D,CC,AK,F
11:29:07,JSMR,RG,3300,1,D,CC,AK,F
11:29:07,JSMR,RG,3300,4,D,PD,AK,F
11:29:07,JSMR,RG,3300,1,D,YP,AK,F
11:29:07,JSMR,RG,3300,4,D,XC,AK,F
11:29:07,JSMR,RG,3300,32,D,KZ,AK,F
11:29:07,JSMR,RG,3300,12,D,KZ,AK,F
11:29:06,JSMR,RG,3300,3,D,KZ,BB,D
11:29:06,JSMR,RG,3300,10,D,KZ,ZR,D
11:29:06,JSMR,RG,3300,8,D,KZ,PD,D
11:28:56,JSMR,RG,3300,7,D,KZ,PD,D
11:28:55,JSMR,RG,3300,1,D,KZ,XC,D
11:28:52,JSMR,RG,3300,1,D,KZ,BB,D
11:28:52,JSMR,RG,3300,1,D,KZ,LG,D
11:28:47,JSMR,RG,3300,5,D,KZ,KK,D
11:28:46,JSMR,RG,3300,4,D,KZ,BB,D
11:28:46,JSMR,RG,3300,7,D,KZ,PD,D
11:28:43,JSMR,RG,3300,20,D,KZ,PD,D
11:28:37,JSMR,RG,3300,9,D,KZ,XC,D
11:28:36,JSMR,RG,3300,2,D,KZ,BB,D
11:28:36,JSMR,RG,3300,8,D,KZ,PD,D
11:28:35,JSMR,RG,3300,5,D,KZ,PD,D
11:28:31,JSMR,RG,3300,1,D,KZ,BB,D
11:28:31,JSMR,RG,3300,3,D,KZ,YU,D
11:28:26,JSMR,RG,3300,3,D,KZ,BB,D
11:28:26,JSMR,RG,3300,7,D,KZ,PD,D
11:28:26,JSMR,RG,3310,13,D,KZ,BB,D
11:28:18,JSMR,RG,3300,5,D,KZ,PD,D
11:28:17,JSMR,RG,3300,10,D,KZ,ZR,D
11:28:16,JSMR,RG,3300,1,D,KZ,BB,D
11:28:16,JSMR,RG,3300,7,D,KZ,PD,D
11:28:15,JSMR,RG,3300,1,D,KZ,BB,D
11:28:06,JSMR,RG,3300,1,D,KZ,BB,D
11:28:06,JSMR,RG,3300,7,D,KZ,PD,D
11:28:02,JSMR,RG,3300,1,D,KZ,YP,D
11:27:56,JSMR,RG,3300,1,D,KZ,BB,D
11:27:56,JSMR,RG,3300,8,D,KZ,PD,D
11:27:46,JSMR,RG,3300,7,D,KZ,PD,D
11:27:45,JSMR,RG,3300,2,D,KZ,BB,D
11:27:36,JSMR,RG,3300,1,D,KZ,BB,D
11:27:36,JSMR,RG,3300,7,D,KZ,PD,D
11:27:26,JSMR,RG,3300,1,D,KZ,BB,D
11:27:26,JSMR,RG,3300,8,D,KZ,PD,D
11:27:16,JSMR,RG,3300,7,D,KZ,PD,D
11:27:15,JSMR,RG,3300,2,D,KZ,BB,D
11:27:06,JSMR,RG,3300,1,D,KZ,BB,D
11:27:06,JSMR,RG,3300,7,D,KZ,PD,D
11:26:56,JSMR,RG,3300,3,D,KZ,BB,D
11:26:56,JSMR,RG,3300,3,D,KZ,BB,D
11:26:56,JSMR,RG,3300,8,D,KZ,PD,D
11:26:53,JSMR,RG,3300,2,D,KZ,BB,D
11:26:53,JSMR,RG,3300,18,D,KZ,BK,F
11:26:50,JSMR,RG,3300,10,D,KZ,BK,F
11:26:46,JSMR,RG,3300,5,D,KZ,BB,D
11:26:46,JSMR,RG,3300,45,D,KZ,BB,D
11:26:46,JSMR,RG,3300,11,D,KZ,BK,F
11:26:46,JSMR,RG,3300,7,D,KZ,PD,D
11:26:40,JSMR,RG,3300,15,D,KZ,BK,F
11:26:36,JSMR,RG,3300,7,D,KZ,PD,D
11:26:35,JSMR,RG,3300,8,D,KZ,BB,D
11:26:35,JSMR,RG,3300,51,D,KZ,BK,F
11:26:31,JSMR,RG,3300,134,D,KZ,BB,D
11:26:31,JSMR,RG,3300,83,D,KZ,BK,F
11:26:26,JSMR,RG,3300,349,D,KZ,BK,F
11:26:26,JSMR,RG,3300,7,D,KZ,PD,D
11:26:25,JSMR,RG,3300,30,D,KZ,BB,D
11:26:22,JSMR,RG,3300,86,D,KZ,CC,D
11:26:22,JSMR,RG,3300,425,D,KZ,CC,D
11:26:22,JSMR,RG,3300,117,D,KZ,CC,D
11:26:22,JSMR,RG,3300,872,D,KZ,CC,D
11:26:17,JSMR,RG,3300,3,D,KZ,BB,D
11:26:16,JSMR,RG,3300,1,D,KZ,BB,D
11:26:16,JSMR,RG,3300,8,D,KZ,PD,D
11:26:14,JSMR,RG,3300,5,D,KZ,YP,D
11:26:08,JSMR,RG,3300,16,D,KZ,BK,F
11:26:06,JSMR,RG,3300,2,D,KZ,BB,D
11:26:06,JSMR,RG,3300,7,D,KZ,PD,D
11:26:01,JSMR,RG,3310,15,D,CC,BB,D
11:26:00,JSMR,RG,3300,1,D,KZ,BB,D
11:25:56,JSMR,RG,3300,2,D,KZ,BB,D
11:25:56,JSMR,RG,3300,7,D,KZ,PD,D
11:25:48,JSMR,RG,3300,11,D,KZ,BK,F
11:25:47,JSMR,RG,3300,1,D,KZ,BB,D
11:25:46,JSMR,RG,3300,8,D,KZ,PD,D
11:25:37,JSMR,RG,3300,1,D,KZ,BB,D
11:25:36,JSMR,RG,3300,1,D,KZ,BB,D
11:25:36,JSMR,RG,3300,7,D,KZ,PD,D
11:25:27,JSMR,RG,3300,2,D,KZ,BB,D
11:25:26,JSMR,RG,3300,7,D,KZ,PD,D
11:25:22,JSMR,RG,3300,1,D,KZ,XL,D
11:25:16,JSMR,RG,3300,1,D,KZ,BB,D
11:25:16,JSMR,RG,3300,8,D,KZ,PD,D
11:25:06,JSMR,RG,3300,1,D,KZ,BB,D
11:25:06,JSMR,RG,3300,3,D,KZ,BB,D
11:25:06,JSMR,RG,3300,7,D,KZ,PD,D
11:24:56,JSMR,RG,3300,15,D,KZ,BK,F
11:24:56,JSMR,RG,3300,7,D,KZ,PD,D
11:24:53,JSMR,RG,3300,5,D,KZ,YP,D
11:24:47,JSMR,RG,3300,1,D,KZ,BB,D
11:24:46,JSMR,RG,3300,7,D,KZ,PD,D
11:24:36,JSMR,RG,3300,1,D,KZ,BB,D
11:24:36,JSMR,RG,3300,1,D,KZ,BB,D
11:24:36,JSMR,RG,3300,8,D,KZ,PD,D
11:24:26,JSMR,RG,3300,1,D,KZ,BB,D
11:24:26,JSMR,RG,3300,7,D,KZ,PD,D
11:24:16,JSMR,RG,3300,2,D,KZ,BB,D
11:24:16,JSMR,RG,3300,7,D,KZ,PD,D
11:24:15,JSMR,RG,3300,1,D,KZ,BB,D
11:24:06,JSMR,RG,3300,5,D,KZ,BB,D
11:24:06,JSMR,RG,3300,8,D,KZ,PD,D
11:24:03,JSMR,RG,3300,3,D,KZ,BB,D
11:24:02,JSMR,RG,3300,20,D,KZ,BK,F
11:23:58,JSMR,RG,3300,24,D,KZ,BK,F
11:23:56,JSMR,RG,3300,26,D,KZ,BB,D
11:23:56,JSMR,RG,3300,7,D,KZ,PD,D
11:23:52,JSMR,RG,3300,53,D,KZ,BK,F
11:23:51,JSMR,RG,3300,4,D,KZ,BB,D
11:23:51,JSMR,RG,3310,33,D,KZ,BB,D
11:23:49,JSMR,RG,3310,200,D,YP,BB,D
11:23:46,JSMR,RG,3300,1,D,KZ,BB,D
11:23:46,JSMR,RG,3300,7,D,KZ,PD,D
11:23:36,JSMR,RG,3300,1,D,KZ,BB,D
11:23:36,JSMR,RG,3300,8,D,KZ,PD,D
11:23:26,JSMR,RG,3300,1,D,KZ,BB,D
11:23:26,JSMR,RG,3300,1,D,KZ,BB,D
11:23:26,JSMR,RG,3300,7,D,KZ,PD,D
11:23:16,JSMR,RG,3300,1,D,KZ,BB,D
11:23:16,JSMR,RG,3300,7,D,KZ,PD,D
11:23:06,JSMR,RG,3300,2,D,KZ,BB,D
11:23:06,JSMR,RG,3300,7,D,KZ,PD,D
11:22:57,JSMR,RG,3300,15,D,KZ,BK,F
11:22:56,JSMR,RG,3300,8,D,KZ,PD,D
11:22:54,JSMR,RG,3300,2,D,KZ,BB,D
11:22:54,JSMR,RG,3300,1,D,KZ,BB,D
11:22:53,JSMR,RG,3310,1,D,MU,BB,D
11:22:46,JSMR,RG,3300,7,D,KZ,PD,D
11:22:39,JSMR,RG,3300,1,D,KZ,BB,D
11:22:39,JSMR,RG,3300,3,D,KZ,BB,D
11:22:36,JSMR,RG,3300,7,D,KZ,PD,D
11:22:31,JSMR,RG,3300,13,D,KZ,BK,F
11:22:27,JSMR,RG,3300,1,D,KZ,BB,D
11:22:27,JSMR,RG,3300,6,D,KZ,BB,D
11:22:26,JSMR,RG,3300,8,D,KZ,PD,D
11:22:17,JSMR,RG,3300,10,D,KZ,BK,F
11:22:17,JSMR,RG,3300,3,D,KZ,BB,D
11:22:16,JSMR,RG,3300,7,D,KZ,PD,D
11:22:15,JSMR,RG,3300,50,D,KZ,LG,D
11:22:07,JSMR,RG,3300,1,D,KZ,BB,D
11:22:07,JSMR,RG,3300,1,D,KZ,BB,D
11:22:06,JSMR,RG,3300,7,D,KZ,PD,D
11:21:59,JSMR,RG,3300,5,D,KZ,SQ,D
11:21:59,JSMR,RG,3300,13,D,KZ,BK,F
11:21:57,JSMR,RG,3300,1,D,KZ,BB,D
11:21:56,JSMR,RG,3300,8,D,KZ,PD,D
11:21:46,JSMR,RG,3300,7,D,KZ,PD,D
11:21:44,JSMR,RG,3300,1,D,KZ,BB,D
11:21:37,JSMR,RG,3300,4,D,KZ,BB,D
11:21:36,JSMR,RG,3300,7,D,KZ,PD,D
11:21:28,JSMR,RG,3300,10,D,KZ,BK,F
11:21:27,JSMR,RG,3300,1,D,KZ,BB,D
11:21:26,JSMR,RG,3300,7,D,KZ,PD,D
11:21:24,JSMR,RG,3300,10,D,KZ,BB,D
11:21:20,JSMR,RG,3300,16,D,KZ,BK,F
11:21:17,JSMR,RG,3300,7,D,KZ,BB,D
11:21:16,JSMR,RG,3300,8,D,KZ,PD,D
11:21:16,JSMR,RG,3300,24,D,KZ,BK,F
11:21:13,JSMR,RG,3300,26,D,KZ,BB,D
11:21:13,JSMR,RG,3300,79,D,KZ,BK,F
11:21:07,JSMR,RG,3310,305,D,DP,BB,D
11:21:07,JSMR,RG,3310,1,D,DP,CP,D
11:21:07,JSMR,RG,3310,2,D,DP,BB,D
11:21:07,JSMR,RG,3310,10,D,DP,XC,D
11:21:07,JSMR,RG,3310,1,D,DP,YP,D
11:21:07,JSMR,RG,3310,1,D,DP,CP,D
11:21:07,JSMR,RG,3310,5,D,DP,BB,D
11:21:07,JSMR,RG,3310,3,D,DP,YP,D
11:21:07,JSMR,RG,3310,4,D,DP,YP,D
11:21:07,JSMR,RG,3300,1,D,KZ,BB,D
11:21:06,JSMR,RG,3300,7,D,KZ,PD,D
11:21:03,JSMR,RG,3300,2,D,KZ,BB,D
11:21:02,JSMR,RG,3300,16,D,KZ,DH,D
11:20:58,JSMR,RG,3310,5,D,NI,YP,D
11:20:57,JSMR,RG,3300,1,D,KZ,BB,D
11:20:56,JSMR,RG,3300,7,D,KZ,PD,D
11:20:47,JSMR,RG,3300,1,D,KZ,BB,D
11:20:47,JSMR,RG,3300,2,D,KZ,BB,D
11:20:46,JSMR,RG,3300,8,D,KZ,PD,D
11:20:36,JSMR,RG,3300,7,D,KZ,PD,D
11:20:34,JSMR,RG,3300,2,D,KZ,BB,D
11:20:26,JSMR,RG,3300,7,D,KZ,PD,D
11:20:21,JSMR,RG,3300,19,D,KZ,BK,F
11:20:18,JSMR,RG,3300,1,D,KZ,BB,D
11:20:17,JSMR,RG,3300,1,D,KZ,BB,D
11:20:16,JSMR,RG,3300,8,D,KZ,PD,D
11:20:07,JSMR,RG,3300,1,D,KZ,BB,D
11:20:06,JSMR,RG,3300,7,D,KZ,PD,D
11:19:57,JSMR,RG,3300,1,D,KZ,BB,D
11:19:56,JSMR,RG,3300,7,D,KZ,PD,D
11:19:47,JSMR,RG,3300,1,D,KZ,BB,D
11:19:46,JSMR,RG,3300,8,D,KZ,PD,D
11:19:43,JSMR,RG,3300,10,D,KZ,BK,F
11:19:37,JSMR,RG,3300,1,D,KZ,BB,D
11:19:37,JSMR,RG,3300,1,D,KZ,BB,D
11:19:36,JSMR,RG,3300,7,D,KZ,PD,D
11:19:27,JSMR,RG,3300,1,D,KZ,BB,D
11:19:26,JSMR,RG,3300,7,D,KZ,PD,D
11:19:17,JSMR,RG,3300,1,D,KZ,BB,D
11:19:16,JSMR,RG,3300,7,D,KZ,PD,D
11:19:06,JSMR,RG,3300,8,D,KZ,PD,D
11:18:57,JSMR,RG,3300,2,D,KZ,BB,D
11:18:56,JSMR,RG,3310,1,D,NI,YP,D
11:18:56,JSMR,RG,3310,1,D,NI,NI,D
11:18:56,JSMR,RG,3300,7,D,KZ,PD,D
11:18:52,JSMR,RG,3300,1,D,KZ,BB,D
11:18:51,JSMR,RG,3300,14,D,KZ,NI,D
11:18:46,JSMR,RG,3300,7,D,KZ,PD,D
11:18:42,JSMR,RG,3300,2,D,KZ,BB,D
11:18:39,JSMR,RG,3310,1,D,NI,BK,F
11:18:36,JSMR,RG,3300,4,D,KZ,DX,D
11:18:36,JSMR,RG,3300,8,D,KZ,PD,D
11:18:33,JSMR,RG,3300,4,D,KZ,XC,D
11:18:26,JSMR,RG,3300,7,D,KZ,PD,D
11:18:25,JSMR,RG,3300,2,D,KZ,BB,D
11:18:16,JSMR,RG,3300,7,D,KZ,PD,D
11:18:14,JSMR,RG,3300,1,D,KZ,BB,D
11:18:14,JSMR,RG,3310,1,D,CC,BK,F
11:18:13,JSMR,RG,3310,10,D,FZ,BK,F
11:18:06,JSMR,RG,3300,8,D,KZ,PD,D
11:17:56,JSMR,RG,3300,11,D,KZ,DH,D
11:17:56,JSMR,RG,3300,7,D,KZ,PD,D
11:17:46,JSMR,RG,3300,7,D,KZ,PD,D
11:17:36,JSMR,RG,3300,2,D,KZ,BB,D
11:17:28,JSMR,RG,3300,1,D,KZ,BB,D
11:17:28,JSMR,RG,3300,6,D,KZ,CC,D
11:17:28,JSMR,RG,3300,4,D,KZ,CC,D
11:17:28,JSMR,RG,3300,3,D,KZ,YP,D
11:17:28,JSMR,RG,3300,1,D,KZ,CP,D
11:17:28,JSMR,RG,3300,29,D,KZ,BB,D
11:17:28,JSMR,RG,3300,121,D,KZ,BB,D
11:17:28,JSMR,RG,3300,7,D,KZ,PD,D
11:17:28,JSMR,RG,3300,311,D,KZ,BK,F
11:17:28,JSMR,RG,3300,1,D,KZ,KK,D
11:17:28,JSMR,RG,3300,198,D,KZ,BB,D
11:17:28,JSMR,RG,3300,697,D,KZ,BB,D
11:17:28,JSMR,RG,3300,105,D,KZ,BB,D
11:17:28,JSMR,RG,3300,1,D,KZ,DX,D
11:17:28,JSMR,RG,3300,5,D,KZ,BB,D
11:17:28,JSMR,RG,3300,53,D,KZ,BK,F
11:17:26,JSMR,RG,3290,8,D,PD,PD,D
11:17:21,JSMR,RG,3290,1,D,PD,BB,D
11:17:16,JSMR,RG,3290,7,D,PD,PD,D
11:17:09,JSMR,RG,3300,1,D,CC,BK,F
11:17:06,JSMR,RG,3290,1,D,PD,BB,D
11:17:06,JSMR,RG,3290,7,D,PD,PD,D
11:16:56,JSMR,RG,3290,1,D,PD,BB,D
11:16:56,JSMR,RG,3290,8,D,PD,PD,D
11:16:46,JSMR,RG,3290,1,D,PD,BB,D
11:16:46,JSMR,RG,3290,1,D,PD,BB,D
11:16:46,JSMR,RG,3290,7,D,PD,PD,D
11:16:36,JSMR,RG,3290,7,D,PD,PD,D
11:16:32,JSMR,RG,3290,1,D,PD,BB,D
11:16:26,JSMR,RG,3290,8,D,PD,PD,D
11:16:16,JSMR,RG,3290,4,D,PD,BB,D
11:16:16,JSMR,RG,3290,15,D,PD,BB,D
11:16:16,JSMR,RG,3290,7,D,PD,PD,D
11:16:07,JSMR,RG,3290,175,D,PD,YP,D
11:16:03,JSMR,RG,3300,2,D,LG,BK,F
11:16:03,JSMR,RG,3300,1,D,LG,PD,D
11:16:03,JSMR,RG,3290,2,D,PD,BB,D
11:16:00,JSMR,RG,3300,3,D,LG,PD,D
11:15:56,JSMR,RG,3300,3,D,AT,PD,D
11:15:56,JSMR,RG,3300,2,D,AT,PD,D
11:15:56,JSMR,RG,3290,7,D,PD,PD,D
11:15:46,JSMR,RG,3290,1,D,PD,BB,D
11:15:46,JSMR,RG,3290,8,D,PD,PD,D
11:15:36,JSMR,RG,3300,5,D,XC,PD,D
11:15:33,JSMR,RG,3290,2,D,PD,BB,D
11:15:24,JSMR,RG,3290,46,D,PD,BB,D
11:15:24,JSMR,RG,3300,12,D,KZ,BB,D
11:15:21,JSMR,RG,3300,19,D,KZ,BB,D
11:15:17,JSMR,RG,3310,101,D,TP,BK,F
11:15:17,JSMR,RG,3310,1,D,TP,YP,D
11:15:17,JSMR,RG,3310,91,D,TP,BB,D
11:15:17,JSMR,RG,3310,276,D,TP,BK,F
11:15:17,JSMR,RG,3310,750,D,TP,YP,D
11:15:17,JSMR,RG,3310,5,D,TP,EP,D
11:15:17,JSMR,RG,3310,12,D,TP,BB,D
11:15:17,JSMR,RG,3310,24,D,TP,BB,D
11:15:17,JSMR,RG,3310,1,D,TP,YP,D
11:15:17,JSMR,RG,3310,1,D,TP,YP,D
11:15:17,JSMR,RG,3310,15,D,TP,DR,D
11:15:17,JSMR,RG,3310,25,D,TP,YP,D
11:15:17,JSMR,RG,3310,25,D,TP,AZ,D
11:15:17,JSMR,RG,3310,330,D,TP,PD,D
11:15:17,JSMR,RG,3300,1,D,TP,CP,D
11:15:17,JSMR,RG,3300,1,D,TP,YP,D
11:15:17,JSMR,RG,3300,10,D,TP,BB,D
11:15:17,JSMR,RG,3300,13,D,TP,BB,D
11:15:17,JSMR,RG,3300,3,D,TP,YP,D
11:15:17,JSMR,RG,3300,7,D,TP,PD,D
11:15:17,JSMR,RG,3300,25,D,TP,YP,D
11:15:17,JSMR,RG,3300,22,D,TP,OD,D
11:15:17,JSMR,RG,3300,131,D,TP,BK,F
11:15:17,JSMR,RG,3300,79,D,TP,BB,D
11:15:17,JSMR,RG,3300,321,D,TP,BB,D
11:15:17,JSMR,RG,3300,30,D,TP,CC,D
11:15:17,JSMR,RG,3300,20,D,TP,NI,D
11:15:16,JSMR,RG,3290,8,D,PD,PD,D
11:15:06,JSMR,RG,3290,7,D,PD,PD,D
11:14:56,JSMR,RG,3290,7,D,PD,PD,D
11:14:49,JSMR,RG,3300,5,D,AG,YP,D
11:14:49,JSMR,RG,3300,5,D,AG,XC,D
11:14:49,JSMR,RG,3300,10,D,AG,SQ,D
11:14:49,JSMR,RG,3300,1,D,AG,MU,D
11:14:49,JSMR,RG,3300,4,D,AG,BB,D
11:14:49,JSMR,RG,3300,19,D,AG,BB,D
11:14:49,JSMR,RG,3300,10,D,AG,PD,D
11:14:49,JSMR,RG,3300,1,D,AG,YP,D
11:14:49,JSMR,RG,3300,45,D,AG,BK,F
11:14:46,JSMR,RG,3290,1,D,PD,BB,D
11:14:46,JSMR,RG,3290,1,D,PD,BB,D
11:14:46,JSMR,RG,3290,8,D,PD,PD,D
11:14:41,JSMR,RG,3300,2,D,XC,BK,F
11:14:36,JSMR,RG,3290,1,D,PD,BB,D
11:14:36,JSMR,RG,3290,7,D,PD,PD,D
11:14:26,JSMR,RG,3290,4,D,PD,BB,D
11:14:26,JSMR,RG,3290,7,D,PD,PD,D
11:14:16,JSMR,RG,3290,1,D,PD,BB,D
11:14:11,JSMR,RG,3290,54,D,PD,BK,F
11:14:11,JSMR,RG,3290,2,D,PD,BB,D
11:14:11,JSMR,RG,3290,7,D,PD,PD,D
11:14:06,JSMR,RG,3280,8,D,CC,PD,D
11:13:56,JSMR,RG,3280,7,D,CC,PD,D
11:13:53,JSMR,RG,3280,1,D,CC,BB,D
11:13:53,JSMR,RG,3280,2,D,CC,BB,D
11:13:46,JSMR,RG,3280,7,D,CC,PD,D
11:13:36,JSMR,RG,3280,1,D,CC,BB,D
11:13:36,JSMR,RG,3280,8,D,CC,PD,D
11:13:26,JSMR,RG,3280,7,D,CC,PD,D
11:13:23,JSMR,RG,3290,1,D,YP,CP,D
11:13:21,JSMR,RG,3280,1,D,CC,BB,D
11:13:16,JSMR,RG,3280,5,D,CC,BB,D
11:13:16,JSMR,RG,3280,7,D,CC,PD,D
11:13:08,JSMR,RG,3290,3,D,CC,BB,D
11:13:08,JSMR,RG,3290,5,D,EP,YP,D
11:13:08,JSMR,RG,3290,2,D,YP,YP,D
11:13:08,JSMR,RG,3290,1,D,CC,YP,D
11:13:08,JSMR,RG,3290,34,D,AG,YP,D
11:13:06,JSMR,RG,3290,8,D,AG,PD,D
11:13:04,JSMR,RG,3290,1,D,AG,BB,D
11:12:59,JSMR,RG,3300,1,D,CC,BK,F
11:12:56,JSMR,RG,3290,15,D,AG,BB,D
11:12:56,JSMR,RG,3290,1,D,AG,BB,D
11:12:56,JSMR,RG,3290,7,D,AG,PD,D
11:12:50,JSMR,RG,3300,100,D,AG,BK,F
11:12:44,JSMR,RG,3300,31,D,PD,BK,F
11:12:44,JSMR,RG,3300,1,D,PD,CC,D
11:12:44,JSMR,RG,3300,10,D,PD,PD,D
11:12:44,JSMR,RG,3300,8,D,PD,PD,D
11:12:43,JSMR,RG,3290,11,D,AG,BB,D
11:12:42,JSMR,RG,3290,3,D,AG,BB,D
11:12:42,JSMR,RG,3290,20,D,AG,BK,F
11:12:36,JSMR,RG,3280,15,D,CC,BK,F
11:12:36,JSMR,RG,3280,7,D,CC,PD,D
11:12:33,JSMR,RG,3280,13,D,CC,BB,D
11:12:32,JSMR,RG,3280,7,D,CC,BB,D
11:12:31,JSMR,RG,3300,8,D,EP,BB,D
11:12:31,JSMR,RG,3300,7,D,EP,BB,D
11:12:30,JSMR,RG,3300,26,D,EP,BK,F
11:12:29,JSMR,RG,3300,79,D,EP,BB,D
11:12:29,JSMR,RG,3300,321,D,EP,BB,D
11:12:26,JSMR,RG,3300,8,D,EP,PD,D
11:12:25,JSMR,RG,3300,3,D,EP,PD,D
11:12:16,JSMR,RG,3300,7,D,EP,PD,D
11:12:10,JSMR,RG,3300,9,D,EP,CC,D
11:12:06,JSMR,RG,3300,7,D,EP,PD,D
11:12:04,JSMR,RG,3300,1,D,EP,PD,D
11:11:57,JSMR,RG,3300,10,D,EP,YP,D
11:11:52,JSMR,RG,3300,22,D,EP,BB,D
11:11:51,JSMR,RG,3300,100,D,EP,IT,D
11:11:51,JSMR,RG,3300,14,D,EP,BK,F
11:11:51,JSMR,RG,3300,12,D,EP,XC,D
11:11:51,JSMR,RG,3300,4,D,EP,BB,D
11:11:51,JSMR,RG,3300,3,D,EP,BB,D
11:11:51,JSMR,RG,3300,7,D,EP,BB,D
11:11:51,JSMR,RG,3290,3,D,EP,HD,D
11:11:51,JSMR,RG,3290,1,D,EP,YP,D
11:11:51,JSMR,RG,3290,7,D,EP,PD,D
11:11:51,JSMR,RG,3290,1,D,EP,CC,F
11:11:51,JSMR,RG,3290,81,D,EP,BK,F
11:11:51,JSMR,RG,3290,5,D,EP,BB,D
11:11:51,JSMR,RG,3290,18,D,EP,BB,D
11:11:51,JSMR,RG,3290,8,D,EP,PD,D
11:11:51,JSMR,RG,3290,50,D,EP,BB,D
11:11:51,JSMR,RG,3290,68,D,EP,BB,D
11:11:49,JSMR,RG,3280,2,D,CC,BB,D
11:11:46,JSMR,RG,3280,7,D,CC,PD,D
11:11:41,JSMR,RG,3280,1,D,CC,BB,D
11:11:40,JSMR,RG,3290,82,D,EP,BB,D
11:11:36,JSMR,RG,3280,1,D,CC,BB,D
11:11:36,JSMR,RG,3280,7,D,CC,PD,D
11:11:26,JSMR,RG,3280,8,D,CC,PD,D
11:11:18,JSMR,RG,3280,1,D,CC,BB,D
11:11:17,JSMR,RG,3280,1,D,CC,BB,D
11:11:16,JSMR,RG,3280,7,D,CC,PD,D
11:11:08,JSMR,RG,3280,5,D,CC,BB,D
11:11:06,JSMR,RG,3280,7,D,CC,PD,D
11:11:03,JSMR,RG,3280,1,D,CC,YP,D
11:11:03,JSMR,RG,3280,1,D,CC,BB,D
11:11:03,JSMR,RG,3290,50,D,AT,BB,D
11:10:57,JSMR,RG,3280,1,D,CC,BB,D
11:10:56,JSMR,RG,3280,7,D,CC,PD,D
11:10:45,JSMR,RG,3280,1,D,CC,BB,D
11:10:42,JSMR,RG,3280,8,D,CC,PD,D
11:10:42,JSMR,RG,3280,3,D,CC,BB,D
11:10:42,JSMR,RG,3280,17,D,CC,BB,D
11:10:42,JSMR,RG,3280,174,D,CC,BK,F
11:10:37,JSMR,RG,3270,1,F,AK,BB,D
11:10:37,JSMR,RG,3270,3,F,AK,BB,D
11:10:36,JSMR,RG,3270,7,F,AK,PD,D
11:10:26,JSMR,RG,3270,7,F,AK,PD,D
11:10:24,JSMR,RG,3270,14,F,AK,PD,D
11:10:23,JSMR,RG,3270,17,F,AK,BK,F
11:10:18,JSMR,RG,3270,2,F,AK,BB,D
11:10:18,JSMR,RG,3270,1,F,AK,BB,D
11:10:15,JSMR,RG,3280,4,D,PD,BK,F
11:10:15,JSMR,RG,3280,7,D,PD,PD,D
11:10:15,JSMR,RG,3280,4,D,PD,XC,D
11:10:12,JSMR,RG,3270,5,F,AK,BB,D
11:10:09,JSMR,RG,3270,11,F,AK,BK,F
11:10:07,JSMR,RG,3270,4,F,AK,BB,D
11:10:06,JSMR,RG,3270,7,F,AK,PD,D
11:10:03,JSMR,RG,3270,6,F,AK,BK,F
11:10:03,JSMR,RG,3270,3,D,PD,BK,F
11:10:03,JSMR,RG,3270,3,D,CC,BK,F
11:10:03,JSMR,RG,3270,1,D,CC,BK,F
11:10:03,JSMR,RG,3270,2,D,YP,BK,F
11:10:03,JSMR,RG,3270,2,D,YP,BK,F
11:10:03,JSMR,RG,3270,2,D,KZ,BK,F
11:10:01,JSMR,RG,3270,19,F,AK,BB,D
11:10:00,JSMR,RG,3280,4,D,KZ,BB,D
11:10:00,JSMR,RG,3280,4,D,KZ,BB,D
11:10:00,JSMR,RG,3280,7,D,PD,BB,D
11:10:00,JSMR,RG,3280,1,D,CC,BB,D
11:10:00,JSMR,RG,3280,2,D,YP,BB,D
11:10:00,JSMR,RG,3280,15,D,DR,BB,D
11:10:00,JSMR,RG,3280,26,D,DR,BK,F
11:09:57,JSMR,RG,3280,59,D,DR,BK,F
11:09:57,JSMR,RG,3280,2,D,YP,BK,F
11:09:57,JSMR,RG,3280,37,D,AG,BK,F
11:09:57,JSMR,RG,3280,9,D,AG,BB,D
11:09:56,JSMR,RG,3280,7,D,AG,PD,D
11:09:52,JSMR,RG,3290,2,D,YP,BK,F
11:09:52,JSMR,RG,3290,1,D,PD,BK,F
11:09:52,JSMR,RG,3290,3,D,CC,BK,F
11:09:52,JSMR,RG,3290,1,D,CC,BK,F
11:09:52,JSMR,RG,3290,1,D,YP,BK,F
11:09:51,JSMR,RG,3300,1,D,YP,BB,D
11:09:51,JSMR,RG,3300,42,D,KZ,BB,D
11:09:51,JSMR,RG,3300,49,D,DR,BB,D
11:09:51,JSMR,RG,3300,401,D,DR,BB,D
11:09:49,JSMR,RG,3310,50,D,AT,PD,D
11:09:49,JSMR,RG,3310,50,D,YP,PD,D
11:09:49,JSMR,RG,3300,1,D,DR,OD,D
11:09:49,JSMR,RG,3310,2,D,YP,PD,D
11:09:49,JSMR,RG,3300,1,D,DR,BB,D
11:09:49,JSMR,RG,3310,123,D,LS,PD,D
11:09:49,JSMR,RG,3310,1,D,LS,XC,D
11:09:49,JSMR,RG,3310,10,D,LS,AG,F
11:09:49,JSMR,RG,3310,3,D,LS,YP,D
11:09:49,JSMR,RG,3310,5,D,LS,YP,D
11:09:49,JSMR,RG,3310,2,D,LS,YP,D
11:09:49,JSMR,RG,3310,7,D,LS,BB,D
11:09:49,JSMR,RG,3310,25,D,LS,BB,D
11:09:49,JSMR,RG,3310,2,D,LS,CC,D
11:09:49,JSMR,RG,3310,2,D,LS,PD,D
11:09:49,JSMR,RG,3310,1,D,LS,SQ,D
11:09:49,JSMR,RG,3310,1,D,LS,PD,D
11:09:49,JSMR,RG,3310,3,D,LS,DR,D
11:09:49,JSMR,RG,3310,1,D,LS,YP,D
11:09:49,JSMR,RG,3310,1,D,LS,YP,D
11:09:49,JSMR,RG,3310,1,D,LS,LG,D
11:09:49,JSMR,RG,3310,12,D,LS,PD,D
11:09:48,JSMR,RG,3310,1,D,CC,PD,D
11:09:46,JSMR,RG,3300,8,D,DR,PD,D
11:09:45,JSMR,RG,3300,2,D,DR,BB,D
11:09:45,JSMR,RG,3300,6,D,DR,BB,D
11:09:34,JSMR,RG,3300,16,D,DR,BB,D
11:09:34,JSMR,RG,3300,51,D,DR,BB,D
11:09:32,JSMR,RG,3300,51,D,DR,AK,F
11:09:31,JSMR,RG,3300,1,D,DR,YP,D
11:09:31,JSMR,RG,3300,1,D,DR,YP,D
11:09:31,JSMR,RG,3300,8,D,DR,PD,D
11:09:31,JSMR,RG,3300,239,D,DR,BK,F
11:09:31,JSMR,RG,3300,15,D,DR,NI,D
11:09:31,JSMR,RG,3300,1,D,DR,YP,D
11:09:31,JSMR,RG,3300,1,D,DR,EP,D
11:09:31,JSMR,RG,3300,1,D,DR,PD,D
11:09:31,JSMR,RG,3300,200,D,DR,PD,D
11:09:31,JSMR,RG,3300,3,D,DR,DR,D
11:09:31,JSMR,RG,3300,122,D,DR,KK,D
11:09:31,JSMR,RG,3300,20,D,DR,YP,D
11:09:31,JSMR,RG,3300,1,D,DR,SQ,D
11:09:31,JSMR,RG,3300,16,D,DR,PD,D
11:09:31,JSMR,RG,3300,5,D,DR,YP,D
11:09:31,JSMR,RG,3300,10,D,DR,PD,D
11:09:31,JSMR,RG,3300,35,D,DR,SH,D
11:09:31,JSMR,RG,3300,38,D,DR,DH,D
11:09:31,JSMR,RG,3300,1,D,DR,XC,D
11:09:31,JSMR,RG,3300,10,D,DR,AG,F
11:09:31,JSMR,RG,3300,17,D,DR,BB,D
11:09:31,JSMR,RG,3300,5,D,DR,ZR,D
11:09:31,JSMR,RG,3300,1,D,DR,YP,D
11:09:31,JSMR,RG,3300,1,D,DR,CC,D
11:09:31,JSMR,RG,3300,5,D,DR,NI,D
11:09:31,JSMR,RG,3300,1,D,DR,YP,D
11:09:31,JSMR,RG,3300,30,D,DR,YP,D
11:09:31,JSMR,RG,3300,20,D,DR,EP,D
11:09:31,JSMR,RG,3300,2,D,DR,OD,D
11:09:31,JSMR,RG,3300,2,D,DR,YP,D
11:09:31,JSMR,RG,3300,2,D,DR,XC,D
11:09:31,JSMR,RG,3300,17,D,DR,AI,D
11:09:31,JSMR,RG,3300,3,D,DR,BB,D
11:09:31,JSMR,RG,3300,13,D,DR,BB,D
11:09:31,JSMR,RG,3300,1,D,DR,XC,D
11:09:31,JSMR,RG,3300,76,D,DR,YP,D
11:09:31,JSMR,RG,3300,2,D,DR,PD,D
11:09:31,JSMR,RG,3300,5,D,DR,EP,D
11:09:31,JSMR,RG,3300,8,D,DR,YP,D
11:09:31,JSMR,RG,3300,7,D,DR,HP,D
11:09:26,JSMR,RG,3290,7,D,DR,PD,D
11:09:24,JSMR,RG,3300,5,D,CC,HP,D
11:09:23,JSMR,RG,3300,1,D,YP,HP,D
11:09:23,JSMR,RG,3290,1,D,DR,BB,D
11:09:16,JSMR,RG,3300,1,D,CC,HP,D
11:09:16,JSMR,RG,3290,7,D,DR,PD,D
11:09:03,JSMR,RG,3290,1,D,DR,BB,D
11:08:58,JSMR,RG,3290,1,D,DR,YP,D
11:08:58,JSMR,RG,3290,4,D,DR,BB,D
11:08:58,JSMR,RG,3290,2,D,DR,HD,D
11:08:58,JSMR,RG,3290,20,D,DR,BK,F
11:08:58,JSMR,RG,3290,7,D,DR,PD,D
11:08:58,JSMR,RG,3290,15,D,DR,PD,D
11:08:56,JSMR,RG,3280,7,D,AG,PD,D
11:08:52,JSMR,RG,3280,1,D,AG,BB,D
11:08:46,JSMR,RG,3280,7,D,AG,PD,D
11:08:36,JSMR,RG,3280,8,D,AG,PD,D
11:08:26,JSMR,RG,3280,7,D,AG,PD,D
11:08:16,JSMR,RG,3280,7,D,AG,PD,D
11:08:06,JSMR,RG,3280,8,D,AG,PD,D
11:07:56,JSMR,RG,3280,1,D,AG,BB,D
11:07:56,JSMR,RG,3290,1,D,PD,BB,D
11:07:55,JSMR,RG,3280,1,D,AG,SQ,D
11:07:51,JSMR,RG,3290,1,D,KZ,BK,F
11:07:51,JSMR,RG,3290,5,D,KZ,PD,D
11:07:51,JSMR,RG,3290,5,D,KZ,BB,D
11:07:51,JSMR,RG,3290,6,D,KZ,BK,F
11:07:51,JSMR,RG,3280,11,D,KZ,BB,D
11:07:46,JSMR,RG,3280,2,D,KZ,PD,D
11:07:46,JSMR,RG,3290,53,D,KZ,BK,F
11:07:46,JSMR,RG,3290,2,D,KZ,PD,D
11:07:44,JSMR,RG,3280,1,D,KZ,BB,D
11:07:41,JSMR,RG,3290,5,D,AG,PD,D
11:07:41,JSMR,RG,3290,1,D,AG,PD,D
11:07:41,JSMR,RG,3290,1,D,AG,XC,D
11:07:41,JSMR,RG,3290,10,D,AG,AG,F
11:07:41,JSMR,RG,3290,3,D,AG,PD,D
11:07:41,JSMR,RG,3290,1,D,AG,YP,D
11:07:41,JSMR,RG,3290,31,D,AG,IP,D
11:07:41,JSMR,RG,3290,40,D,AG,YP,D
11:07:41,JSMR,RG,3290,1,D,AG,PD,D
11:07:41,JSMR,RG,3290,2,D,AG,YP,D
11:07:41,JSMR,RG,3290,3,D,AG,BB,D
11:07:41,JSMR,RG,3290,1,D,AG,BB,D
11:07:41,JSMR,RG,3290,1,D,AG,YU,D
11:07:36,JSMR,RG,3280,7,D,KZ,PD,D
11:07:35,JSMR,RG,3280,1,D,KZ,BB,D
11:07:26,JSMR,RG,3280,8,D,KZ,PD,D
11:07:21,JSMR,RG,3280,1,D,KZ,BB,D
11:07:16,JSMR,RG,3280,5,D,KZ,PD,D
11:07:16,JSMR,RG,3280,2,D,YP,PD,D
11:07:14,JSMR,RG,3280,1,D,YP,BB,D
11:07:06,JSMR,RG,3270,1,F,AK,BB,D
11:07:06,JSMR,RG,3270,7,F,AK,PD,D
11:06:56,JSMR,RG,3270,8,F,AK,PD,D
11:06:46,JSMR,RG,3270,1,F,AK,BB,D
11:06:46,JSMR,RG,3270,7,F,AK,PD,D
11:06:36,JSMR,RG,3270,7,F,AK,PD,D
11:06:31,JSMR,RG,3270,1,F,AK,BB,D
11:06:26,JSMR,RG,3270,8,F,AK,PD,D
11:06:16,JSMR,RG,3270,1,F,AK,BB,D
11:06:16,JSMR,RG,3270,1,F,AK,BB,D
11:06:16,JSMR,RG,3270,7,F,AK,PD,D
11:06:06,JSMR,RG,3270,6,F,AK,PD,D
11:06:06,JSMR,RG,3270,1,D,CC,PD,D
11:06:01,JSMR,RG,3270,1,D,CC,BB,D
11:05:56,JSMR,RG,3260,7,D,OD,PD,D
11:05:46,JSMR,RG,3260,1,D,OD,BB,D
11:05:46,JSMR,RG,3260,8,D,OD,PD,D
11:05:36,JSMR,RG,3260,1,D,OD,PD,D
11:05:36,JSMR,RG,3260,6,D,YP,PD,D
11:05:26,JSMR,RG,3260,19,D,YP,BB,D
11:05:26,JSMR,RG,3260,1,D,YP,BB,D
11:05:20,JSMR,RG,3280,7,D,RB,PD,D
11:05:20,JSMR,RG,3280,5,D,RB,BB,D
11:05:20,JSMR,RG,3280,197,D,RB,YP,D
11:05:20,JSMR,RG,3280,4,D,RB,BB,D
11:05:20,JSMR,RG,3280,43,D,RB,XC,D
11:05:16,JSMR,RG,3260,2,D,YP,PD,D
11:05:16,JSMR,RG,3260,1,D,XC,PD,D
11:05:16,JSMR,RG,3260,1,D,YP,PD,D
11:05:16,JSMR,RG,3260,4,D,CC,PD,D
11:05:06,JSMR,RG,3260,1,D,CC,BB,D
11:05:06,JSMR,RG,3260,7,D,CC,PD,D
11:04:56,JSMR,RG,3260,7,D,CC,PD,D
11:04:52,JSMR,RG,3260,1,D,CC,BB,D
11:04:52,JSMR,RG,3260,1,D,CC,XC,D
11:04:46,JSMR,RG,3260,8,D,CC,PD,D
11:04:36,JSMR,RG,3260,1,D,CC,BB,D
11:04:36,JSMR,RG,3260,1,D,SQ,PD,D
11:04:36,JSMR,RG,3260,6,D,OD,PD,D
11:04:26,JSMR,RG,3260,1,D,OD,BB,D
11:04:26,JSMR,RG,3260,1,D,OD,BB,D
11:04:26,JSMR,RG,3260,7,D,OD,PD,D
11:04:16,JSMR,RG,3260,7,D,OD,PD,D
11:04:06,JSMR,RG,3260,1,D,OD,BB,D
11:04:06,JSMR,RG,3260,8,D,OD,PD,D
11:03:56,JSMR,RG,3260,7,D,OD,PD,D
11:03:46,JSMR,RG,3260,1,D,OD,BB,D
11:03:46,JSMR,RG,3260,7,D,OD,PD,D
11:03:36,JSMR,RG,3260,1,D,OD,BB,D
11:03:36,JSMR,RG,3260,8,D,OD,PD,D
11:03:26,JSMR,RG,3260,1,D,OD,BB,D
11:03:26,JSMR,RG,3260,7,D,OD,PD,D
11:03:16,JSMR,RG,3260,1,D,OD,BB,D
11:03:16,JSMR,RG,3260,7,D,OD,PD,D
11:03:06,JSMR,RG,3260,8,D,OD,PD,D
11:02:56,JSMR,RG,3260,2,D,OD,BB,D
11:02:46,JSMR,RG,3260,3,D,OD,PD,D
11:02:46,JSMR,RG,3270,4,D,NI,PD,D
11:02:46,JSMR,RG,3270,6,D,NI,PD,D
11:02:36,JSMR,RG,3260,1,D,LG,BB,D
11:02:36,JSMR,RG,3260,1,D,LG,BB,D
11:02:36,JSMR,RG,3260,7,D,LG,PD,D
11:02:26,JSMR,RG,3260,1,D,LG,BB,D
11:02:26,JSMR,RG,3260,8,D,PD,PD,D
11:02:16,JSMR,RG,3260,7,D,PD,PD,D
11:02:12,JSMR,RG,3260,1,D,PD,BB,D
11:02:12,JSMR,RG,3270,1,D,DR,PD,D
11:02:12,JSMR,RG,3270,2,D,DR,PD,D
11:02:06,JSMR,RG,3260,7,D,PD,PD,D
11:02:00,JSMR,RG,3270,3,D,DR,PD,D
11:01:56,JSMR,RG,3260,1,D,PD,BB,D
11:01:56,JSMR,RG,3260,8,D,PD,PD,D
11:01:46,JSMR,RG,3260,7,D,PD,PD,D
11:01:36,JSMR,RG,3260,1,D,PD,BB,D
11:01:36,JSMR,RG,3260,7,D,PD,PD,D
11:01:35,JSMR,RG,3260,1,D,PD,BB,D
11:01:26,JSMR,RG,3260,4,D,PD,BB,D
11:01:26,JSMR,RG,3260,8,D,PD,PD,D
11:01:16,JSMR,RG,3260,7,D,PD,PD,D
11:01:10,JSMR,RG,3260,1,D,PD,BB,D
11:01:10,JSMR,RG,3260,1,D,PD,BB,D
11:01:07,JSMR,RG,3260,38,D,PD,OD,D
11:01:07,JSMR,RG,3260,7,D,PD,PD,D
11:00:57,JSMR,RG,3260,1,D,PD,BB,D
11:00:57,JSMR,RG,3260,8,D,PD,PD,D
11:00:47,JSMR,RG,3260,7,D,PD,PD,D
11:00:41,JSMR,RG,3270,1,D,YP,PD,D
11:00:37,JSMR,RG,3260,1,D,PD,BB,D
11:00:37,JSMR,RG,3260,1,D,PD,BB,D
11:00:37,JSMR,RG,3270,1,D,CC,PD,D
11:00:27,JSMR,RG,3270,2,D,CC,BB,D
11:00:27,JSMR,RG,3270,7,D,CC,PD,D
11:00:23,JSMR,RG,3270,20,D,CC,YP,D
11:00:17,JSMR,RG,3270,1,D,CC,BB,D
11:00:17,JSMR,RG,3270,8,D,CC,PD,D
11:00:07,JSMR,RG,3270,1,D,CC,BB,D
11:00:07,JSMR,RG,3270,7,D,CC,PD,D
10:59:57,JSMR,RG,3270,7,D,CC,PD,D
10:59:48,JSMR,RG,3270,1,D,CC,BB,D
10:59:47,JSMR,RG,3270,8,D,CC,PD,D
10:59:38,JSMR,RG,3270,1,D,CC,BB,D
10:59:37,JSMR,RG,3270,7,D,CC,PD,D
10:59:27,JSMR,RG,3270,7,D,CC,PD,D
10:59:18,JSMR,RG,3270,1,D,CC,BB,D
10:59:17,JSMR,RG,3270,8,D,CC,PD,D
10:59:07,JSMR,RG,3270,7,D,CC,PD,D
10:58:58,JSMR,RG,3270,1,D,CC,BB,D
10:58:57,JSMR,RG,3270,6,D,CC,PD,D
10:58:57,JSMR,RG,3270,1,D,CC,PD,D
10:58:48,JSMR,RG,3270,1,D,CC,BB,D
10:58:47,JSMR,RG,3270,7,D,CC,PD,D
10:58:37,JSMR,RG,3270,1,D,XC,PD,D
10:58:37,JSMR,RG,3270,1,D,CC,PD,D
10:58:37,JSMR,RG,3270,6,D,PD,PD,D
10:58:28,JSMR,RG,3270,1,D,PD,BB,D
10:58:27,JSMR,RG,3270,3,D,PD,PD,D
10:58:27,JSMR,RG,3270,4,D,KZ,PD,D
10:58:18,JSMR,RG,3270,1,D,KZ,BB,D
10:58:17,JSMR,RG,3270,7,D,KZ,PD,D
10:58:07,JSMR,RG,3270,8,D,KZ,PD,D
10:57:57,JSMR,RG,3270,7,D,KZ,PD,D
10:57:47,JSMR,RG,3270,4,D,KZ,PD,D
10:57:47,JSMR,RG,3270,3,D,KZ,PD,D
10:57:37,JSMR,RG,3270,8,D,KZ,PD,D
10:57:26,JSMR,RG,3280,7,D,KZ,XC,D
10:57:26,JSMR,RG,3280,4,D,KZ,PD,D
10:57:26,JSMR,RG,3280,5,D,KZ,OD,D
10:57:26,JSMR,RG,3280,4,D,KZ,PD,D
10:57:26,JSMR,RG,3280,2,D,KZ,YP,D
10:57:26,JSMR,RG,3280,1,D,KZ,YP,D
10:57:26,JSMR,RG,3280,1,D,KZ,KK,D
10:57:26,JSMR,RG,3280,1,D,KZ,YP,D
10:57:26,JSMR,RG,3280,1,D,KZ,XC,D
10:57:26,JSMR,RG,3280,2,D,KZ,BB,D
10:57:26,JSMR,RG,3280,4,D,KZ,BB,D
10:57:21,JSMR,RG,3270,1,D,KZ,CC,F
10:57:21,JSMR,RG,3270,10,D,KZ,EP,D
10:57:21,JSMR,RG,3270,5,D,KZ,PD,D
10:57:17,JSMR,RG,3260,7,D,PD,PD,D
10:57:07,JSMR,RG,3260,7,D,PD,PD,D
10:56:57,JSMR,RG,3260,8,D,PD,PD,D
10:56:51,JSMR,RG,3270,2,D,CC,PD,D
10:56:51,JSMR,RG,3270,2,D,CC,BB,D
10:56:47,JSMR,RG,3260,7,D,PD,PD,D
10:56:37,JSMR,RG,3260,7,D,PD,PD,D
10:56:27,JSMR,RG,3260,8,D,PD,PD,D
10:56:17,JSMR,RG,3260,7,D,PD,PD,D
10:56:07,JSMR,RG,3260,1,D,PD,BB,D
10:56:07,JSMR,RG,3260,7,D,PD,PD,D
10:55:57,JSMR,RG,3260,8,D,PD,PD,D
10:55:47,JSMR,RG,3260,7,D,PD,PD,D
10:55:37,JSMR,RG,3260,7,D,PD,PD,D
10:55:27,JSMR,RG,3260,7,D,PD,PD,D
10:55:17,JSMR,RG,3260,2,D,PD,PD,D
10:55:17,JSMR,RG,3260,1,D,CC,PD,D
10:55:17,JSMR,RG,3260,5,D,YP,PD,D
10:55:07,JSMR,RG,3260,7,D,YP,PD,D
10:55:03,JSMR,RG,3260,4,D,YP,XC,D
10:54:57,JSMR,RG,3260,7,D,YP,PD,D
10:54:47,JSMR,RG,3260,8,D,YP,PD,D
10:54:37,JSMR,RG,3260,7,D,YP,PD,D
10:54:27,JSMR,RG,3260,7,D,YP,PD,D
10:54:17,JSMR,RG,3260,8,D,YP,PD,D
10:54:07,JSMR,RG,3260,7,D,YP,PD,D
10:53:57,JSMR,RG,3260,7,D,YP,PD,D
10:53:47,JSMR,RG,3260,7,D,YP,PD,D
10:53:37,JSMR,RG,3260,8,D,YP,PD,D
10:53:27,JSMR,RG,3260,7,D,YP,PD,D
10:53:21,JSMR,RG,3270,3,D,KZ,BB,D
10:53:21,JSMR,RG,3270,19,D,KZ,BB,D
10:53:21,JSMR,RG,3270,2,D,KZ,CS,F
10:53:17,JSMR,RG,3260,7,D,YP,PD,D
10:53:11,JSMR,RG,3260,4,D,YP,BB,D
10:53:11,JSMR,RG,3260,1,F,AK,BB,D
10:53:11,JSMR,RG,3260,1,F,AK,BB,D
10:53:07,JSMR,RG,3260,8,F,AK,PD,D
10:53:05,JSMR,RG,3260,1,F,AK,BB,D
10:53:04,JSMR,RG,3270,50,D,CD,CS,F
10:52:57,JSMR,RG,3260,7,F,AK,PD,D
10:52:47,JSMR,RG,3260,1,F,AK,BB,D
10:52:47,JSMR,RG,3260,7,F,AK,PD,D
10:52:37,JSMR,RG,3260,8,F,AK,PD,D
10:52:27,JSMR,RG,3260,1,F,AK,BB,D
10:52:27,JSMR,RG,3260,7,F,AK,PD,D
10:52:26,JSMR,RG,3260,1,F,AK,BB,D
10:52:17,JSMR,RG,3260,1,F,AK,BB,D
10:52:17,JSMR,RG,3260,7,F,AK,PD,D
10:52:07,JSMR,RG,3260,1,F,AK,BB,D
10:52:07,JSMR,RG,3260,7,F,AK,PD,D
10:52:06,JSMR,RG,3270,10,D,YP,CS,F
10:51:57,JSMR,RG,3260,1,F,AK,BB,D
10:51:57,JSMR,RG,3260,8,F,AK,PD,D
10:51:47,JSMR,RG,3260,7,F,AK,PD,D
10:51:40,JSMR,RG,3260,1,F,AK,BB,D
10:51:37,JSMR,RG,3260,1,F,AK,BB,D
10:51:37,JSMR,RG,3260,7,F,AK,PD,D
10:51:27,JSMR,RG,3260,1,F,AK,BB,D
10:51:27,JSMR,RG,3260,8,F,AK,PD,D
10:51:17,JSMR,RG,3260,3,F,AK,PD,D
10:51:17,JSMR,RG,3260,4,D,CC,PD,D
10:51:07,JSMR,RG,3260,1,D,CC,BB,D
10:51:07,JSMR,RG,3260,7,D,CC,PD,D
10:50:57,JSMR,RG,3260,1,D,CC,BB,D
10:50:57,JSMR,RG,3260,8,D,CC,PD,D
10:50:47,JSMR,RG,3260,7,D,CC,PD,D
10:50:37,JSMR,RG,3260,1,D,CC,BB,D
10:50:37,JSMR,RG,3260,7,D,CC,PD,D
10:50:27,JSMR,RG,3260,1,D,CC,BB,D
10:50:27,JSMR,RG,3260,1,D,CC,BB,D
10:50:27,JSMR,RG,3260,7,D,CC,PD,D
10:50:17,JSMR,RG,3260,8,D,CC,PD,D
10:50:07,JSMR,RG,3260,1,D,CC,BB,D
10:50:07,JSMR,RG,3260,7,D,CC,PD,D
10:49:57,JSMR,RG,3260,1,D,CC,BB,D
10:49:57,JSMR,RG,3260,7,D,CC,PD,D
10:49:47,JSMR,RG,3260,8,D,CC,PD,D
10:49:37,JSMR,RG,3260,1,D,CC,BB,D
10:49:37,JSMR,RG,3260,7,D,CC,PD,D
10:49:27,JSMR,RG,3260,7,D,CC,PD,D
10:49:26,JSMR,RG,3260,1,D,CC,BB,D
10:49:26,JSMR,RG,3260,1,D,CC,BB,D
10:49:17,JSMR,RG,3260,8,D,CC,PD,D
10:49:07,JSMR,RG,3260,1,D,CC,BB,D
10:49:07,JSMR,RG,3260,7,D,CC,PD,D
10:48:57,JSMR,RG,3260,7,D,CC,PD,D
10:48:47,JSMR,RG,3260,1,D,CC,BB,D
10:48:47,JSMR,RG,3260,7,D,CC,PD,D
10:48:37,JSMR,RG,3260,8,D,CC,PD,D
10:48:32,JSMR,RG,3260,1,D,CC,BB,D
10:48:27,JSMR,RG,3260,7,D,CC,PD,D
10:48:25,JSMR,RG,3260,1,D,CC,BB,D
10:48:25,JSMR,RG,3260,1,D,CC,BB,D
10:48:17,JSMR,RG,3260,7,D,CC,PD,D
10:48:08,JSMR,RG,3260,7,D,CC,BB,D
10:48:07,JSMR,RG,3260,8,D,CC,PD,D
10:47:58,JSMR,RG,3260,2,D,CC,BB,D
10:47:58,JSMR,RG,3260,1,D,CC,BB,D
10:47:57,JSMR,RG,3260,7,D,CC,PD,D
10:47:52,JSMR,RG,3270,75,D,PD,CS,F
10:47:48,JSMR,RG,3260,1,D,CC,BB,D
10:47:47,JSMR,RG,3260,7,D,CC,PD,D
10:47:37,JSMR,RG,3260,8,D,CC,PD,D
10:47:28,JSMR,RG,3260,1,D,CC,BB,D
10:47:27,JSMR,RG,3260,7,D,CC,PD,D
10:47:18,JSMR,RG,3260,1,D,CC,BB,D
10:47:17,JSMR,RG,3260,7,D,CC,PD,D
10:47:07,JSMR,RG,3260,7,D,CC,PD,D
10:47:07,JSMR,RG,3260,1,D,CC,BB,D
10:47:07,JSMR,RG,3260,1,D,CC,BB,D
10:46:57,JSMR,RG,3260,8,D,CC,PD,D
10:46:48,JSMR,RG,3260,1,D,CC,BB,D
10:46:47,JSMR,RG,3260,7,D,CC,PD,D
10:46:37,JSMR,RG,3260,7,D,CC,PD,D
10:46:28,JSMR,RG,3260,1,D,CC,BB,D
10:46:27,JSMR,RG,3260,8,D,CC,PD,D
10:46:17,JSMR,RG,3260,7,D,CC,PD,D
10:46:16,JSMR,RG,3260,1,D,CC,BB,D
10:46:08,JSMR,RG,3260,1,D,CC,BB,D
10:46:07,JSMR,RG,3260,7,D,CC,PD,D
10:46:00,JSMR,RG,3260,1,D,CC,BB,D
10:45:57,JSMR,RG,3260,8,D,CC,PD,D
10:45:48,JSMR,RG,3260,1,D,CC,BB,D
10:45:47,JSMR,RG,3260,7,D,CC,PD,D
10:45:37,JSMR,RG,3260,7,D,CC,PD,D
10:45:28,JSMR,RG,3260,2,D,CC,BB,D
10:45:27,JSMR,RG,3260,7,D,CC,PD,D
10:45:18,JSMR,RG,3270,10,D,KK,CS,F
10:45:17,JSMR,RG,3260,3,D,CC,PD,D
10:45:17,JSMR,RG,3260,1,D,PD,PD,D
10:45:17,JSMR,RG,3260,4,D,KK,PD,D
10:45:13,JSMR,RG,3260,1,D,KK,BB,D
10:45:07,JSMR,RG,3260,3,D,KK,BB,D
10:45:07,JSMR,RG,3260,2,D,KK,PD,D
10:45:07,JSMR,RG,3260,5,D,CC,PD,D
10:44:57,JSMR,RG,3260,7,D,CC,PD,D
10:44:57,JSMR,RG,3270,23,D,KK,CS,F
10:44:56,JSMR,RG,3260,1,D,CC,BB,D
10:44:47,JSMR,RG,3260,1,D,CC,BB,D
10:44:47,JSMR,RG,3260,8,D,CC,PD,D
10:44:37,JSMR,RG,3260,1,D,CC,BB,D
10:44:37,JSMR,RG,3260,7,D,CC,PD,D
10:44:32,JSMR,RG,3270,9,D,NI,CS,F
10:44:27,JSMR,RG,3260,4,D,CC,BB,D
10:44:27,JSMR,RG,3260,1,D,CC,BB,D
10:44:21,JSMR,RG,3270,41,D,KK,CS,F
10:44:21,JSMR,RG,3270,8,D,KK,PD,D
10:44:21,JSMR,RG,3270,1,D,KK,PD,D
10:44:17,JSMR,RG,3260,5,D,CC,PD,D
10:44:17,JSMR,RG,3260,2,D,CC,PD,D
10:44:17,JSMR,RG,3260,1,D,CC,PD,D
10:44:07,JSMR,RG,3260,2,D,CC,PD,D
10:44:07,JSMR,RG,3260,5,D,OD,PD,D
10:44:01,JSMR,RG,3270,3,D,YP,PD,D
10:43:57,JSMR,RG,3270,1,F,OD,PD,D
10:43:57,JSMR,RG,3270,2,D,CC,PD,D
10:43:45,JSMR,RG,3270,2,D,KK,BB,D
10:43:45,JSMR,RG,3270,11,D,KK,BK,F
10:43:45,JSMR,RG,3270,4,D,KK,PD,D
10:43:37,JSMR,RG,3260,7,D,OD,PD,D
10:43:27,JSMR,RG,3260,7,D,OD,PD,D
10:43:26,JSMR,RG,3270,3,D,YP,PD,D
10:43:26,JSMR,RG,3270,2,D,YP,PD,D
10:43:17,JSMR,RG,3260,7,D,OD,PD,D
10:43:07,JSMR,RG,3260,8,D,OD,PD,D
10:42:57,JSMR,RG,3260,7,D,OD,PD,D
10:42:47,JSMR,RG,3260,7,D,OD,PD,D
10:42:37,JSMR,RG,3260,8,D,OD,PD,D
10:42:27,JSMR,RG,3270,5,D,CC,PD,D
10:42:15,JSMR,RG,3270,9,D,CC,BK,F
10:42:15,JSMR,RG,3270,7,D,CC,PD,D
10:42:15,JSMR,RG,3270,4,D,CC,PD,D
10:42:07,JSMR,RG,3270,1,D,DR,PD,D
10:42:07,JSMR,RG,3270,3,D,CC,PD,D
10:41:57,JSMR,RG,3270,3,D,CC,PD,D
10:41:57,JSMR,RG,3270,3,D,DR,PD,D
10:41:57,JSMR,RG,3270,1,D,KZ,PD,D
10:41:47,JSMR,RG,3270,7,D,KZ,PD,D
10:41:31,JSMR,RG,3270,4,D,KZ,PD,D
10:41:31,JSMR,RG,3270,12,D,KZ,BK,F
10:41:31,JSMR,RG,3270,10,D,KZ,BK,F
10:41:31,JSMR,RG,3270,4,D,KZ,PD,D
10:41:31,JSMR,RG,3270,13,D,KZ,BB,D
10:41:27,JSMR,RG,3260,4,D,OD,PD,D
10:41:19,JSMR,RG,3270,5,D,CC,BB,D
10:41:17,JSMR,RG,3260,7,D,OD,PD,D
10:41:16,JSMR,RG,3270,1,D,KZ,BB,D
10:41:16,JSMR,RG,3270,4,D,KZ,PD,D
10:41:16,JSMR,RG,3270,6,D,KZ,BK,F
10:41:16,JSMR,RG,3270,13,D,KZ,BK,F
10:41:16,JSMR,RG,3270,5,D,KZ,BB,D
10:41:16,JSMR,RG,3270,17,D,KZ,BB,D
10:41:07,JSMR,RG,3260,1,D,OD,BB,D
10:41:07,JSMR,RG,3260,7,D,OD,PD,D
10:40:58,JSMR,RG,3270,5,D,TP,BB,D
10:40:57,JSMR,RG,3260,1,D,OD,BB,D
10:40:57,JSMR,RG,3260,8,D,OD,PD,D
10:40:49,JSMR,RG,3270,2,D,DR,BB,D
10:40:47,JSMR,RG,3260,3,D,OD,BB,D
10:40:47,JSMR,RG,3260,1,D,OD,BB,D
10:40:47,JSMR,RG,3260,1,D,OD,BB,D
10:40:47,JSMR,RG,3260,7,D,OD,PD,D
10:40:39,JSMR,RG,3270,16,D,CC,BB,D
10:40:39,JSMR,RG,3270,24,D,CC,BB,D
10:40:37,JSMR,RG,3260,1,D,OD,BB,D
10:40:37,JSMR,RG,3260,7,D,OD,PD,D
10:40:27,JSMR,RG,3260,2,D,OD,BB,D
10:40:27,JSMR,RG,3260,8,D,OD,PD,D
10:40:19,JSMR,RG,3260,5,D,OD,BB,D
10:40:17,JSMR,RG,3260,49,D,OD,PD,D
10:40:17,JSMR,RG,3260,7,D,OD,PD,D
10:40:08,JSMR,RG,3260,1,D,OD,BB,D
10:40:07,JSMR,RG,3260,1,D,OD,BB,D
10:40:07,JSMR,RG,3260,7,D,OD,PD,D
10:39:57,JSMR,RG,3260,6,D,OD,BB,D
10:39:57,JSMR,RG,3260,7,D,OD,PD,D
10:39:53,JSMR,RG,3270,60,D,YU,BB,D
10:39:47,JSMR,RG,3260,1,D,OD,BB,D
10:39:47,JSMR,RG,3260,2,D,OD,PD,D
10:39:47,JSMR,RG,3260,6,D,CC,PD,D
10:39:37,JSMR,RG,3260,2,D,CC,BB,D
10:39:37,JSMR,RG,3260,7,D,CC,PD,D
10:39:27,JSMR,RG,3260,7,D,CC,PD,D
10:39:17,JSMR,RG,3260,8,D,CC,PD,D
10:39:07,JSMR,RG,3260,1,D,OD,BB,D
10:39:07,JSMR,RG,3260,4,D,OD,PD,D
10:39:07,JSMR,RG,3260,1,D,NI,PD,D
10:39:07,JSMR,RG,3260,1,D,NI,PD,D
10:39:07,JSMR,RG,3260,1,D,KK,PD,D
10:38:57,JSMR,RG,3260,1,D,KK,BB,D
10:38:57,JSMR,RG,3260,7,D,KK,PD,D
10:38:47,JSMR,RG,3260,1,D,KK,BB,D
10:38:47,JSMR,RG,3260,8,D,KK,PD,D
10:38:37,JSMR,RG,3260,1,D,KK,BB,D
10:38:37,JSMR,RG,3260,6,D,KK,PD,D
10:38:37,JSMR,RG,3260,1,D,NI,PD,D
10:38:27,JSMR,RG,3260,2,D,KK,BB,D
10:38:27,JSMR,RG,3260,6,D,KK,PD,D
10:38:27,JSMR,RG,3260,1,D,XL,PD,D
10:38:21,JSMR,RG,3270,14,D,YP,BB,D
10:38:17,JSMR,RG,3260,2,D,XL,PD,D
10:38:17,JSMR,RG,3260,5,F,AG,PD,D
10:38:15,JSMR,RG,3260,1,F,AG,BB,D
10:38:07,JSMR,RG,3260,1,F,AG,BB,D
10:38:07,JSMR,RG,3260,8,F,AG,PD,D
10:37:57,JSMR,RG,3260,1,F,AG,BB,D
10:37:57,JSMR,RG,3260,4,F,AG,PD,D
10:37:57,JSMR,RG,3260,3,D,CC,PD,D
10:37:47,JSMR,RG,3260,1,D,CC,BB,D
10:37:47,JSMR,RG,3260,7,D,CC,PD,D
10:37:39,JSMR,RG,3270,1,D,CC,BB,D
10:37:37,JSMR,RG,3260,1,D,CC,PD,D
10:37:37,JSMR,RG,3260,2,D,NI,PD,D
10:37:37,JSMR,RG,3260,5,D,KZ,PD,D
10:37:27,JSMR,RG,3260,1,D,KZ,BB,D
10:37:27,JSMR,RG,3260,7,D,KZ,PD,D
10:37:17,JSMR,RG,3260,7,D,KZ,PD,D
10:37:09,JSMR,RG,3260,1,D,KZ,BB,D
10:37:07,JSMR,RG,3260,1,D,KZ,BB,D
10:37:07,JSMR,RG,3260,8,D,KZ,PD,D
10:36:57,JSMR,RG,3260,5,D,KZ,PD,D
10:36:57,JSMR,RG,3260,2,D,PD,PD,D
10:36:51,JSMR,RG,3260,1,D,PD,BB,D
10:36:47,JSMR,RG,3260,7,D,PD,PD,D
10:36:38,JSMR,RG,3260,1,D,PD,BB,D
10:36:37,JSMR,RG,3260,7,D,PD,PD,D
10:36:28,JSMR,RG,3260,1,D,PD,BB,D
10:36:27,JSMR,RG,3260,5,D,PD,PD,D
10:36:27,JSMR,RG,3260,1,D,PD,PD,D
10:36:27,JSMR,RG,3260,2,D,XC,PD,D
10:36:17,JSMR,RG,3260,6,D,XC,PD,D
10:36:17,JSMR,RG,3260,1,D,PD,PD,D
10:36:08,JSMR,RG,3260,1,D,PD,BB,D
10:36:07,JSMR,RG,3260,7,D,PD,PD,D
10:35:58,JSMR,RG,3260,1,D,PD,BB,D
10:35:58,JSMR,RG,3260,1,D,PD,BB,D
10:35:57,JSMR,RG,3260,8,D,PD,PD,D
10:35:47,JSMR,RG,3260,7,D,PD,PD,D
10:35:38,JSMR,RG,3260,1,D,PD,BB,D
10:35:37,JSMR,RG,3260,7,D,PD,PD,D
10:35:27,JSMR,RG,3260,8,D,PD,PD,D
10:35:23,JSMR,RG,3260,1,D,PD,BB,D
10:35:17,JSMR,RG,3260,7,D,PD,PD,D
10:35:07,JSMR,RG,3260,7,D,PD,PD,D
10:35:03,JSMR,RG,3260,1,D,PD,BB,D
10:34:58,JSMR,RG,3260,1,D,PD,BB,D
10:34:58,JSMR,RG,3260,1,D,PD,BB,D
10:34:57,JSMR,RG,3260,7,D,PD,PD,D
10:34:47,JSMR,RG,3260,8,D,PD,PD,D
10:34:37,JSMR,RG,3260,1,D,PD,BB,D
10:34:37,JSMR,RG,3260,7,D,PD,PD,D
10:34:27,JSMR,RG,3260,1,D,PD,BB,D
10:34:27,JSMR,RG,3260,7,D,PD,PD,D
10:34:17,JSMR,RG,3260,8,D,PD,PD,D
10:34:07,JSMR,RG,3260,1,D,PD,BB,D
10:34:07,JSMR,RG,3260,1,D,PD,BB,D
10:34:07,JSMR,RG,3260,7,D,PD,PD,D
10:33:57,JSMR,RG,3260,1,D,PD,BB,D
10:33:57,JSMR,RG,3260,7,D,PD,PD,D
10:33:47,JSMR,RG,3260,8,D,PD,PD,D
10:33:37,JSMR,RG,3260,1,D,PD,BB,D
10:33:37,JSMR,RG,3260,7,D,PD,PD,D
10:33:27,JSMR,RG,3260,7,D,PD,PD,D
10:33:17,JSMR,RG,3260,4,D,PD,BB,D
10:33:17,JSMR,RG,3260,1,D,PD,BB,D
10:33:17,JSMR,RG,3260,7,D,PD,PD,D
10:33:11,JSMR,RG,3260,1,D,PD,BB,D
10:33:11,JSMR,RG,3270,41,D,KZ,BB,D
10:33:07,JSMR,RG,3260,8,D,PD,PD,D
10:32:57,JSMR,RG,3260,7,D,PD,PD,D
10:32:53,JSMR,RG,3260,1,D,PD,BB,D
10:32:47,JSMR,RG,3260,1,D,PD,BB,D
10:32:47,JSMR,RG,3260,1,D,PD,BB,D
10:32:47,JSMR,RG,3260,7,D,PD,PD,D
10:32:37,JSMR,RG,3260,8,D,PD,PD,D
10:32:27,JSMR,RG,3260,7,D,PD,PD,D
10:32:20,JSMR,RG,3260,1,D,PD,BB,D
10:32:17,JSMR,RG,3260,7,D,PD,PD,D
10:32:07,JSMR,RG,3260,1,D,PD,BB,D
10:32:07,JSMR,RG,3260,4,D,PD,PD,D
10:31:57,JSMR,RG,3260,1,D,PD,BB,D
10:31:57,JSMR,RG,3260,7,D,PD,PD,D
10:31:54,JSMR,RG,3260,1,D,PD,BB,D
10:31:47,JSMR,RG,3260,5,D,PD,BB,D
10:31:47,JSMR,RG,3260,3,D,PD,PD,D
10:31:47,JSMR,RG,3260,4,D,SQ,PD,D
10:31:40,JSMR,RG,3260,1,D,SQ,BB,D
10:31:38,JSMR,RG,3260,5,D,SQ,BK,F
10:31:38,JSMR,RG,3260,1,D,YP,BK,F
10:31:38,JSMR,RG,3260,2,D,CC,BK,F
10:31:38,JSMR,RG,3260,6,D,CP,BK,F
10:31:38,JSMR,RG,3270,20,D,SQ,BB,D
10:31:38,JSMR,RG,3270,4,D,SQ,CC,D
10:31:38,JSMR,RG,3270,4,D,SQ,PD,D
10:31:38,JSMR,RG,3270,7,D,SQ,BK,F
10:31:37,JSMR,RG,3260,4,D,CP,PD,D
10:31:37,JSMR,RG,3260,3,D,YP,PD,D
10:31:27,JSMR,RG,3260,1,D,YP,BB,D
10:31:27,JSMR,RG,3260,8,D,YP,PD,D
10:31:17,JSMR,RG,3260,1,D,YP,BB,D
10:31:17,JSMR,RG,3260,7,D,YP,PD,D
10:31:13,JSMR,RG,3270,1,D,CC,BK,F
10:31:07,JSMR,RG,3260,5,D,YP,PD,D
10:31:07,JSMR,RG,3260,2,D,KK,PD,D
10:30:57,JSMR,RG,3260,2,D,KK,BB,D
10:30:57,JSMR,RG,3260,8,D,KK,PD,D
10:30:47,JSMR,RG,3260,1,D,KK,BB,D
10:30:47,JSMR,RG,3260,1,D,KK,BB,D
10:30:47,JSMR,RG,3260,7,D,KK,PD,D
10:30:40,JSMR,RG,3260,12,D,KK,BK,F
10:30:37,JSMR,RG,3260,1,D,KK,BB,D
10:30:37,JSMR,RG,3260,2,D,KK,KK,D
10:30:37,JSMR,RG,3260,7,D,KK,PD,D
10:30:27,JSMR,RG,3260,8,D,KK,PD,D
10:30:24,JSMR,RG,3270,1,D,KK,BK,F
10:30:17,JSMR,RG,3260,1,D,KK,BB,D
10:30:17,JSMR,RG,3260,7,D,KK,PD,D
10:30:07,JSMR,RG,3260,1,D,KK,BB,D
10:30:07,JSMR,RG,3260,7,D,KK,PD,D
10:29:57,JSMR,RG,3260,1,D,KK,BB,D
10:29:57,JSMR,RG,3260,7,D,KK,PD,D
10:29:47,JSMR,RG,3260,1,D,KK,BB,D
10:29:47,JSMR,RG,3260,8,D,KK,PD,D
10:29:37,JSMR,RG,3260,1,D,KK,BB,D
10:29:37,JSMR,RG,3260,7,D,KK,PD,D
10:29:28,JSMR,RG,3260,11,D,KK,BK,F
10:29:27,JSMR,RG,3260,1,D,KK,BB,D
10:29:27,JSMR,RG,3260,7,D,KK,PD,D
10:29:17,JSMR,RG,3260,1,D,KK,BB,D
10:29:17,JSMR,RG,3260,1,D,KK,BB,D
10:29:17,JSMR,RG,3260,1,D,KK,PD,D
10:29:17,JSMR,RG,3260,1,D,PD,PD,D
10:29:17,JSMR,RG,3260,1,D,NI,PD,D
10:29:17,JSMR,RG,3260,5,D,KZ,PD,D
10:29:07,JSMR,RG,3260,7,D,KZ,PD,D
10:28:57,JSMR,RG,3260,1,D,KZ,BB,D
10:28:57,JSMR,RG,3260,7,D,KZ,PD,D
10:28:47,JSMR,RG,3260,1,D,KZ,BB,D
10:28:47,JSMR,RG,3260,8,D,KZ,PD,D
10:28:37,JSMR,RG,3260,7,D,KZ,PD,D
10:28:27,JSMR,RG,3260,1,D,KZ,BB,D
10:28:27,JSMR,RG,3260,2,D,KZ,BB,D
10:28:27,JSMR,RG,3260,2,D,KZ,PD,D
10:28:27,JSMR,RG,3260,1,D,XC,PD,D
10:28:27,JSMR,RG,3260,1,D,YP,PD,D
10:28:27,JSMR,RG,3260,1,D,XC,PD,D
10:28:27,JSMR,RG,3260,2,D,KK,PD,D
10:28:19,JSMR,RG,3260,15,D,KK,BK,F
10:28:17,JSMR,RG,3260,1,D,KK,BB,D
10:28:17,JSMR,RG,3260,7,D,KK,PD,D
10:28:07,JSMR,RG,3260,8,D,KK,PD,D
10:28:04,JSMR,RG,3260,1,D,KK,BB,D
10:27:57,JSMR,RG,3260,7,D,KK,PD,D
10:27:47,JSMR,RG,3260,1,D,KK,BB,D
10:27:47,JSMR,RG,3260,7,D,KK,PD,D
10:27:37,JSMR,RG,3260,1,D,KK,BB,D
10:27:37,JSMR,RG,3260,1,D,YU,BB,D
10:27:37,JSMR,RG,3260,1,D,YU,BB,D
10:27:37,JSMR,RG,3260,8,D,YU,PD,D
10:27:30,JSMR,RG,3260,10,D,YU,BK,F
10:27:27,JSMR,RG,3260,7,D,YU,PD,D
10:27:17,JSMR,RG,3260,1,D,YU,BB,D
10:27:17,JSMR,RG,3260,2,D,YU,PD,D
10:27:17,JSMR,RG,3260,5,D,YP,PD,D
10:27:07,JSMR,RG,3260,1,D,YP,BB,D
10:27:07,JSMR,RG,3260,8,D,YP,PD,D
10:26:57,JSMR,RG,3260,1,D,YP,BB,D
10:26:57,JSMR,RG,3260,5,D,YP,PD,D
10:26:57,JSMR,RG,3260,2,D,YP,PD,D
10:26:47,JSMR,RG,3260,1,D,KK,BB,D
10:26:47,JSMR,RG,3260,7,D,KK,PD,D
10:26:41,JSMR,RG,3260,1,D,KK,BB,D
10:26:40,JSMR,RG,3260,10,D,KK,BK,F
10:26:37,JSMR,RG,3260,6,D,KK,PD,D
10:26:37,JSMR,RG,3260,1,D,PD,PD,D
10:26:27,JSMR,RG,3260,1,D,KK,BB,D
10:26:27,JSMR,RG,3260,8,D,KK,PD,D
10:26:17,JSMR,RG,3260,1,D,KK,BB,D
10:26:17,JSMR,RG,3260,7,D,KK,PD,D
10:26:07,JSMR,RG,3260,7,D,KK,PD,D
10:25:58,JSMR,RG,3260,1,D,KK,BB,D
10:25:57,JSMR,RG,3260,1,D,FS,BB,D
10:25:57,JSMR,RG,3260,8,D,FS,PD,D
10:25:48,JSMR,RG,3260,1,D,FS,BB,D
10:25:47,JSMR,RG,3260,7,D,FS,PD,D
10:25:37,JSMR,RG,3260,7,D,FS,PD,D
10:25:28,JSMR,RG,3260,1,D,FS,BB,D
10:25:27,JSMR,RG,3260,8,D,FS,PD,D
10:25:18,JSMR,RG,3260,1,D,FS,BB,D
10:25:18,JSMR,RG,3260,1,D,FS,BB,D
10:25:17,JSMR,RG,3260,7,D,FS,PD,D
10:25:08,JSMR,RG,3260,2,D,FS,BB,D
10:25:07,JSMR,RG,3260,7,D,FS,PD,D
10:25:01,JSMR,RG,3260,19,D,FS,BK,F
10:24:58,JSMR,RG,3260,1,D,FS,BB,D
10:24:57,JSMR,RG,3260,8,D,FS,PD,D
10:24:47,JSMR,RG,3260,7,D,FS,PD,D
10:24:38,JSMR,RG,3260,1,D,FS,BB,D
10:24:37,JSMR,RG,3260,7,D,FS,PD,D
10:24:28,JSMR,RG,3260,1,D,FS,BB,D
10:24:27,JSMR,RG,3260,5,D,FS,PD,D
10:24:27,JSMR,RG,3260,2,D,YB,PD,D
10:24:18,JSMR,RG,3260,1,D,YB,BB,D
10:24:17,JSMR,RG,3260,8,D,YB,PD,D
10:24:08,JSMR,RG,3260,2,D,YB,BB,D
10:24:07,JSMR,RG,3260,2,D,YB,PD,D
10:24:07,JSMR,RG,3260,5,D,YP,PD,D
10:24:02,JSMR,RG,3260,1,D,PD,BK,F
10:24:02,JSMR,RG,3260,12,D,KZ,BK,F
10:23:57,JSMR,RG,3260,7,D,KZ,PD,D
10:23:57,JSMR,RG,3260,1,D,KZ,BB,D
10:23:47,JSMR,RG,3260,3,D,KZ,PD,D
10:23:47,JSMR,RG,3260,5,D,XC,PD,D
10:23:37,JSMR,RG,3260,1,D,XC,BB,D
10:23:37,JSMR,RG,3260,7,D,XC,PD,D
10:23:30,JSMR,RG,3260,1,D,XC,BB,D
10:23:27,JSMR,RG,3260,1,D,XC,BB,D
10:23:27,JSMR,RG,3260,7,D,XC,PD,D
10:23:17,JSMR,RG,3260,8,D,XC,PD,D
10:23:07,JSMR,RG,3260,1,D,XC,BB,D
10:23:07,JSMR,RG,3260,5,D,YP,PD,D
10:23:07,JSMR,RG,3260,1,D,XC,PD,D
10:23:07,JSMR,RG,3260,1,D,NI,PD,D
10:22:57,JSMR,RG,3260,1,D,NI,BB,D
10:22:57,JSMR,RG,3260,2,D,CC,PD,D
10:22:57,JSMR,RG,3260,5,D,YP,PD,D
10:22:55,JSMR,RG,3260,1,D,YP,BB,D
10:22:54,JSMR,RG,3260,3,D,YP,YU,D
10:22:47,JSMR,RG,3260,1,D,YP,BB,D
10:22:47,JSMR,RG,3260,1,D,YP,BB,D
10:22:47,JSMR,RG,3260,7,D,YP,PD,D
10:22:39,JSMR,RG,3260,12,D,YP,BK,F
10:22:39,JSMR,RG,3260,1,D,YP,BK,F
10:22:39,JSMR,RG,3260,3,D,DH,BK,F
10:22:37,JSMR,RG,3260,1,D,DH,BB,D
10:22:37,JSMR,RG,3260,1,D,CC,PD,D
10:22:37,JSMR,RG,3260,7,D,TP,PD,D
10:22:27,JSMR,RG,3260,7,D,TP,PD,D
10:22:17,JSMR,RG,3260,1,D,TP,BB,D
10:22:16,JSMR,RG,3260,7,D,TP,PD,D
10:22:07,JSMR,RG,3260,1,D,TP,BB,D
10:22:07,JSMR,RG,3260,8,D,TP,PD,D
10:21:57,JSMR,RG,3260,7,D,TP,PD,D
10:21:54,JSMR,RG,3260,1,D,TP,BB,D
10:21:54,JSMR,RG,3260,1,D,TP,BB,D
10:21:46,JSMR,RG,3260,7,D,TP,PD,D
10:21:37,JSMR,RG,3260,1,D,TP,BB,D
10:21:36,JSMR,RG,3260,8,D,TP,PD,D
10:21:27,JSMR,RG,3260,7,D,TP,PD,D
10:21:17,JSMR,RG,3260,1,D,TP,BB,D
10:21:17,JSMR,RG,3260,7,D,TP,PD,D
10:21:07,JSMR,RG,3260,1,D,TP,BB,D
10:21:07,JSMR,RG,3260,7,D,TP,PD,D
10:20:57,JSMR,RG,3260,1,D,TP,BB,D
10:20:57,JSMR,RG,3260,8,D,TP,PD,D
10:20:51,JSMR,RG,3260,1,D,TP,BB,D
10:20:51,JSMR,RG,3270,10,D,PD,BK,F
10:20:47,JSMR,RG,3260,7,D,TP,PD,D
10:20:40,JSMR,RG,3260,1,D,TP,BB,D
10:20:37,JSMR,RG,3260,3,D,TP,BB,D
10:20:37,JSMR,RG,3260,1,F,CC,BB,D
10:20:37,JSMR,RG,3260,7,F,CC,PD,D
10:20:30,JSMR,RG,3260,4,F,CC,BB,D
10:20:30,JSMR,RG,3260,23,D,KZ,BB,D
10:20:27,JSMR,RG,3260,7,D,KZ,PD,D
10:20:27,JSMR,RG,3260,1,D,NI,PD,D
10:20:22,JSMR,RG,3260,30,D,BQ,YP,D
10:20:22,JSMR,RG,3260,10,D,YP,YP,D
10:20:22,JSMR,RG,3260,1,D,ID,YP,D
10:20:22,JSMR,RG,3260,25,D,KK,YP,D
10:20:22,JSMR,RG,3260,5,D,YP,YP,D
10:20:22,JSMR,RG,3260,79,D,OD,YP,D
10:20:22,JSMR,RG,3260,3,D,OD,BB,D
10:20:19,JSMR,RG,3260,1,D,OD,BB,D
10:20:18,JSMR,RG,3260,117,D,OD,YP,D
10:20:18,JSMR,RG,3260,30,D,YP,YP,D
10:20:18,JSMR,RG,3260,3,D,KK,YP,D
10:20:16,JSMR,RG,3260,7,D,KK,PD,D
10:20:07,JSMR,RG,3260,1,D,KK,BB,D
10:20:07,JSMR,RG,3260,7,D,KK,PD,D
10:19:57,JSMR,RG,3260,4,D,KK,BB,D
10:19:57,JSMR,RG,3260,2,D,KK,BB,D
10:19:57,JSMR,RG,3260,1,D,KK,PD,D
10:19:57,JSMR,RG,3260,3,D,LG,PD,D
10:19:57,JSMR,RG,3260,4,D,KZ,PD,D
10:19:47,JSMR,RG,3260,25,D,KZ,YP,D
10:19:47,JSMR,RG,3260,45,D,CC,YP,D
10:19:46,JSMR,RG,3260,7,D,CC,PD,D
10:19:37,JSMR,RG,3260,7,D,CC,PD,D
10:19:26,JSMR,RG,3260,7,D,CC,PD,D
10:19:16,JSMR,RG,3260,8,D,CC,PD,D
10:19:06,JSMR,RG,3260,7,D,CC,PD,D
10:18:57,JSMR,RG,3260,1,D,CC,BB,D
10:18:57,JSMR,RG,3260,7,D,CC,PD,D
10:18:46,JSMR,RG,3260,8,D,CC,PD,D
10:18:37,JSMR,RG,3260,7,D,CC,PD,D
10:18:26,JSMR,RG,3260,7,D,CC,PD,D
10:18:21,JSMR,RG,3260,10,D,CC,PD,D
10:18:16,JSMR,RG,3260,8,D,CC,PD,D
10:18:07,JSMR,RG,3260,1,D,CC,BB,D
10:18:07,JSMR,RG,3260,7,D,CC,PD,D
10:17:56,JSMR,RG,3260,7,D,CC,PD,D
10:17:46,JSMR,RG,3260,7,D,CC,PD,D
10:17:37,JSMR,RG,3260,8,D,CC,PD,D
10:17:27,JSMR,RG,3260,7,D,CC,PD,D
10:17:16,JSMR,RG,3260,7,D,CC,PD,D
10:17:06,JSMR,RG,3260,4,D,CC,PD,D
10:17:03,JSMR,RG,3260,1,D,CC,BB,D
10:17:01,JSMR,RG,3270,11,D,KZ,BK,F
10:17:01,JSMR,RG,3270,2,D,KZ,OD,D
10:17:01,JSMR,RG,3270,16,D,KZ,BB,D
10:17:01,JSMR,RG,3270,2,D,KZ,PD,D
10:16:57,JSMR,RG,3260,7,D,CC,PD,D
10:16:47,JSMR,RG,3260,1,D,CC,BB,D
10:16:47,JSMR,RG,3260,1,D,CC,BB,D
10:16:46,JSMR,RG,3260,7,D,CC,PD,D
10:16:36,JSMR,RG,3260,8,D,CC,PD,D
10:16:33,JSMR,RG,3260,1,D,CC,BB,D
10:16:27,JSMR,RG,3260,10,D,CC,BB,D
10:16:27,JSMR,RG,3260,2,D,CC,BB,D
10:16:26,JSMR,RG,3260,7,D,CC,PD,D
10:16:16,JSMR,RG,3260,7,D,CC,PD,D
10:16:16,JSMR,RG,3260,96,D,CC,SQ,D
10:16:16,JSMR,RG,3260,3,D,XC,SQ,D
10:16:16,JSMR,RG,3260,1,D,CC,SQ,D
10:16:16,JSMR,RG,3260,1,D,PD,SQ,D
10:16:16,JSMR,RG,3260,3,D,CC,SQ,D
10:16:07,JSMR,RG,3260,1,F,AK,BB,D
10:16:07,JSMR,RG,3260,7,F,AK,PD,D
10:15:57,JSMR,RG,3260,1,F,AK,BB,D
10:15:57,JSMR,RG,3260,8,F,AK,PD,D
10:15:47,JSMR,RG,3260,1,F,AK,BB,D
10:15:46,JSMR,RG,3260,1,D,SQ,PD,D
10:15:46,JSMR,RG,3260,1,D,XC,PD,D
10:15:46,JSMR,RG,3260,5,D,YP,PD,D
10:15:37,JSMR,RG,3260,1,D,YP,BB,D
10:15:36,JSMR,RG,3260,7,D,YP,PD,D
10:15:27,JSMR,RG,3260,1,D,XC,BB,D
10:15:27,JSMR,RG,3260,8,D,XC,PD,D
10:15:16,JSMR,RG,3260,7,D,XC,PD,D
10:15:07,JSMR,RG,3260,1,D,XC,BB,D
10:15:06,JSMR,RG,3260,7,D,XC,PD,D
10:14:57,JSMR,RG,3260,1,D,XC,BB,D
10:14:56,JSMR,RG,3260,8,D,XC,PD,D
10:14:47,JSMR,RG,3260,1,D,XC,BB,D
10:14:46,JSMR,RG,3260,7,D,XC,PD,D
10:14:37,JSMR,RG,3260,1,D,XC,BB,D
10:14:36,JSMR,RG,3260,7,D,XC,PD,D
10:14:26,JSMR,RG,3260,7,D,XC,PD,D
10:14:18,JSMR,RG,3260,1,D,XC,BB,D
10:14:16,JSMR,RG,3260,8,D,XC,PD,D
10:14:08,JSMR,RG,3260,1,D,XC,BB,D
10:14:06,JSMR,RG,3260,4,D,XC,PD,D
10:14:06,JSMR,RG,3260,3,D,PD,PD,D
10:13:56,JSMR,RG,3260,2,D,PD,PD,D
10:13:56,JSMR,RG,3260,1,D,OD,PD,D
10:13:56,JSMR,RG,3260,4,D,DR,PD,D
10:13:48,JSMR,RG,3260,1,D,YP,BB,D
10:13:46,JSMR,RG,3260,8,D,YP,PD,D
10:13:38,JSMR,RG,3260,1,D,YP,BB,D
10:13:36,JSMR,RG,3260,7,D,YP,PD,D
10:13:26,JSMR,RG,3260,7,D,YP,PD,D
10:13:17,JSMR,RG,3260,1,D,YP,BB,D
10:13:16,JSMR,RG,3260,8,D,YP,PD,D
10:13:07,JSMR,RG,3260,1,D,YP,BB,D
10:13:06,JSMR,RG,3260,1,D,YP,PD,D
10:13:06,JSMR,RG,3260,2,D,CC,PD,D
10:13:06,JSMR,RG,3260,1,D,DH,PD,D
10:13:06,JSMR,RG,3260,1,D,PD,PD,D
10:13:06,JSMR,RG,3260,1,D,CC,PD,D
10:13:06,JSMR,RG,3260,1,D,CC,PD,D
10:12:56,JSMR,RG,3260,7,D,CC,PD,D
10:12:47,JSMR,RG,3260,1,D,CC,BB,D
10:12:46,JSMR,RG,3260,7,D,CC,PD,D
10:12:39,JSMR,RG,3270,1,D,YU,PD,D
10:12:36,JSMR,RG,3260,8,D,CC,PD,D
10:12:35,JSMR,RG,3260,1,D,CC,BB,D
10:12:26,JSMR,RG,3260,7,D,CC,PD,D
10:12:16,JSMR,RG,3260,3,D,CC,PD,D
10:12:16,JSMR,RG,3260,1,D,CC,BB,D
10:12:16,JSMR,RG,3270,2,D,KK,PD,D
10:12:06,JSMR,RG,3260,8,D,CC,PD,D
10:11:57,JSMR,RG,3260,1,D,CC,BB,D
10:11:56,JSMR,RG,3260,5,D,CC,PD,D
10:11:56,JSMR,RG,3260,2,D,CC,PD,D
10:11:50,JSMR,RG,3270,2,D,XC,PD,D
10:11:50,JSMR,RG,3270,1,D,XC,GR,D
10:11:50,JSMR,RG,3270,2,D,XC,BB,D
10:11:46,JSMR,RG,3260,7,D,CC,PD,D
10:11:39,JSMR,RG,3260,2,D,CC,BB,D
10:11:39,JSMR,RG,3270,1,D,XC,BB,D
10:11:36,JSMR,RG,3260,8,D,CC,PD,D
10:11:26,JSMR,RG,3260,7,D,CC,PD,D
10:11:17,JSMR,RG,3260,1,D,CC,BB,D
10:11:16,JSMR,RG,3260,3,D,CC,PD,D
10:11:16,JSMR,RG,3260,4,D,YP,PD,D
10:11:06,JSMR,RG,3260,1,D,YP,PD,D
10:11:06,JSMR,RG,3260,1,D,ZP,PD,D
10:11:06,JSMR,RG,3260,5,D,PD,PD,D
10:11:03,JSMR,RG,3260,1,D,PD,BB,D
10:11:02,JSMR,RG,3270,1,D,XL,BK,F
10:10:56,JSMR,RG,3260,8,D,PD,PD,D
10:10:46,JSMR,RG,3260,7,D,PD,PD,D
10:10:45,JSMR,RG,3260,1,D,PD,BB,D
10:10:37,JSMR,RG,3260,1,D,PD,BB,D
10:10:36,JSMR,RG,3260,7,D,PD,PD,D
10:10:34,JSMR,RG,3260,1,D,PD,BB,D
10:10:26,JSMR,RG,3260,8,D,PD,PD,D
10:10:20,JSMR,RG,3260,1,D,PD,BB,D
10:10:16,JSMR,RG,3260,7,D,PD,PD,D
10:10:07,JSMR,RG,3260,1,D,PD,BB,D
10:10:06,JSMR,RG,3260,7,D,PD,PD,D
10:09:56,JSMR,RG,3260,8,D,PD,PD,D
10:09:47,JSMR,RG,3260,1,D,PD,BB,D
10:09:46,JSMR,RG,3260,7,D,PD,PD,D
10:09:36,JSMR,RG,3260,7,D,PD,PD,D
10:09:35,JSMR,RG,3260,1,D,PD,BB,D
10:09:35,JSMR,RG,3260,1,D,PD,BB,D
10:09:26,JSMR,RG,3260,7,D,PD,PD,D
10:09:17,JSMR,RG,3260,1,D,PD,BB,D
10:09:16,JSMR,RG,3260,8,D,PD,PD,D
10:09:07,JSMR,RG,3260,1,D,PD,BB,D
10:09:06,JSMR,RG,3260,7,D,PD,PD,D
10:08:56,JSMR,RG,3260,7,D,PD,PD,D
10:08:47,JSMR,RG,3260,1,D,LS,BB,D
10:08:46,JSMR,RG,3260,8,D,LS,PD,D
10:08:37,JSMR,RG,3260,1,D,LS,BB,D
10:08:37,JSMR,RG,3260,1,D,LS,BB,D
10:08:36,JSMR,RG,3260,7,D,LS,PD,D
10:08:26,JSMR,RG,3260,7,D,LS,PD,D
10:08:16,JSMR,RG,3260,8,D,LS,PD,D
10:08:12,JSMR,RG,3260,1,D,LS,BB,D
10:08:06,JSMR,RG,3260,7,D,LS,PD,D
10:08:01,JSMR,RG,3260,1,D,LS,BB,D
10:07:56,JSMR,RG,3260,7,D,LS,PD,D
10:07:47,JSMR,RG,3260,1,D,LS,BB,D
10:07:47,JSMR,RG,3260,3,D,LS,BB,D
10:07:46,JSMR,RG,3260,8,D,LS,PD,D
10:07:40,JSMR,RG,3270,20,D,AG,BK,F
10:07:36,JSMR,RG,3260,7,D,LS,PD,D
10:07:27,JSMR,RG,3260,1,D,LS,BB,D
10:07:26,JSMR,RG,3260,7,D,LS,PD,D
10:07:17,JSMR,RG,3260,1,D,LS,BB,D
10:07:16,JSMR,RG,3260,7,D,KZ,PD,D
10:07:06,JSMR,RG,3260,8,D,KZ,PD,D
10:07:04,JSMR,RG,3260,1,D,KZ,BB,D
10:07:01,JSMR,RG,3260,1,D,KZ,BB,D
10:07:00,JSMR,RG,3260,4,D,KZ,XC,D
10:06:56,JSMR,RG,3260,7,D,KZ,PD,D
10:06:47,JSMR,RG,3260,1,D,KZ,BB,D
10:06:46,JSMR,RG,3260,7,D,KZ,PD,D
10:06:37,JSMR,RG,3260,1,D,KZ,BB,D
10:06:36,JSMR,RG,3260,8,D,KZ,PD,D
10:06:28,JSMR,RG,3260,6,D,KZ,CC,D
10:06:27,JSMR,RG,3260,1,D,KZ,BB,D
10:06:26,JSMR,RG,3260,7,D,KZ,PD,D
10:06:17,JSMR,RG,3260,1,D,KZ,BB,D
10:06:17,JSMR,RG,3260,1,D,KZ,BB,D
10:06:16,JSMR,RG,3260,7,D,KZ,PD,D
10:06:06,JSMR,RG,3260,4,D,KZ,PD,D
10:06:06,JSMR,RG,3260,2,D,YP,PD,D
10:06:06,JSMR,RG,3260,2,D,CC,PD,D
10:05:57,JSMR,RG,3260,1,D,CC,BB,D
10:05:56,JSMR,RG,3260,7,D,CC,PD,D
10:05:47,JSMR,RG,3260,2,D,CC,BB,D
10:05:46,JSMR,RG,3260,7,D,CC,PD,D
10:05:37,JSMR,RG,3260,1,D,CC,BB,D
10:05:36,JSMR,RG,3260,7,D,YP,PD,D
10:05:36,JSMR,RG,3260,1,D,YP,BB,D
10:05:35,JSMR,RG,3260,2,D,YP,NI,D
10:05:35,JSMR,RG,3260,1,D,PD,NI,D
10:05:35,JSMR,RG,3260,5,D,KK,NI,D
10:05:35,JSMR,RG,3260,2,D,XL,NI,D
10:05:35,JSMR,RG,3260,3,D,CC,NI,D
10:05:35,JSMR,RG,3260,1,D,YP,NI,D
10:05:35,JSMR,RG,3260,1,D,YP,NI,D
10:05:35,JSMR,RG,3260,5,D,KZ,NI,D
10:05:27,JSMR,RG,3260,1,D,KZ,BB,D
10:05:26,JSMR,RG,3260,8,D,KZ,PD,D
10:05:17,JSMR,RG,3260,1,D,KZ,BB,D
10:05:16,JSMR,RG,3260,7,D,KZ,PD,D
10:05:11,JSMR,RG,3260,13,D,KZ,BK,F
10:05:07,JSMR,RG,3260,1,D,KZ,BB,D
10:05:07,JSMR,RG,3260,4,D,KZ,BB,D
10:05:06,JSMR,RG,3260,7,D,KZ,PD,D
10:04:57,JSMR,RG,3260,1,D,KZ,BB,D
10:04:56,JSMR,RG,3260,8,D,KZ,PD,D
10:04:56,JSMR,RG,3270,3,D,KZ,BK,F
10:04:56,JSMR,RG,3270,30,D,KZ,OD,D
10:04:47,JSMR,RG,3260,1,D,CC,BB,D
10:04:46,JSMR,RG,3260,7,D,CC,PD,D
10:04:37,JSMR,RG,3260,1,D,CC,BB,D
10:04:36,JSMR,RG,3260,1,D,CC,PD,D
10:04:36,JSMR,RG,3260,5,D,DR,PD,D
10:04:36,JSMR,RG,3260,1,D,YP,PD,D
10:04:27,JSMR,RG,3260,1,D,YP,BB,D
10:04:26,JSMR,RG,3260,3,D,YP,PD,D
10:04:26,JSMR,RG,3260,2,D,XC,PD,D
10:04:26,JSMR,RG,3260,2,D,PD,PD,D
10:04:26,JSMR,RG,3260,1,D,DH,PD,D
10:04:17,JSMR,RG,3260,2,D,DH,BB,D
10:04:16,JSMR,RG,3260,2,D,DH,PD,D
10:04:16,JSMR,RG,3260,5,D,GR,PD,D
10:04:12,JSMR,RG,3260,7,D,GR,BK,F
10:04:12,JSMR,RG,3260,1,D,KK,BK,F
10:04:12,JSMR,RG,3260,8,D,AZ,BK,F
10:04:06,JSMR,RG,3260,7,D,AZ,PD,D
10:03:57,JSMR,RG,3260,1,D,AZ,BB,D
10:03:57,JSMR,RG,3260,1,D,AZ,BB,D
10:03:56,JSMR,RG,3260,7,D,AZ,PD,D
10:03:47,JSMR,RG,3260,1,D,AZ,BB,D
10:03:46,JSMR,RG,3260,8,D,AZ,PD,D
10:03:36,JSMR,RG,3260,7,D,AZ,PD,D
10:03:26,JSMR,RG,3260,1,D,AZ,BB,D
10:03:26,JSMR,RG,3260,3,D,AZ,BB,D
10:03:26,JSMR,RG,3260,6,D,AZ,PD,D
10:03:26,JSMR,RG,3260,1,D,SQ,PD,D
10:03:16,JSMR,RG,3260,8,D,SQ,PD,D
10:03:16,JSMR,RG,3260,20,D,SQ,CC,D
10:03:06,JSMR,RG,3260,1,D,SQ,BB,D
10:03:06,JSMR,RG,3260,7,D,SQ,PD,D
10:02:56,JSMR,RG,3260,2,D,SQ,BB,D
10:02:56,JSMR,RG,3260,6,D,SQ,PD,D
10:02:56,JSMR,RG,3260,1,D,CC,PD,D
10:02:46,JSMR,RG,3260,1,D,CC,PD,D
10:02:46,JSMR,RG,3260,1,D,YP,PD,D
10:02:46,JSMR,RG,3260,5,D,YP,PD,D
10:02:46,JSMR,RG,3260,1,D,AZ,PD,D
10:02:42,JSMR,RG,3260,10,D,AZ,YP,D
10:02:36,JSMR,RG,3260,3,D,AZ,BB,D
10:02:36,JSMR,RG,3260,1,D,AZ,BB,D
10:02:36,JSMR,RG,3260,7,D,AZ,PD,D
10:02:26,JSMR,RG,3260,9,D,AZ,BB,D
10:02:26,JSMR,RG,3260,7,D,AZ,PD,D
10:02:23,JSMR,RG,3260,62,D,AZ,SQ,D
10:02:23,JSMR,RG,3260,5,D,PD,SQ,D
10:02:23,JSMR,RG,3260,33,D,DX,SQ,D
10:02:16,JSMR,RG,3260,1,D,DX,BB,D
10:02:16,JSMR,RG,3260,7,D,DX,PD,D
10:02:06,JSMR,RG,3260,1,D,DX,BB,D
10:02:06,JSMR,RG,3260,8,D,DX,PD,D
10:01:56,JSMR,RG,3260,7,D,DX,PD,D
10:01:46,JSMR,RG,3260,1,D,DX,BB,D
10:01:46,JSMR,RG,3260,1,D,DX,BB,D
10:01:46,JSMR,RG,3260,7,D,DX,PD,D
10:01:36,JSMR,RG,3260,1,D,DX,BB,D
10:01:36,JSMR,RG,3260,8,D,DX,PD,D
10:01:26,JSMR,RG,3260,7,D,DX,PD,D
10:01:16,JSMR,RG,3260,1,D,DX,BB,D
10:01:16,JSMR,RG,3260,7,D,DX,PD,D
10:01:06,JSMR,RG,3260,1,D,DX,BB,D
10:01:06,JSMR,RG,3260,8,D,DX,PD,D
10:00:51,JSMR,RG,3270,5,D,KZ,AK,F
10:00:51,JSMR,RG,3270,1,D,KZ,XC,D
10:00:51,JSMR,RG,3270,7,D,KZ,PD,D
10:00:51,JSMR,RG,3270,3,D,KZ,BB,D
10:00:51,JSMR,RG,3270,10,D,KZ,BK,F
10:00:46,JSMR,RG,3260,7,D,DX,PD,D
10:00:36,JSMR,RG,3260,1,D,DX,BB,D
10:00:36,JSMR,RG,3260,7,D,DX,PD,D
10:00:26,JSMR,RG,3260,1,D,DX,BB,D
10:00:26,JSMR,RG,3260,8,D,DX,PD,D
10:00:16,JSMR,RG,3260,7,D,DX,PD,D
10:00:06,JSMR,RG,3260,7,D,DX,PD,D
10:00:00,JSMR,RG,3260,1,D,DX,BB,D
10:00:00,JSMR,RG,3260,1,D,DX,BB,D
9:59:56,JSMR,RG,3260,8,D,DX,PD,D
9:59:48,JSMR,RG,3260,1,D,DX,BB,D
9:59:46,JSMR,RG,3260,7,D,DX,PD,D
9:59:37,JSMR,RG,3260,1,D,DX,BB,D
9:59:36,JSMR,RG,3260,7,D,DX,PD,D
9:59:26,JSMR,RG,3260,8,D,DX,PD,D
9:59:16,JSMR,RG,3260,1,D,DX,BB,D
9:59:16,JSMR,RG,3260,7,D,DX,PD,D
9:59:15,JSMR,RG,3270,1,D,PD,BK,F
9:59:06,JSMR,RG,3260,7,D,DX,PD,D
9:59:01,JSMR,RG,3260,1,D,DX,BB,D
9:58:57,JSMR,RG,3260,1,D,DX,BB,D
9:58:56,JSMR,RG,3260,7,D,DX,PD,D
9:58:47,JSMR,RG,3260,1,D,DX,BB,D
9:58:46,JSMR,RG,3260,1,D,DX,XC,D
9:58:46,JSMR,RG,3260,8,D,DX,PD,D
9:58:37,JSMR,RG,3260,1,D,DX,BB,D
9:58:36,JSMR,RG,3260,7,D,DX,PD,D
9:58:26,JSMR,RG,3260,7,D,DX,PD,D
9:58:17,JSMR,RG,3260,1,D,DX,BB,D
9:58:16,JSMR,RG,3260,8,D,DX,PD,D
9:58:06,JSMR,RG,3260,7,D,DX,PD,D
9:57:57,JSMR,RG,3260,1,D,DX,BB,D
9:57:56,JSMR,RG,3260,7,D,DX,PD,D
9:57:53,JSMR,RG,3260,1,D,DX,BB,D
9:57:47,JSMR,RG,3260,1,D,DX,BB,D
9:57:46,JSMR,RG,3260,4,D,DX,PD,D
