Time,Stock,Brd,Price,Qty,BT,BC,SC,ST
15:14:51,JSMR,RG,3470,15,D,CC,OD,D
15:13:09,JSMR,RG,3470,1,D,PD,PD,D
15:12:56,JSMR,RG,3470,100,D,TP,PD,D
15:12:02,JSMR,RG,3470,2,D,EP,PD,D
15:10:44,JSMR,RG,3470,20,D,NI,PD,D
15:10:14,JSMR,RG,3470,1,D,IF,PD,D
15:08:54,JSMR,RG,3470,5,D,YP,PD,D
15:07:06,JSMR,RG,3470,10,D,LG,PD,D
15:04:22,JSMR,RG,3470,10,D,DR,PD,D
15:03:42,JSMR,RG,3470,50,D,YB,PD,D
15:03:36,JSMR,RG,3470,50,D,YP,PD,D
15:03:14,JSMR,RG,3470,4,D,XL,PD,D
15:03:03,JSMR,RG,3470,40,D,YP,PD,D
15:02:26,JSMR,RG,3470,1,D,CC,PD,D
15:01:27,JSMR,RG,3470,1,D,HP,PD,D
15:00:00,JSMR,RG,3470,1,D,YP,PD,D
15:00:00,JSMR,RG,3470,50,D,OD,PD,D
15:00:00,JSMR,RG,3470,30,D,YP,PD,D
15:00:00,JSMR,RG,3470,10,D,KK,PD,D
15:00:00,JSMR,RG,3470,5,D,OD,PD,D
15:00:00,JSMR,RG,3470,1,D,KK,PD,D
15:00:00,JSMR,RG,3470,10,D,CC,PD,D
15:00:00,JSMR,RG,3470,10,D,CC,PD,D
15:00:00,JSMR,RG,3470,1,D,GR,PD,D
15:00:00,JSMR,RG,3470,1,D,YP,PD,D
15:00:00,JSMR,RG,3470,1,D,NI,PD,D
15:00:00,JSMR,RG,3470,40,D,CC,PD,D
15:00:00,JSMR,RG,3470,1,D,YP,PD,D
15:00:00,JSMR,RG,3470,40,D,PD,PD,D
15:00:00,JSMR,RG,3470,10,D,PD,LS,D
15:00:00,JSMR,RG,3470,1,D,YP,LS,D
15:00:00,JSMR,RG,3470,1,D,YP,LS,D
15:00:00,JSMR,RG,3470,1,D,YP,LS,D
15:00:00,JSMR,RG,3470,1,D,NI,LS,D
15:00:00,JSMR,RG,3470,1,D,YP,LS,D
15:00:00,JSMR,RG,3470,35,F,BK,LS,D
15:00:00,JSMR,RG,3470,13,F,BK,YJ,D
15:00:00,JSMR,RG,3470,1,D,YP,YJ,D
15:00:00,JSMR,RG,3470,1,D,YP,YJ,D
15:00:00,JSMR,RG,3470,35,F,BK,YJ,D
15:00:00,JSMR,RG,3470,81,F,BK,NI,D
15:00:00,JSMR,RG,3470,20,F,BK,XA,D
15:00:00,JSMR,RG,3470,61,F,BK,AI,D
15:00:00,JSMR,RG,3470,139,F,BK,AI,D
15:00:00,JSMR,RG,3470,2,F,BK,HP,D
15:00:00,JSMR,RG,3470,1,F,BK,PD,D
15:00:00,JSMR,RG,3470,38,F,BK,YP,D
15:00:00,JSMR,RG,3470,17,F,BK,YP,D
15:00:00,JSMR,RG,3470,2,F,BK,AG,D
15:00:00,JSMR,RG,3470,13,F,BK,AK,F
15:00:00,JSMR,RG,3470,40,D,LG,AK,F
15:00:00,JSMR,RG,3470,145,D,LG,AK,F
15:00:00,JSMR,RG,3470,30,D,LG,OD,D
14:49:31,JSMR,RG,3470,20,D,GR,BK,F
14:49:27,JSMR,RG,3470,1,D,GR,PD,D
14:49:25,JSMR,RG,3470,30,D,GR,YP,D
14:49:25,JSMR,RG,3470,6,D,GR,YP,D
14:49:25,JSMR,RG,3470,12,D,GR,YB,D
14:49:25,JSMR,RG,3470,181,D,GR,IN,D
14:49:14,JSMR,RG,3470,819,F,BK,IN,D
14:49:14,JSMR,RG,3470,8,F,BK,EP,D
14:49:14,JSMR,RG,3470,2,F,BK,NI,D
14:49:05,JSMR,RG,3460,10,D,GR,AK,F
14:49:05,JSMR,RG,3460,2,D,GR,YP,D
14:49:02,JSMR,RG,3460,1,D,XL,YP,D
14:49:02,JSMR,RG,3460,1,D,YU,YP,D
14:49:02,JSMR,RG,3460,8,D,SF,YP,D
14:48:13,JSMR,RG,3460,9,D,YP,DX,D
14:48:02,JSMR,RG,3460,5,D,YP,DX,D
14:47:57,JSMR,RG,3460,36,D,TP,DX,D
14:47:57,JSMR,RG,3460,1,D,TP,XC,D
14:47:57,JSMR,RG,3460,20,D,TP,KK,D
14:47:57,JSMR,RG,3460,43,D,TP,CC,F
14:47:54,JSMR,RG,3460,1,D,YP,CC,F
14:47:45,JSMR,RG,3460,1,D,OD,CC,F
14:47:44,JSMR,RG,3460,5,D,XC,CC,F
14:47:30,JSMR,RG,3460,5,D,YP,CC,F
14:47:27,JSMR,RG,3460,32,D,AZ,CC,F
14:47:27,JSMR,RG,3460,56,D,AZ,BK,F
14:47:27,JSMR,RG,3460,12,D,AZ,PD,D
14:47:27,JSMR,RG,3450,14,D,YP,BK,F
14:47:25,JSMR,RG,3450,2,D,YP,XC,D
14:47:25,JSMR,RG,3450,13,D,YP,XC,D
14:47:21,JSMR,RG,3460,1,D,AT,PD,D
14:47:19,JSMR,RG,3460,25,D,DH,PD,D
14:47:17,JSMR,RG,3450,14,D,YP,BK,F
14:47:12,JSMR,RG,3450,27,D,YP,BK,F
14:47:07,JSMR,RG,3460,100,D,YP,PD,D
14:46:47,JSMR,RG,3460,1,D,XL,PD,D
14:46:39,JSMR,RG,3450,14,D,YP,BK,F
14:46:39,JSMR,RG,3460,50,D,GR,PD,D
14:46:36,JSMR,RG,3460,1,D,PD,PD,D
14:46:35,JSMR,RG,3460,10,D,YP,PD,D
14:46:34,JSMR,RG,3460,3,D,XL,PD,D
14:46:28,JSMR,RG,3460,10,D,YP,PD,D
14:46:27,JSMR,RG,3460,1,D,OD,PD,D
14:46:12,JSMR,RG,3460,1,D,YP,PD,D
14:46:02,JSMR,RG,3460,2,D,YP,PD,D
14:45:57,JSMR,RG,3460,1,D,YP,PD,D
14:45:57,JSMR,RG,3460,1,D,PD,PD,D
14:45:52,JSMR,RG,3460,1,D,YP,PD,D
14:45:50,JSMR,RG,3460,10,D,LS,PD,D
14:45:47,JSMR,RG,3460,1,D,YP,PD,D
14:45:37,JSMR,RG,3460,5,D,NI,PD,D
14:45:31,JSMR,RG,3460,1,D,YP,PD,D
14:45:29,JSMR,RG,3450,18,D,YP,BK,F
14:45:26,JSMR,RG,3460,1,D,YP,PD,D
14:45:24,JSMR,RG,3450,20,D,YP,BK,F
14:45:22,JSMR,RG,3460,100,D,AZ,PD,D
14:45:21,JSMR,RG,3460,5,D,PD,PD,D
14:45:20,JSMR,RG,3460,2,D,PD,PD,D
14:45:01,JSMR,RG,3460,1,D,YP,PD,D
14:44:51,JSMR,RG,3460,10,D,YP,PD,D
14:44:47,JSMR,RG,3460,4,D,AR,PD,D
14:44:40,JSMR,RG,3460,1,D,YP,PD,D
14:44:35,JSMR,RG,3450,12,D,YP,BK,F
14:44:34,JSMR,RG,3460,1,D,YP,PD,D
14:44:32,JSMR,RG,3460,100,D,SQ,PD,D
14:44:30,JSMR,RG,3460,3,D,YP,PD,D
14:44:28,JSMR,RG,3460,1,D,YP,PD,D
14:44:24,JSMR,RG,3460,1,D,YP,PD,D
14:44:21,JSMR,RG,3460,1,D,NI,PD,D
14:44:20,JSMR,RG,3460,1,D,YP,PD,D
14:44:17,JSMR,RG,3460,31,D,XC,PD,D
14:44:11,JSMR,RG,3460,1,D,PD,PD,D
14:43:50,JSMR,RG,3450,14,D,YP,BK,F
14:43:50,JSMR,RG,3460,10,D,AZ,PD,D
14:43:46,JSMR,RG,3450,15,D,YP,BK,F
14:43:45,JSMR,RG,3460,32,F,AK,PD,D
14:43:42,JSMR,RG,3450,28,D,YP,BK,F
14:43:38,JSMR,RG,3450,139,D,YP,BK,F
14:43:37,JSMR,RG,3450,186,D,YP,CC,D
14:43:37,JSMR,RG,3450,12,D,YP,CC,D
14:43:37,JSMR,RG,3450,5,D,KK,CC,D
14:43:37,JSMR,RG,3450,2,D,YP,CC,D
14:43:37,JSMR,RG,3450,10,D,YP,CC,D
14:43:37,JSMR,RG,3450,10,D,YP,CC,D
14:43:37,JSMR,RG,3450,10,D,YP,CC,D
14:43:37,JSMR,RG,3450,5,D,CC,CC,D
14:43:37,JSMR,RG,3450,10,D,YP,CC,D
14:43:37,JSMR,RG,3450,1,D,YP,CC,D
14:43:37,JSMR,RG,3450,5,D,DR,CC,D
14:43:37,JSMR,RG,3450,5,D,DR,CC,D
14:43:37,JSMR,RG,3450,50,D,YP,CC,D
14:43:37,JSMR,RG,3450,75,D,XL,CC,D
14:43:37,JSMR,RG,3450,2,D,AG,CC,D
14:43:37,JSMR,RG,3450,15,D,CC,CC,D
14:43:37,JSMR,RG,3450,1,D,YP,CC,D
14:43:37,JSMR,RG,3450,100,D,CC,CC,D
14:43:37,JSMR,RG,3450,10,D,YP,CC,D
14:43:37,JSMR,RG,3450,10,D,YP,CC,D
14:43:37,JSMR,RG,3450,5,D,YP,CC,D
14:43:37,JSMR,RG,3450,15,D,YP,CC,D
14:43:37,JSMR,RG,3450,5,D,CC,CC,D
14:43:37,JSMR,RG,3450,2,D,PD,CC,D
14:43:37,JSMR,RG,3450,10,D,YP,CC,D
14:43:37,JSMR,RG,3450,100,D,DH,CC,D
14:43:37,JSMR,RG,3450,12,D,DH,CC,D
14:43:34,JSMR,RG,3450,3,D,DH,CC,D
14:43:34,JSMR,RG,3450,2,D,PD,CC,D
14:43:34,JSMR,RG,3450,1,D,KK,CC,D
14:43:34,JSMR,RG,3450,2,D,OD,CC,D
14:43:34,JSMR,RG,3450,5,D,PD,CC,D
14:43:34,JSMR,RG,3450,8,D,PD,CC,D
14:43:34,JSMR,RG,3450,3,D,PD,CC,D
14:43:34,JSMR,RG,3450,50,D,PD,CC,D
14:43:34,JSMR,RG,3450,1,D,KK,CC,D
14:43:34,JSMR,RG,3450,10,D,CC,CC,D
14:43:34,JSMR,RG,3450,1,D,PD,CC,D
14:43:34,JSMR,RG,3450,2,D,XL,CC,D
14:43:34,JSMR,RG,3450,5,D,AT,CC,D
14:43:34,JSMR,RG,3450,1,D,PD,CC,D
14:43:34,JSMR,RG,3450,7,D,PD,CC,D
14:43:28,JSMR,RG,3460,5,D,PD,PD,D
14:43:17,JSMR,RG,3460,1,D,YP,PD,D
14:43:13,JSMR,RG,3460,5,D,XL,PD,D
14:43:10,JSMR,RG,3460,2,D,CC,PD,D
14:43:07,JSMR,RG,3460,4,D,CC,PD,D
14:43:04,JSMR,RG,3460,5,D,AR,PD,D
14:43:01,JSMR,RG,3450,1,D,PD,CC,D
14:43:01,JSMR,RG,3450,1,D,PD,CC,D
14:42:58,JSMR,RG,3460,5,D,CD,PD,D
14:42:45,JSMR,RG,3460,4,D,KK,PD,D
14:42:08,JSMR,RG,3460,20,D,KK,PD,D
14:42:00,JSMR,RG,3450,16,D,PD,CC,D
14:42:00,JSMR,RG,3450,5,D,DH,CC,D
14:42:00,JSMR,RG,3450,2,D,PD,CC,D
14:42:00,JSMR,RG,3450,5,D,KK,CC,D
14:42:00,JSMR,RG,3450,1,D,PD,CC,D
14:42:00,JSMR,RG,3450,1,D,PD,CC,D
14:42:00,JSMR,RG,3450,20,D,YP,CC,D
14:42:00,JSMR,RG,3450,66,D,PD,CC,D
14:42:00,JSMR,RG,3450,1,D,PD,CC,D
14:42:00,JSMR,RG,3450,100,D,OD,CC,D
14:42:00,JSMR,RG,3450,2,D,DR,CC,D
14:42:00,JSMR,RG,3450,1,D,GR,CC,D
14:42:00,JSMR,RG,3450,9,D,CC,CC,D
14:41:31,JSMR,RG,3460,50,D,YU,PD,D
14:41:30,JSMR,RG,3460,1,D,YP,PD,D
14:41:08,JSMR,RG,3460,25,D,YP,PD,D
14:40:49,JSMR,RG,3450,1,D,CC,AZ,D
14:40:49,JSMR,RG,3450,2,D,KK,AZ,D
14:40:49,JSMR,RG,3450,7,D,CC,AZ,D
14:40:20,JSMR,RG,3450,13,D,CC,BK,F
14:40:17,JSMR,RG,3450,30,D,CC,BK,F
14:40:17,JSMR,RG,3450,5,D,CP,BK,F
14:40:17,JSMR,RG,3450,1,D,YB,BK,F
14:40:17,JSMR,RG,3450,1,D,DH,BK,F
14:40:14,JSMR,RG,3450,4,D,DH,CC,D
14:40:14,JSMR,RG,3450,30,D,DR,CC,D
14:40:14,JSMR,RG,3450,2,D,SQ,CC,D
14:40:14,JSMR,RG,3450,10,D,SQ,CC,D
14:40:14,JSMR,RG,3450,100,D,TF,CC,D
14:40:14,JSMR,RG,3450,44,D,TF,CC,D
14:40:04,JSMR,RG,3450,22,D,TF,BK,F
14:40:01,JSMR,RG,3450,34,D,TF,BK,F
14:40:01,JSMR,RG,3450,41,D,TF,BK,F
14:40:00,JSMR,RG,3450,29,D,TF,CC,D
14:40:00,JSMR,RG,3450,230,D,TF,CC,D
14:40:00,JSMR,RG,3450,155,D,MG,CC,D
14:39:44,JSMR,RG,3450,17,D,MG,BK,F
14:39:43,JSMR,RG,3460,20,D,AZ,PD,D
14:39:13,JSMR,RG,3460,1,D,EP,PD,D
14:39:11,JSMR,RG,3460,3,D,SQ,PD,D
14:39:11,JSMR,RG,3450,4,D,MG,XC,D
14:38:31,JSMR,RG,3450,12,D,MG,BK,F
14:38:29,JSMR,RG,3460,30,D,KK,PD,D
14:38:22,JSMR,RG,3460,1,D,XL,PD,D
14:38:11,JSMR,RG,3460,10,D,PD,PD,D
14:38:06,JSMR,RG,3450,12,D,MG,BK,F
14:38:02,JSMR,RG,3450,30,D,MG,BK,F
14:38:00,JSMR,RG,3450,597,D,MG,CC,D
14:38:00,JSMR,RG,3460,62,D,XL,PD,D
14:37:42,JSMR,RG,3450,13,D,MG,BK,F
14:37:37,JSMR,RG,3460,10,D,YU,PD,D
14:37:36,JSMR,RG,3450,14,D,MG,BK,F
14:37:35,JSMR,RG,3460,100,D,AT,PD,D
14:37:16,JSMR,RG,3450,13,D,MG,BK,F
14:37:11,JSMR,RG,3450,23,D,MG,BK,F
14:37:09,JSMR,RG,3460,5,D,NI,PD,D
14:37:07,JSMR,RG,3450,110,D,MG,BK,F
14:37:06,JSMR,RG,3460,5,F,AK,PD,D
14:37:06,JSMR,RG,3460,52,F,AK,PD,D
14:37:06,JSMR,RG,3460,8,F,AK,PD,D
14:37:06,JSMR,RG,3460,1,D,XC,PD,D
14:37:06,JSMR,RG,3460,30,D,FZ,PD,D
14:37:06,JSMR,RG,3460,300,D,PD,PD,D
14:37:06,JSMR,RG,3460,72,D,CC,PD,D
14:37:06,JSMR,RG,3460,20,D,AZ,PD,D
14:37:06,JSMR,RG,3460,10,D,NI,PD,D
14:37:06,JSMR,RG,3460,1,D,NI,PD,D
14:37:06,JSMR,RG,3460,50,D,AI,PD,D
14:37:06,JSMR,RG,3460,1,D,YP,PD,D
14:37:06,JSMR,RG,3460,25,D,CP,PD,D
14:37:06,JSMR,RG,3460,13,D,YP,PD,D
14:36:56,JSMR,RG,3470,6,D,DH,CC,D
14:36:41,JSMR,RG,3460,1,D,YP,XC,D
14:35:05,JSMR,RG,3460,28,D,YP,BK,F
14:35:00,JSMR,RG,3460,58,D,YP,BK,F
14:35:00,JSMR,RG,3460,8,D,AI,BK,F
14:35:00,JSMR,RG,3460,192,D,AI,CC,D
14:35:00,JSMR,RG,3460,14,D,LG,CC,D
14:35:00,JSMR,RG,3460,1,D,PD,CC,D
14:35:00,JSMR,RG,3460,30,D,NI,CC,D
14:35:00,JSMR,RG,3460,80,D,YP,CC,D
14:35:00,JSMR,RG,3460,50,D,AT,CC,D
14:35:00,JSMR,RG,3460,5,D,YP,CC,D
14:35:00,JSMR,RG,3460,31,D,AZ,CC,D
14:34:02,JSMR,RG,3460,19,D,AZ,BK,F
14:34:02,JSMR,RG,3460,1,D,YP,BK,F
14:34:02,JSMR,RG,3460,5,D,CC,BK,F
14:34:02,JSMR,RG,3460,2,D,XC,BK,F
14:34:00,JSMR,RG,3460,3,D,XC,CC,D
14:34:00,JSMR,RG,3460,49,D,YP,CC,D
14:33:54,JSMR,RG,3470,5,D,CD,CC,D
14:32:11,JSMR,RG,3460,1,D,YP,MU,D
14:32:11,JSMR,RG,3460,1,D,CC,MU,D
14:32:11,JSMR,RG,3460,1,D,XL,MU,D
14:32:11,JSMR,RG,3460,10,D,PD,MU,D
14:32:11,JSMR,RG,3460,15,D,LG,MU,D
14:32:11,JSMR,RG,3460,22,D,PD,MU,D
14:32:05,JSMR,RG,3460,22,D,PD,BK,F
14:32:03,JSMR,RG,3460,16,D,PD,BK,F
14:32:01,JSMR,RG,3460,81,D,PD,BK,F
14:32:00,JSMR,RG,3460,159,D,PD,CC,D
14:32:00,JSMR,RG,3460,10,D,LS,CC,D
14:32:00,JSMR,RG,3460,286,D,GR,CC,D
14:31:49,JSMR,RG,3460,13,D,GR,BK,F
14:31:45,JSMR,RG,3460,13,D,GR,BK,F
14:31:42,JSMR,RG,3460,58,D,GR,YP,D
14:31:29,JSMR,RG,3460,3,D,GR,PD,D
14:30:26,JSMR,RG,3460,10,D,GR,PD,D
14:30:07,JSMR,RG,3460,22,D,GR,BK,F
14:30:02,JSMR,RG,3460,71,D,GR,BK,F
14:30:00,JSMR,RG,3460,203,D,GR,CC,D
14:30:00,JSMR,RG,3460,2,D,PD,CC,D
14:30:00,JSMR,RG,3460,5,D,XA,CC,D
14:30:00,JSMR,RG,3460,100,D,AZ,CC,D
14:30:00,JSMR,RG,3460,30,D,KK,CC,D
14:30:00,JSMR,RG,3460,2,D,EP,CC,D
14:30:00,JSMR,RG,3460,1,D,PD,CC,D
14:30:00,JSMR,RG,3460,3,D,CP,CC,D
14:30:00,JSMR,RG,3460,18,D,CC,CC,D
14:28:09,JSMR,RG,3460,15,D,CC,BK,F
14:28:06,JSMR,RG,3460,51,D,CC,BK,F
14:28:01,JSMR,RG,3460,16,D,CC,AK,F
14:28:01,JSMR,RG,3460,2,D,PD,AK,F
14:28:01,JSMR,RG,3460,100,D,YP,AK,F
14:28:01,JSMR,RG,3460,1,D,PD,AK,F
14:28:01,JSMR,RG,3460,2,D,YP,AK,F
14:28:01,JSMR,RG,3460,10,F,AG,AK,F
14:28:01,JSMR,RG,3460,20,D,YP,AK,F
14:28:01,JSMR,RG,3460,99,D,KK,AK,F
14:28:00,JSMR,RG,3460,24,D,KK,BK,F
14:28:00,JSMR,RG,3460,250,D,KK,AK,F
14:28:00,JSMR,RG,3460,47,D,KK,CC,D
14:27:22,JSMR,RG,3460,80,D,KK,AK,F
14:27:22,JSMR,RG,3460,2,D,PD,AK,F
14:27:22,JSMR,RG,3460,30,D,YP,AK,F
14:27:22,JSMR,RG,3460,1,D,YP,AK,F
14:27:22,JSMR,RG,3460,32,D,KK,AK,F
14:27:22,JSMR,RG,3460,105,D,CP,AK,F
14:27:22,JSMR,RG,3460,95,D,CP,AK,F
14:27:22,JSMR,RG,3460,2,D,NI,AK,F
14:27:22,JSMR,RG,3460,10,D,PD,AK,F
14:27:22,JSMR,RG,3460,3,D,NI,AK,F
14:27:22,JSMR,RG,3460,1,D,XL,AK,F
14:27:22,JSMR,RG,3460,5,D,SQ,AK,F
14:27:22,JSMR,RG,3460,1,D,SQ,AK,F
14:27:22,JSMR,RG,3460,7,D,YP,AK,F
14:27:22,JSMR,RG,3460,10,D,CC,AK,F
14:27:22,JSMR,RG,3460,10,D,EP,AK,F
14:27:22,JSMR,RG,3460,30,D,PD,AK,F
14:27:22,JSMR,RG,3460,15,D,YP,AK,F
14:27:22,JSMR,RG,3460,1,D,XC,AK,F
14:27:22,JSMR,RG,3460,8,D,YP,AK,F
14:27:22,JSMR,RG,3460,1,D,XC,AK,F
14:27:22,JSMR,RG,3460,1,D,CC,AK,F
14:27:22,JSMR,RG,3460,50,D,XL,AK,F
14:26:40,JSMR,RG,3460,10,D,PD,DX,F
14:26:40,JSMR,RG,3460,7,D,YP,DX,F
14:26:28,JSMR,RG,3460,2,D,YP,EP,D
14:26:10,JSMR,RG,3460,1,D,YP,DX,F
14:26:10,JSMR,RG,3460,1,D,PD,DX,F
14:26:10,JSMR,RG,3460,3,D,YP,DX,F
14:26:10,JSMR,RG,3460,50,D,GR,DX,F
14:26:10,JSMR,RG,3460,1,D,XL,DX,F
14:26:10,JSMR,RG,3460,1,D,XL,DX,F
14:26:10,JSMR,RG,3460,3,D,YP,DX,F
14:26:10,JSMR,RG,3460,1,D,YB,DX,F
14:26:10,JSMR,RG,3460,3,D,YP,DX,F
14:26:10,JSMR,RG,3460,2,D,DR,DX,F
14:26:10,JSMR,RG,3460,19,D,AT,DX,F
14:26:05,JSMR,RG,3470,3,D,CC,CC,D
14:26:00,JSMR,RG,3460,11,D,AT,CC,D
14:26:00,JSMR,RG,3460,1,D,XC,CC,D
14:26:00,JSMR,RG,3460,20,D,CP,CC,D
14:26:00,JSMR,RG,3460,5,D,XC,CC,D
14:26:00,JSMR,RG,3460,200,D,XL,CC,D
14:26:00,JSMR,RG,3460,1,D,KK,CC,D
14:26:00,JSMR,RG,3460,100,D,PD,CC,D
14:26:00,JSMR,RG,3460,1,D,XC,CC,D
14:26:00,JSMR,RG,3460,10,D,YP,CC,D
14:26:00,JSMR,RG,3460,127,D,YP,CC,D
14:25:10,JSMR,RG,3460,17,D,YP,DX,F
14:25:10,JSMR,RG,3460,9,F,AG,DX,F
14:23:00,JSMR,RG,3460,1,F,AG,CC,D
14:23:00,JSMR,RG,3460,30,D,XL,CC,D
14:23:00,JSMR,RG,3460,30,D,PD,CC,D
14:23:00,JSMR,RG,3460,5,D,OD,CC,D
14:23:00,JSMR,RG,3460,20,D,PD,CC,D
14:23:00,JSMR,RG,3460,1,D,XC,CC,D
14:23:00,JSMR,RG,3460,100,D,YP,CC,D
14:23:00,JSMR,RG,3460,3,D,YP,CC,D
14:23:00,JSMR,RG,3460,74,F,AK,CC,D
14:23:00,JSMR,RG,3460,5,D,LS,CC,D
14:23:00,JSMR,RG,3460,50,D,CC,CC,D
14:23:00,JSMR,RG,3460,2,D,PD,CC,D
14:23:00,JSMR,RG,3460,16,D,YP,CC,D
14:23:00,JSMR,RG,3460,2,D,ZP,CC,D
14:23:00,JSMR,RG,3460,1,D,YB,CC,D
14:23:00,JSMR,RG,3460,1,D,YP,CC,D
14:23:00,JSMR,RG,3460,1,D,NI,CC,D
14:23:00,JSMR,RG,3460,15,D,CC,CC,D
14:19:00,JSMR,RG,3460,35,D,CC,CC,D
14:19:00,JSMR,RG,3460,1,D,PD,CC,D
14:19:00,JSMR,RG,3460,2,D,PD,CC,D
14:19:00,JSMR,RG,3460,7,D,YP,CC,D
14:19:00,JSMR,RG,3460,4,D,YP,CC,D
14:19:00,JSMR,RG,3460,1,D,OD,CC,D
14:19:00,JSMR,RG,3460,50,D,CC,CC,D
14:19:00,JSMR,RG,3460,5,D,XC,CC,D
14:19:00,JSMR,RG,3460,1,D,KK,CC,D
14:19:00,JSMR,RG,3460,2,D,YP,CC,D
14:19:00,JSMR,RG,3460,1,D,YP,CC,D
14:19:00,JSMR,RG,3460,5,D,YP,CC,D
14:19:00,JSMR,RG,3460,1,D,CC,CC,D
14:19:00,JSMR,RG,3460,1,D,LS,CC,D
14:19:00,JSMR,RG,3460,1,D,XC,CC,D
14:19:00,JSMR,RG,3460,13,D,XL,CC,D
14:19:00,JSMR,RG,3460,50,D,LG,CC,D
14:19:00,JSMR,RG,3460,10,D,SQ,CC,D
14:19:00,JSMR,RG,3460,10,D,XC,CC,D
14:19:00,JSMR,RG,3460,1,D,YP,CC,D
14:19:00,JSMR,RG,3460,1,D,YP,CC,D
14:19:00,JSMR,RG,3460,3,D,YP,CC,D
14:19:00,JSMR,RG,3460,2,D,XL,CC,D
14:19:00,JSMR,RG,3460,15,D,XC,CC,D
14:19:00,JSMR,RG,3460,1,D,YP,CC,D
14:19:00,JSMR,RG,3460,1,D,YP,CC,D
14:19:00,JSMR,RG,3460,1,D,PD,CC,D
14:19:00,JSMR,RG,3460,2,D,PD,CC,D
14:19:00,JSMR,RG,3460,2,D,PD,CC,D
14:19:00,JSMR,RG,3460,10,D,YP,CC,D
14:19:00,JSMR,RG,3460,5,D,XL,CC,D
14:19:00,JSMR,RG,3460,3,D,NI,CC,D
14:19:00,JSMR,RG,3460,1,D,XC,CC,D
14:19:00,JSMR,RG,3460,5,D,AT,CC,D
14:19:00,JSMR,RG,3460,12,D,YU,CC,D
14:19:00,JSMR,RG,3460,50,D,YP,CC,D
14:19:00,JSMR,RG,3460,10,D,YP,CC,D
14:19:00,JSMR,RG,3460,10,D,YP,CC,D
14:19:00,JSMR,RG,3460,1,D,OD,CC,D
14:19:00,JSMR,RG,3460,3,D,CC,CC,D
14:19:00,JSMR,RG,3460,2,D,YP,CC,D
14:19:00,JSMR,RG,3460,1,D,YP,CC,D
14:19:00,JSMR,RG,3460,10,D,SQ,CC,D
14:19:00,JSMR,RG,3460,162,D,CP,CC,D
14:18:42,JSMR,RG,3470,3,D,PD,CC,D
14:18:00,JSMR,RG,3470,1,D,XL,CC,D
14:17:15,JSMR,RG,3470,1,D,AT,CC,D
14:16:24,JSMR,RG,3470,1,D,XC,CC,D
14:16:19,JSMR,RG,3460,38,D,CP,DX,F
14:16:19,JSMR,RG,3460,2,D,YP,DX,F
14:16:19,JSMR,RG,3460,1,D,PD,DX,F
14:16:19,JSMR,RG,3460,6,D,PD,DX,F
14:16:19,JSMR,RG,3460,3,D,CC,DX,F
14:16:19,JSMR,RG,3460,2,D,NI,DX,F
14:16:19,JSMR,RG,3460,5,D,LG,DX,F
14:16:19,JSMR,RG,3460,28,D,XL,DX,F
14:16:00,JSMR,RG,3460,52,D,XL,CC,D
14:16:00,JSMR,RG,3460,2,D,CC,CC,D
14:16:00,JSMR,RG,3460,2,D,CC,CC,D
14:16:00,JSMR,RG,3460,20,D,LS,CC,D
14:16:00,JSMR,RG,3460,5,D,XC,CC,D
14:16:00,JSMR,RG,3460,5,D,OD,CC,D
14:16:00,JSMR,RG,3460,20,D,YP,CC,D
14:16:00,JSMR,RG,3460,4,D,CP,CC,D
14:16:00,JSMR,RG,3460,5,D,YP,CC,D
14:16:00,JSMR,RG,3460,8,D,XC,CC,D
14:16:00,JSMR,RG,3460,2,D,DX,CC,D
14:16:00,JSMR,RG,3460,204,D,YP,CC,D
14:15:01,JSMR,RG,3460,1,D,YP,YP,D
14:15:01,JSMR,RG,3470,1,D,XL,CC,D
14:14:54,JSMR,RG,3460,1,D,YP,YP,D
14:14:09,JSMR,RG,3460,68,D,YP,DX,F
14:14:00,JSMR,RG,3460,15,D,YP,CC,D
14:14:00,JSMR,RG,3460,20,D,PD,CC,D
14:14:00,JSMR,RG,3460,1,D,CC,CC,D
14:14:00,JSMR,RG,3460,5,D,PD,CC,D
14:14:00,JSMR,RG,3460,1,D,YP,CC,D
14:14:00,JSMR,RG,3460,1,D,XL,CC,D
14:14:00,JSMR,RG,3460,5,D,XC,CC,D
14:14:00,JSMR,RG,3460,2,D,XC,CC,D
14:14:00,JSMR,RG,3460,1,D,KK,CC,D
14:14:00,JSMR,RG,3460,8,D,YP,CC,D
14:14:00,JSMR,RG,3460,1,D,NI,CC,D
14:14:00,JSMR,RG,3460,6,D,YB,CC,D
14:14:00,JSMR,RG,3460,1,D,GR,CC,D
14:14:00,JSMR,RG,3460,1,D,PD,CC,D
14:14:00,JSMR,RG,3460,5,D,YP,CC,D
14:14:00,JSMR,RG,3460,50,D,YP,CC,D
14:14:00,JSMR,RG,3460,20,D,YP,CC,D
14:14:00,JSMR,RG,3460,100,D,XC,CC,D
14:14:00,JSMR,RG,3460,18,D,YP,CC,D
14:14:00,JSMR,RG,3460,25,D,YP,CC,D
14:14:00,JSMR,RG,3460,56,D,AT,CC,D
14:13:40,JSMR,RG,3460,143,D,AT,CC,D
14:13:25,JSMR,RG,3470,2,D,PD,CC,D
14:13:24,JSMR,RG,3470,1,D,XC,CC,D
14:12:52,JSMR,RG,3460,45,D,AT,XC,D
14:12:19,JSMR,RG,3460,8,D,AT,YP,D
14:11:16,JSMR,RG,3460,2,D,AT,NI,D
14:11:00,JSMR,RG,3460,46,D,AT,CC,D
14:11:00,JSMR,RG,3460,5,D,YP,CC,D
14:11:00,JSMR,RG,3460,30,F,AG,CC,D
14:11:00,JSMR,RG,3460,5,D,PD,CC,D
14:11:00,JSMR,RG,3460,1,D,YP,CC,D
14:11:00,JSMR,RG,3460,18,D,DH,CC,D
14:11:00,JSMR,RG,3460,40,D,DH,CC,D
14:11:00,JSMR,RG,3460,10,D,YP,CC,D
14:11:00,JSMR,RG,3460,100,D,YP,CC,D
14:11:00,JSMR,RG,3460,10,D,NI,CC,D
14:11:00,JSMR,RG,3460,18,D,YP,CC,D
14:11:00,JSMR,RG,3460,10,D,YP,CC,D
14:11:00,JSMR,RG,3460,10,D,YP,CC,D
14:11:00,JSMR,RG,3460,5,D,CC,CC,D
14:11:00,JSMR,RG,3460,1,D,YP,CC,D
14:11:00,JSMR,RG,3460,5,D,AG,CC,D
14:11:00,JSMR,RG,3460,1,D,YP,CC,D
14:11:00,JSMR,RG,3460,5,D,DR,CC,D
14:11:00,JSMR,RG,3460,10,D,YP,CC,D
14:11:00,JSMR,RG,3460,5,D,YP,CC,D
14:11:00,JSMR,RG,3460,1,D,PD,CC,D
14:11:00,JSMR,RG,3460,5,D,CC,CC,D
14:11:00,JSMR,RG,3460,5,D,YP,CC,D
14:11:00,JSMR,RG,3460,2,D,PD,CC,D
14:11:00,JSMR,RG,3460,1,D,PD,CC,D
14:11:00,JSMR,RG,3460,1,D,XC,CC,D
14:11:00,JSMR,RG,3460,1,D,PD,CC,D
14:11:00,JSMR,RG,3460,5,D,KK,CC,D
14:11:00,JSMR,RG,3460,18,D,YP,CC,D
14:10:58,JSMR,RG,3470,1,D,XC,CC,D
14:10:18,JSMR,RG,3470,1,D,EP,CC,D
14:10:10,JSMR,RG,3470,2,D,XL,CC,D
14:09:57,JSMR,RG,3470,3,D,YP,CC,D
14:08:41,JSMR,RG,3470,8,D,NI,CC,D
14:08:41,JSMR,RG,3470,2,D,NI,KK,D
14:07:54,JSMR,RG,3460,2,D,YP,BK,F
14:07:54,JSMR,RG,3460,9,D,SQ,BK,F
14:07:54,JSMR,RG,3460,2,D,DX,BK,F
14:07:54,JSMR,RG,3460,6,D,YB,BK,F
14:07:54,JSMR,RG,3460,2,D,HP,BK,F
14:07:50,JSMR,RG,3470,30,D,YP,KK,D
14:07:50,JSMR,RG,3470,11,D,NI,KK,D
14:07:40,JSMR,RG,3470,12,D,NI,BK,F
14:07:37,JSMR,RG,3470,27,D,NI,KK,D
14:07:37,JSMR,RG,3470,1,D,DH,KK,D
14:07:37,JSMR,RG,3470,4,D,XC,KK,D
14:07:37,JSMR,RG,3470,1,D,YP,KK,D
14:07:37,JSMR,RG,3470,1,D,PD,KK,D
14:07:37,JSMR,RG,3470,1,D,NI,KK,D
14:07:37,JSMR,RG,3470,1,D,NI,KK,D
14:07:37,JSMR,RG,3470,5,D,CC,KK,D
14:07:37,JSMR,RG,3470,59,D,CC,KK,D
14:07:25,JSMR,RG,3470,150,D,CC,KK,D
14:07:09,JSMR,RG,3470,91,D,CC,KK,D
14:07:09,JSMR,RG,3470,1,D,AT,KK,D
14:07:09,JSMR,RG,3470,25,D,YP,KK,D
14:07:09,JSMR,RG,3470,1,D,XL,KK,D
14:07:09,JSMR,RG,3470,1,D,YP,KK,D
14:07:09,JSMR,RG,3470,24,D,PD,KK,D
14:07:09,JSMR,RG,3470,7,D,YP,KK,D
14:07:00,JSMR,RG,3470,13,D,YP,CC,D
14:07:00,JSMR,RG,3470,20,D,LG,CC,D
14:07:00,JSMR,RG,3470,1,D,PD,CC,D
14:07:00,JSMR,RG,3470,200,D,SQ,CC,D
14:07:00,JSMR,RG,3470,2,D,AT,CC,D
14:07:00,JSMR,RG,3470,10,D,PD,CC,D
14:07:00,JSMR,RG,3470,5,D,KK,CC,D
14:07:00,JSMR,RG,3470,14,D,YP,CC,D
14:07:00,JSMR,RG,3470,20,D,CC,CC,D
14:07:00,JSMR,RG,3470,1,D,YP,CC,D
14:07:00,JSMR,RG,3470,2,D,YP,CC,D
14:07:00,JSMR,RG,3470,3,D,PD,CC,D
14:07:00,JSMR,RG,3470,20,D,OD,CC,D
14:07:00,JSMR,RG,3470,1,D,AZ,CC,D
14:07:00,JSMR,RG,3470,10,D,EP,CC,D
14:07:00,JSMR,RG,3470,100,D,LG,CC,D
14:07:00,JSMR,RG,3470,5,D,PD,CC,D
14:07:00,JSMR,RG,3470,3,D,YU,CC,D
14:06:07,JSMR,RG,3480,1,D,CC,PD,D
14:03:24,JSMR,RG,3470,15,D,PD,DX,D
14:02:51,JSMR,RG,3470,10,D,PD,DX,D
14:02:51,JSMR,RG,3470,30,D,PD,DX,D
14:02:51,JSMR,RG,3470,5,D,YP,DX,D
14:02:51,JSMR,RG,3470,5,D,SQ,DX,D
14:02:07,JSMR,RG,3470,2,D,SQ,XL,D
14:01:31,JSMR,RG,3470,7,D,SQ,YP,D
14:01:13,JSMR,RG,3470,9,D,SQ,YP,D
14:00:26,JSMR,RG,3470,5,D,SQ,NI,D
14:00:26,JSMR,RG,3470,9,D,KK,NI,D
14:00:26,JSMR,RG,3470,11,D,YP,NI,D
13:56:30,JSMR,RG,3470,7,D,YP,XC,D
13:54:15,JSMR,RG,3470,7,D,YP,MU,D
13:54:15,JSMR,RG,3470,20,D,AT,MU,D
13:54:15,JSMR,RG,3470,5,D,XC,MU,D
13:54:15,JSMR,RG,3470,1,D,CC,MU,D
13:54:15,JSMR,RG,3470,10,D,KK,MU,D
13:54:15,JSMR,RG,3470,1,D,CC,MU,D
13:54:15,JSMR,RG,3470,5,D,CC,MU,D
13:54:15,JSMR,RG,3470,1,D,YP,MU,D
13:43:44,JSMR,RG,3470,5,D,PD,PD,D
13:43:44,JSMR,RG,3470,10,D,XL,PD,D
13:43:44,JSMR,RG,3470,40,D,YP,PD,D
13:39:30,JSMR,RG,3470,10,D,YP,PD,D
13:38:30,JSMR,RG,3470,5,D,YP,NI,D
13:38:30,JSMR,RG,3470,5,D,XC,NI,D
13:38:24,JSMR,RG,3480,20,D,AT,PD,D
13:38:12,JSMR,RG,3480,2,D,DH,PD,D
13:37:15,JSMR,RG,3480,1,D,YP,PD,D
13:36:43,JSMR,RG,3470,3,D,YP,DH,D
13:34:05,JSMR,RG,3470,1,D,YP,XL,D
13:33:09,JSMR,RG,3470,2,D,YP,AG,D
13:32:52,JSMR,RG,3470,10,D,NI,AG,D
13:32:52,JSMR,RG,3470,2,D,YP,AG,D
13:32:52,JSMR,RG,3470,36,D,AG,AG,D
13:32:50,JSMR,RG,3480,2,D,YP,PD,D
13:32:45,JSMR,RG,3470,1,D,AG,AK,F
13:32:45,JSMR,RG,3470,25,D,AG,AK,F
13:32:39,JSMR,RG,3470,24,D,AG,AK,F
13:32:39,JSMR,RG,3470,10,D,XC,AK,F
13:32:39,JSMR,RG,3470,3,D,YP,AK,F
13:32:39,JSMR,RG,3470,100,D,KK,AK,F
13:32:39,JSMR,RG,3470,1,D,YP,AK,F
13:32:39,JSMR,RG,3470,1,D,YP,AK,F
13:32:39,JSMR,RG,3470,1,D,YP,AK,F
13:32:39,JSMR,RG,3470,1,D,PD,AK,F
13:32:39,JSMR,RG,3470,1,D,PD,AK,F
13:32:39,JSMR,RG,3470,2,D,PD,AK,F
13:32:39,JSMR,RG,3470,50,D,KK,AK,F
13:32:39,JSMR,RG,3470,3,D,PD,AK,F
13:32:39,JSMR,RG,3470,3,D,DR,AK,F
13:32:39,JSMR,RG,3470,2,D,PD,AK,F
13:32:39,JSMR,RG,3470,6,D,YP,AK,F
13:32:39,JSMR,RG,3470,1,D,YP,AK,F
13:32:39,JSMR,RG,3470,3,D,DH,AK,F
13:32:39,JSMR,RG,3470,1,D,OD,AK,F
13:32:39,JSMR,RG,3470,10,D,EP,AK,F
13:32:39,JSMR,RG,3470,10,D,NI,AK,F
13:32:39,JSMR,RG,3470,5,D,XL,AK,F
13:32:39,JSMR,RG,3470,1,D,XL,AK,F
13:32:39,JSMR,RG,3470,1,D,CC,AK,F
13:32:39,JSMR,RG,3470,5,D,LG,AK,F
13:32:39,JSMR,RG,3470,5,D,PD,AK,F
13:32:38,JSMR,RG,3470,7,D,PD,AK,F
13:32:38,JSMR,RG,3470,1,D,CC,AK,F
13:32:38,JSMR,RG,3470,5,D,GR,AK,F
13:32:38,JSMR,RG,3470,2,D,CP,AK,F
13:32:38,JSMR,RG,3470,25,D,YP,AK,F
13:32:38,JSMR,RG,3470,2,D,YP,AK,F
13:32:38,JSMR,RG,3470,2,D,YP,AK,F
13:32:38,JSMR,RG,3470,1,D,NI,AK,F
13:32:38,JSMR,RG,3470,14,D,DR,AK,F
13:32:38,JSMR,RG,3470,3,D,GR,AK,F
13:32:38,JSMR,RG,3470,20,D,YP,AK,F
13:32:38,JSMR,RG,3470,2,D,NI,AK,F
13:32:38,JSMR,RG,3470,50,D,NI,AK,F
13:32:38,JSMR,RG,3470,1,D,YP,AK,F
13:32:38,JSMR,RG,3470,1,D,NI,AK,F
13:32:38,JSMR,RG,3470,3,D,CC,AK,F
13:32:38,JSMR,RG,3470,10,D,NI,AK,F
13:32:38,JSMR,RG,3470,1,D,YP,AK,F
13:32:38,JSMR,RG,3470,25,D,PD,AK,F
13:32:38,JSMR,RG,3470,1,D,XC,AK,F
13:32:38,JSMR,RG,3470,2,D,YP,AK,F
13:32:38,JSMR,RG,3470,10,F,AG,AK,F
13:32:38,JSMR,RG,3470,20,D,PD,AK,F
13:32:38,JSMR,RG,3470,15,D,YP,AK,F
13:32:38,JSMR,RG,3470,25,D,KK,AK,F
13:32:38,JSMR,RG,3470,2,D,CC,AK,F
13:32:38,JSMR,RG,3470,98,D,CC,PD,D
13:32:38,JSMR,RG,3470,20,D,PD,PD,D
13:32:38,JSMR,RG,3470,2,D,PD,PD,D
13:32:38,JSMR,RG,3470,7,D,OD,PD,D
13:32:38,JSMR,RG,3470,23,D,YU,PD,D
13:32:35,JSMR,RG,3470,1,D,YU,AK,F
13:32:35,JSMR,RG,3470,13,D,YU,AK,F
13:32:35,JSMR,RG,3470,3,D,YU,AK,F
13:32:35,JSMR,RG,3470,60,D,YU,AG,D
13:32:35,JSMR,RG,3470,1,D,LS,AG,D
13:32:35,JSMR,RG,3470,1,D,YP,AG,D
13:32:35,JSMR,RG,3470,2,D,YP,AG,D
13:32:35,JSMR,RG,3470,2,D,YP,AG,D
13:32:35,JSMR,RG,3470,50,D,GR,AG,D
13:32:35,JSMR,RG,3470,5,D,PD,AG,D
13:32:35,JSMR,RG,3470,10,D,YB,AG,D
13:32:35,JSMR,RG,3470,3,D,YP,AG,D
13:32:35,JSMR,RG,3470,2,D,PD,AG,D
13:32:35,JSMR,RG,3470,2,D,YP,AG,D
13:32:35,JSMR,RG,3470,10,D,XL,AG,D
13:32:35,JSMR,RG,3470,1,D,PD,AG,D
13:32:35,JSMR,RG,3470,2,D,AT,AG,D
13:32:35,JSMR,RG,3470,1,F,OD,AG,D
13:32:35,JSMR,RG,3470,1,D,NI,AG,D
13:32:35,JSMR,RG,3470,1,D,GR,AG,D
13:32:35,JSMR,RG,3470,1,D,YP,AG,D
13:32:35,JSMR,RG,3470,10,D,YP,AG,D
13:32:35,JSMR,RG,3470,1,D,PD,AG,D
13:32:35,JSMR,RG,3470,1,D,YP,AG,D
13:32:35,JSMR,RG,3470,33,D,LS,AG,D
13:31:08,JSMR,RG,3470,4,D,LS,PD,D
13:30:07,JSMR,RG,3480,1,D,XL,PD,D
13:30:07,JSMR,RG,3480,1,D,YP,PD,D
13:30:06,JSMR,RG,3480,1,D,YP,PD,D
13:30:03,JSMR,RG,3480,2,D,YP,PD,D
13:30:03,JSMR,RG,3480,16,D,CC,PD,D
13:30:03,JSMR,RG,3480,3,D,CC,PD,D
13:30:02,JSMR,RG,3480,31,D,YP,PD,D
13:30:02,JSMR,RG,3480,4,D,YP,PD,D
13:30:02,JSMR,RG,3480,25,D,YP,CC,D
13:30:02,JSMR,RG,3480,10,D,YP,SQ,D
13:30:02,JSMR,RG,3480,30,D,YP,CC,D
13:30:02,JSMR,RG,3470,13,D,LS,YP,D
13:30:02,JSMR,RG,3470,10,D,YP,YP,D
13:30:02,JSMR,RG,3470,1,D,YP,YP,D
13:30:02,JSMR,RG,3470,5,D,XL,YP,D
13:30:02,JSMR,RG,3470,1,D,PD,YP,D
13:30:02,JSMR,RG,3470,1,D,DH,XC,D
13:30:02,JSMR,RG,3480,1,D,YP,CC,D
13:30:02,JSMR,RG,3480,1,D,YP,CC,D
13:30:02,JSMR,RG,3480,1,D,YP,CC,D
13:30:02,JSMR,RG,3480,1,D,YP,CC,D
13:30:02,JSMR,RG,3480,1,D,YP,CC,D
13:30:02,JSMR,RG,3480,1,D,YP,CC,D
13:30:02,JSMR,RG,3480,1,D,YP,CC,D
13:30:02,JSMR,RG,3480,1,D,YP,CC,D
13:30:01,JSMR,RG,3480,1,D,PD,CC,D
13:30:01,JSMR,RG,3480,30,D,KK,CC,D
13:30:01,JSMR,RG,3480,20,D,KK,PD,D
13:30:01,JSMR,RG,3480,5,D,PD,PD,D
13:30:01,JSMR,RG,3480,3,D,EP,PD,D
11:29:26,JSMR,RG,3480,1,D,DR,PD,D
11:29:14,JSMR,RG,3470,5,D,XL,NI,D
11:24:53,JSMR,RG,3480,3,D,PD,PD,D
11:24:12,JSMR,RG,3470,1,D,XL,PD,D
11:24:04,JSMR,RG,3480,30,D,IF,PD,D
11:23:14,JSMR,RG,3480,5,D,PD,PD,D
11:23:00,JSMR,RG,3470,9,D,XL,CC,D
11:23:00,JSMR,RG,3470,10,D,YP,CC,D
11:23:00,JSMR,RG,3470,8,D,EP,CC,D
11:21:13,JSMR,RG,3470,1,D,NI,SQ,D
11:20:39,JSMR,RG,3480,1,D,XC,PD,D
11:19:44,JSMR,RG,3480,60,D,PD,PD,D
11:16:57,JSMR,RG,3470,1,D,NI,SQ,D
11:16:22,JSMR,RG,3470,5,D,NI,DR,D
11:16:20,JSMR,RG,3480,1,D,YP,PD,D
11:14:45,JSMR,RG,3480,1,D,PD,PD,D
11:14:01,JSMR,RG,3480,50,D,GR,PD,D
11:10:49,JSMR,RG,3480,20,D,AT,PD,D
11:09:58,JSMR,RG,3470,7,D,NI,NI,D
11:08:57,JSMR,RG,3470,6,D,NI,EP,D
11:08:06,JSMR,RG,3480,2,D,CC,CC,F
11:07:49,JSMR,RG,3480,16,D,GR,CC,F
11:07:49,JSMR,RG,3480,34,D,GR,PD,D
11:06:30,JSMR,RG,3480,1,D,YP,PD,D
11:05:19,JSMR,RG,3480,1,D,DX,PD,D
11:05:19,JSMR,RG,3480,1,D,CC,PD,D
11:05:19,JSMR,RG,3480,1,D,YP,PD,D
11:05:19,JSMR,RG,3480,100,D,OD,PD,D
11:05:19,JSMR,RG,3480,1,D,DR,PD,D
11:05:19,JSMR,RG,3480,14,D,OD,PD,D
11:05:19,JSMR,RG,3480,2,D,YU,PD,D
11:05:19,JSMR,RG,3480,20,D,LG,PD,D
11:05:19,JSMR,RG,3480,100,D,PD,PD,D
11:05:19,JSMR,RG,3480,10,D,CC,PD,D
11:05:19,JSMR,RG,3480,37,F,AK,PD,D
11:05:19,JSMR,RG,3480,10,D,EP,PD,D
11:05:19,JSMR,RG,3480,3,D,OD,PD,D
11:05:19,JSMR,RG,3480,10,D,NI,PD,D
11:05:19,JSMR,RG,3480,10,D,CC,PD,D
11:05:19,JSMR,RG,3480,30,D,SQ,PD,D
11:05:19,JSMR,RG,3480,1,D,XC,PD,D
11:05:19,JSMR,RG,3480,9,D,PD,PD,D
11:05:19,JSMR,RG,3480,20,D,IF,PD,D
11:05:19,JSMR,RG,3480,11,D,PD,PD,D
11:05:19,JSMR,RG,3480,15,D,XL,PD,D
11:05:19,JSMR,RG,3480,4,D,DX,PD,D
11:05:19,JSMR,RG,3480,1,D,PD,PD,D
11:05:19,JSMR,RG,3480,160,D,OD,PD,D
11:05:19,JSMR,RG,3480,2,D,YP,PD,D
11:05:19,JSMR,RG,3480,10,F,AG,PD,D
11:05:19,JSMR,RG,3480,80,D,CC,PD,D
11:05:19,JSMR,RG,3480,100,D,KK,PD,D
11:05:19,JSMR,RG,3480,6,D,XL,PD,D
11:05:19,JSMR,RG,3480,50,D,CC,PD,D
11:05:19,JSMR,RG,3480,3,D,YP,PD,D
11:05:19,JSMR,RG,3480,1,D,YP,PD,D
11:05:19,JSMR,RG,3480,2,D,NI,PD,D
11:05:19,JSMR,RG,3480,3,D,PD,PD,D
11:05:19,JSMR,RG,3480,1,D,YP,PD,D
11:05:19,JSMR,RG,3480,2,D,KK,PD,D
11:05:19,JSMR,RG,3480,1,D,YP,PD,D
11:05:19,JSMR,RG,3480,1,D,YB,PD,D
11:05:19,JSMR,RG,3480,4,D,PD,PD,D
11:05:19,JSMR,RG,3480,1,D,NI,PD,D
11:05:19,JSMR,RG,3480,1,D,LG,PD,D
11:05:19,JSMR,RG,3480,1,D,OD,PD,D
11:05:19,JSMR,RG,3480,1,D,OD,PD,D
11:05:19,JSMR,RG,3480,1,D,CC,PD,D
11:05:19,JSMR,RG,3480,1,D,SQ,PD,D
11:05:19,JSMR,RG,3480,1,D,PD,PD,D
11:05:19,JSMR,RG,3480,5,D,YP,PD,D
11:05:19,JSMR,RG,3480,1,D,YP,PD,D
11:05:19,JSMR,RG,3480,1,D,YP,PD,D
11:05:19,JSMR,RG,3480,5,D,PD,PD,D
11:05:19,JSMR,RG,3480,100,D,SQ,PD,D
11:05:19,JSMR,RG,3480,50,D,EP,PD,D
11:05:19,JSMR,RG,3480,20,D,OD,PD,D
11:05:19,JSMR,RG,3480,14,D,OD,PD,D
11:05:19,JSMR,RG,3480,1,D,YP,PD,D
11:05:19,JSMR,RG,3480,10,D,EP,PD,D
11:05:19,JSMR,RG,3480,1,D,YP,PD,D
11:05:19,JSMR,RG,3480,213,D,YP,PD,D
11:01:19,JSMR,RG,3480,10,D,YP,XL,D
11:01:15,JSMR,RG,3490,3,D,SQ,DH,D
11:00:10,JSMR,RG,3480,1,D,YP,OD,D
10:57:56,JSMR,RG,3490,17,D,CC,DH,D
10:57:56,JSMR,RG,3490,20,D,CC,CC,F
10:57:56,JSMR,RG,3490,10,D,CC,NI,D
10:57:56,JSMR,RG,3490,18,D,CC,YP,D
10:57:56,JSMR,RG,3490,1,D,CC,YP,D
10:57:56,JSMR,RG,3490,34,D,CC,YP,D
10:57:33,JSMR,RG,3490,2,D,YP,YP,D
10:57:19,JSMR,RG,3490,1,D,DR,YP,D
10:54:53,JSMR,RG,3490,1,D,YU,YP,D
10:53:05,JSMR,RG,3480,33,D,YP,YP,D
10:52:39,JSMR,RG,3490,1,D,YP,YP,D
10:51:17,JSMR,RG,3490,4,D,PD,YP,D
10:50:33,JSMR,RG,3490,5,D,PD,YP,D
10:48:45,JSMR,RG,3490,1,D,PD,YP,D
10:46:37,JSMR,RG,3490,8,D,EP,YP,D
10:44:46,JSMR,RG,3490,13,D,PD,YP,D
10:44:46,JSMR,RG,3490,1,D,PD,KK,D
10:43:19,JSMR,RG,3480,10,D,YP,DR,D
10:42:59,JSMR,RG,3490,2,D,PD,KK,D
10:42:47,JSMR,RG,3480,2,D,YP,AG,D
10:41:19,JSMR,RG,3490,1,D,CC,KK,D
10:37:16,JSMR,RG,3480,2,D,YP,DR,D
10:36:41,JSMR,RG,3490,10,D,CC,KK,D
10:35:29,JSMR,RG,3490,2,D,YU,KK,D
10:33:15,JSMR,RG,3480,29,D,YP,KK,D
10:33:15,JSMR,RG,3480,3,D,OD,KK,D
10:33:15,JSMR,RG,3480,1,D,PD,KK,D
10:33:15,JSMR,RG,3480,1,D,CC,KK,D
10:33:15,JSMR,RG,3480,2,D,YP,KK,D
10:33:15,JSMR,RG,3480,1,D,XA,KK,D
10:33:15,JSMR,RG,3480,30,D,OD,KK,D
10:33:15,JSMR,RG,3480,3,D,YP,KK,D
10:31:44,JSMR,RG,3480,1,D,YP,YB,D
10:31:44,JSMR,RG,3480,5,D,EP,YB,D
10:31:44,JSMR,RG,3480,5,D,DH,YB,D
10:31:44,JSMR,RG,3480,4,D,YP,YB,D
10:30:24,JSMR,RG,3480,1,D,YP,XC,D
10:30:10,JSMR,RG,3480,25,D,YP,DX,D
10:29:25,JSMR,RG,3480,20,D,YP,DX,D
10:29:25,JSMR,RG,3480,5,D,YP,DX,D
10:28:44,JSMR,RG,3490,2,D,XL,KK,D
10:27:13,JSMR,RG,3490,20,D,EP,KK,D
10:27:13,JSMR,RG,3490,2,D,CC,KK,D
10:27:13,JSMR,RG,3490,20,D,CC,KK,D
10:26:59,JSMR,RG,3490,3,D,CC,XL,D
10:26:59,JSMR,RG,3490,2,D,OD,XL,D
10:26:52,JSMR,RG,3490,10,D,OD,DR,D
10:22:44,JSMR,RG,3490,1,D,OD,PD,D
10:21:06,JSMR,RG,3490,3,D,OD,DR,D
10:21:04,JSMR,RG,3490,2,D,OD,XL,D
10:19:52,JSMR,RG,3490,127,D,OD,YP,D
10:18:36,JSMR,RG,3490,1,D,NI,YP,D
10:18:36,JSMR,RG,3490,1,D,CC,YP,D
10:18:36,JSMR,RG,3490,2,D,CC,YP,D
10:18:36,JSMR,RG,3490,19,D,DH,YP,D
10:16:45,JSMR,RG,3490,9,D,DH,AK,F
10:16:36,JSMR,RG,3490,72,D,DH,OD,D
10:16:36,JSMR,RG,3490,73,F,BK,OD,D
10:16:32,JSMR,RG,3490,5,F,BK,YP,D
10:14:52,JSMR,RG,3500,1,D,EP,YP,D
10:13:43,JSMR,RG,3500,30,F,HP,YP,D
10:13:14,JSMR,RG,3500,1,D,AG,YP,D
10:09:38,JSMR,RG,3490,73,F,BK,OD,D
10:09:38,JSMR,RG,3490,2,D,DR,OD,D
10:07:41,JSMR,RG,3490,9,D,DR,AK,F
10:07:41,JSMR,RG,3490,2,D,DR,AK,F
10:07:41,JSMR,RG,3490,19,D,DR,KK,D
10:07:41,JSMR,RG,3490,1,D,DR,EP,D
10:07:41,JSMR,RG,3490,62,D,DR,XC,D
10:07:41,JSMR,RG,3490,5,D,DR,EP,D
10:05:32,JSMR,RG,3490,5,D,CC,YP,D
10:05:32,JSMR,RG,3490,6,D,CC,EP,D
10:04:38,JSMR,RG,3480,6,F,BK,NI,D
10:04:03,JSMR,RG,3490,75,D,AT,EP,D
10:04:03,JSMR,RG,3490,3,D,AT,YP,D
10:04:03,JSMR,RG,3490,10,D,AT,YP,D
10:04:03,JSMR,RG,3490,7,D,AT,XC,D
10:04:03,JSMR,RG,3490,1,D,AT,OD,D
10:04:03,JSMR,RG,3490,4,D,AT,LG,D
10:02:29,JSMR,RG,3490,5,D,DR,LG,D
09:59:20,JSMR,RG,3490,1,D,YP,LG,D
09:59:04,JSMR,RG,3490,1,D,YP,LG,D
09:57:25,JSMR,RG,3490,9,D,PD,LG,D
09:57:25,JSMR,RG,3490,1,D,PD,NI,D
09:56:39,JSMR,RG,3490,10,D,PD,CC,F
09:55:40,JSMR,RG,3490,2,D,PD,CC,F
09:55:23,JSMR,RG,3490,1,D,PD,KK,D
09:54:57,JSMR,RG,3490,3,D,PD,CC,F
09:54:57,JSMR,RG,3490,20,D,PD,NI,D
09:54:57,JSMR,RG,3490,17,D,PD,CC,D
09:54:44,JSMR,RG,3490,15,D,XL,CC,D
09:54:20,JSMR,RG,3490,30,D,PD,CC,D
09:54:00,JSMR,RG,3490,3,D,PD,CC,D
09:52:15,JSMR,RG,3480,4,F,BK,AK,F
09:51:34,JSMR,RG,3490,10,D,AG,CC,D
09:51:34,JSMR,RG,3490,5,D,AG,SQ,D
09:51:34,JSMR,RG,3490,3,D,AG,CC,D
09:51:34,JSMR,RG,3490,1,D,AG,CC,D
09:51:34,JSMR,RG,3490,19,D,AG,CC,F
09:51:34,JSMR,RG,3490,2,D,AG,NI,D
09:51:34,JSMR,RG,3490,3,D,AG,XC,D
09:51:34,JSMR,RG,3490,1,D,AG,XL,D
09:51:34,JSMR,RG,3490,10,D,AG,YP,D
09:51:34,JSMR,RG,3490,20,D,AG,YP,D
09:51:34,JSMR,RG,3490,10,D,AG,YP,D
09:51:34,JSMR,RG,3490,86,D,AG,AZ,D
09:51:34,JSMR,RG,3490,9,D,AG,YP,D
09:51:34,JSMR,RG,3490,10,D,AG,YP,D
09:51:34,JSMR,RG,3490,11,D,AG,YP,D
09:51:18,JSMR,RG,3490,5,D,KK,YP,D
09:47:29,JSMR,RG,3480,2,F,BK,NI,D
09:47:29,JSMR,RG,3480,2,F,CC,NI,D
09:47:29,JSMR,RG,3480,9,D,YP,NI,D
09:45:45,JSMR,RG,3480,5,D,LS,HP,D
09:45:22,JSMR,RG,3480,8,D,LS,PD,D
09:42:02,JSMR,RG,3480,7,D,LS,CC,D
09:42:02,JSMR,RG,3480,4,F,YP,CC,D
09:41:34,JSMR,RG,3490,1,D,CC,YP,D
09:41:34,JSMR,RG,3490,1,D,CC,PD,D
09:41:34,JSMR,RG,3490,1,D,CC,EP,D
09:38:48,JSMR,RG,3490,10,D,PD,EP,D
09:38:18,JSMR,RG,3490,1,D,AG,EP,D
09:34:39,JSMR,RG,3490,11,D,PD,EP,D
09:34:10,JSMR,RG,3490,1,D,CC,EP,D
09:33:54,JSMR,RG,3490,1,D,PD,EP,D
09:32:39,JSMR,RG,3480,10,F,YP,YP,D
09:32:26,JSMR,RG,3480,86,F,YP,PD,D
09:32:26,JSMR,RG,3480,1,D,XL,PD,D
09:32:26,JSMR,RG,3480,1,D,YP,PD,D
09:32:26,JSMR,RG,3480,42,D,YP,PD,D
09:31:51,JSMR,RG,3490,1,D,PD,EP,D
09:31:38,JSMR,RG,3480,50,D,YP,PD,D
09:31:06,JSMR,RG,3480,5,D,YP,DR,D
09:30:04,JSMR,RG,3480,2,D,YP,PD,D
09:28:44,JSMR,RG,3480,1,D,YP,AK,F
09:28:44,JSMR,RG,3480,1,D,CC,AK,F
09:28:44,JSMR,RG,3490,24,D,YP,EP,D
09:28:44,JSMR,RG,3490,6,D,YP,CC,D
09:24:40,JSMR,RG,3490,2,D,EP,CC,D
09:24:26,JSMR,RG,3480,2,D,CC,AK,F
09:24:26,JSMR,RG,3490,50,D,AT,CC,D
09:21:39,JSMR,RG,3490,1,D,EP,CC,D
09:21:08,JSMR,RG,3490,1,D,PD,CC,D
09:20:22,JSMR,RG,3480,5,D,CC,NI,D
09:16:42,JSMR,RG,3480,10,D,CC,YP,D
09:16:10,JSMR,RG,3480,1,D,CC,YP,D
09:16:03,JSMR,RG,3480,1,D,CC,DR,D
09:16:03,JSMR,RG,3480,8,D,EP,DR,D
09:15:06,JSMR,RG,3490,1,D,YP,CC,D
09:12:53,JSMR,RG,3490,10,D,PD,CC,D
09:11:57,JSMR,RG,3490,10,D,PD,CC,D
09:10:08,JSMR,RG,3490,99,D,IF,CC,D
09:09:34,JSMR,RG,3490,2,D,NI,CC,D
09:09:16,JSMR,RG,3490,8,D,PD,CC,D
09:09:16,JSMR,RG,3490,1,D,PD,YP,D
09:09:16,JSMR,RG,3490,1,D,PD,XC,D
09:03:31,JSMR,RG,3490,5,F,BK,YP,D
09:01:06,JSMR,RG,3490,9,D,DR,AK,F
09:00:19,JSMR,RG,3490,1,D,YP,AK,F
09:00:19,JSMR,RG,3500,1,D,YP,YP,D
09:00:19,JSMR,RG,3500,1,D,YP,YP,D
09:00:11,JSMR,RG,3500,7,D,EP,YP,D
09:00:11,JSMR,RG,3500,1,D,EP,PD,D
09:00:07,JSMR,RG,3480,186,F,AK,YP,D
09:00:06,JSMR,RG,3480,14,F,AK,YP,D
09:00:06,JSMR,RG,3480,63,F,AK,PD,D
09:00:06,JSMR,RG,3480,2,D,DH,PD,D
09:00:05,JSMR,RG,3480,10,D,PD,PD,D
09:00:05,JSMR,RG,3480,2,D,PD,PD,D
09:00:04,JSMR,RG,3480,10,D,CC,PD,D
09:00:04,JSMR,RG,3480,6,D,XL,PD,D
09:00:04,JSMR,RG,3480,10,D,DH,PD,D
09:00:04,JSMR,RG,3480,13,D,SF,PD,D
09:00:04,JSMR,RG,3490,6,D,YB,PD,D
09:00:04,JSMR,RG,3490,18,D,AZ,PD,D
09:00:03,JSMR,RG,3510,1,D,YP,GR,D
09:00:03,JSMR,RG,3510,1,D,YP,GR,D
09:00:03,JSMR,RG,3510,1,D,YP,GR,D
09:00:03,JSMR,RG,3500,1,D,YP,AT,D
09:00:03,JSMR,RG,3490,12,D,AZ,CC,D
09:00:03,JSMR,RG,3490,8,D,EP,CC,D
09:00:00,JSMR,RG,3520,1,D,SQ,CP,D
