Time,Stock,Brd,Price,Qty,BT,BC,SC,ST
15:12:14,JSMR,RG,3550,20,D,OD,YU,D
15:12:04,JSMR,RG,3550,20,D,OD,YU,D
15:12:02,JSMR,RG,3550,5,D,SQ,YU,D
15:09:13,JSMR,RG,3550,150,D,EL,YU,D
15:08:48,JSMR,RG,3550,8,D,CC,YU,D
15:08:11,JSMR,RG,3550,1,D,XL,YU,D
15:05:45,JSMR,RG,3550,60,D,PD,YU,D
15:04:14,JSMR,RG,3550,5,D,YP,YU,D
15:04:13,JSMR,RG,3550,150,D,XL,YU,D
15:04:00,JSMR,RG,3550,5,D,YP,YU,D
15:03:46,JSMR,RG,3550,5,D,YP,YU,D
15:03:34,JSMR,RG,3550,5,D,YP,YU,D
15:03:30,JSMR,RG,3550,6,D,YB,YU,D
15:03:26,JSMR,RG,3550,50,D,PD,YU,D
15:03:18,JSMR,RG,3550,5,D,YP,YU,D
15:02:43,JSMR,RG,3550,5,D,YP,YU,D
15:02:31,JSMR,RG,3550,5,D,YP,YU,D
15:02:15,JSMR,RG,3550,5,D,YP,YU,D
15:02:00,JSMR,RG,3550,5,D,YP,YU,D
15:01:56,JSMR,RG,3550,5,D,YP,YU,D
15:01:54,JSMR,RG,3550,12,D,YP,YU,D
15:01:45,JSMR,RG,3550,5,D,YP,YU,D
15:01:39,JSMR,RG,3550,5,D,YP,YU,D
15:01:35,JSMR,RG,3550,5,D,YP,YU,D
15:01:21,JSMR,RG,3550,5,D,YP,YU,D
15:01:18,JSMR,RG,3550,40,D,NI,YU,D
15:00:00,JSMR,RG,3550,3,D,YP,YU,D
15:00:00,JSMR,RG,3550,1,D,YP,YU,D
15:00:00,JSMR,RG,3550,1,D,YP,YU,D
15:00:00,JSMR,RG,3550,1,D,YP,YU,D
15:00:00,JSMR,RG,3550,1,D,YP,YU,D
15:00:00,JSMR,RG,3550,130,F,ZP,YU,D
15:00:00,JSMR,RG,3550,1,D,YP,YU,D
15:00:00,JSMR,RG,3550,134,F,AK,YU,D
15:00:00,JSMR,RG,3550,129,F,ZP,YU,D
15:00:00,JSMR,RG,3550,296,F,AK,YU,D
15:00:00,JSMR,RG,3550,26,F,BK,YU,D
15:00:00,JSMR,RG,3550,3,F,BK,CC,D
15:00:00,JSMR,RG,3550,82,F,BK,EL,D
15:00:00,JSMR,RG,3550,8,F,BK,EL,D
15:00:00,JSMR,RG,3550,110,F,BK,EL,D
15:00:00,JSMR,RG,3550,5,F,BK,PD,D
15:00:00,JSMR,RG,3550,1,F,BK,PD,D
15:00:00,JSMR,RG,3550,50,F,BK,ZP,D
15:00:00,JSMR,RG,3550,2,F,BK,PD,D
15:00:00,JSMR,RG,3550,50,F,BK,YP,D
15:00:00,JSMR,RG,3550,1,F,BK,KK,D
15:00:00,JSMR,RG,3550,1,F,BK,YP,D
15:00:00,JSMR,RG,3550,750,F,BK,CP,D
15:00:00,JSMR,RG,3550,69,F,BK,AK,F
15:00:00,JSMR,RG,3550,550,F,BK,PD,D
15:00:00,JSMR,RG,3550,30,F,BK,YP,D
15:00:00,JSMR,RG,3550,1,F,BK,MU,D
15:00:00,JSMR,RG,3550,300,F,BK,PD,D
15:00:00,JSMR,RG,3550,5,F,BK,PD,D
15:00:00,JSMR,RG,3550,2,F,BK,PD,D
15:00:00,JSMR,RG,3550,38,F,BK,AZ,D
15:00:00,JSMR,RG,3550,17,F,BK,AZ,D
15:00:00,JSMR,RG,3550,405,F,ZP,AZ,D
15:00:00,JSMR,RG,3550,40,F,ZP,KK,D
15:00:00,JSMR,RG,3550,30,F,ZP,DR,D
15:00:00,JSMR,RG,3550,150,F,ZP,KK,D
15:00:00,JSMR,RG,3550,20,F,ZP,NI,D
15:00:00,JSMR,RG,3550,1,F,ZP,YP,D
15:00:00,JSMR,RG,3550,20,F,ZP,YP,D
15:00:00,JSMR,RG,3550,10,F,ZP,YU,D
15:00:00,JSMR,RG,3550,1,F,ZP,PD,D
15:00:00,JSMR,RG,3550,70,F,ZP,EP,D
15:00:00,JSMR,RG,3550,1,F,ZP,YP,D
15:00:00,JSMR,RG,3550,10,F,ZP,YP,D
15:00:00,JSMR,RG,3550,190,F,ZP,AZ,D
15:00:00,JSMR,RG,3550,300,F,ZP,YP,D
15:00:00,JSMR,RG,3550,117,F,ZP,YP,D
15:00:00,JSMR,RG,3550,2,F,ZP,YB,D
15:00:00,JSMR,RG,3550,5,F,ZP,NI,D
15:00:00,JSMR,RG,3550,24,F,ZP,KK,D
15:00:00,JSMR,RG,3550,67,F,AK,KK,D
15:00:00,JSMR,RG,3550,3,F,ZP,KK,D
15:00:00,JSMR,RG,3550,6,F,AK,KK,D
15:00:00,JSMR,RG,3550,61,F,AK,DR,D
15:00:00,JSMR,RG,3550,39,D,KZ,DR,D
15:00:00,JSMR,RG,3550,20,D,KZ,YP,D
15:00:00,JSMR,RG,3550,3,D,KZ,PD,D
15:00:00,JSMR,RG,3550,1,D,KZ,YP,D
15:00:00,JSMR,RG,3550,4,D,KZ,YP,D
15:00:00,JSMR,RG,3550,20,D,KZ,AG,D
15:00:00,JSMR,RG,3550,50,D,KZ,YP,D
15:00:00,JSMR,RG,3550,5,D,KZ,CC,D
15:00:00,JSMR,RG,3550,10,D,KZ,HP,D
15:00:00,JSMR,RG,3550,1,D,KZ,PD,D
15:00:00,JSMR,RG,3550,1,D,KZ,YP,D
15:00:00,JSMR,RG,3550,482,D,KZ,CP,D
15:00:00,JSMR,RG,3550,10,D,KZ,KK,D
15:00:00,JSMR,RG,3550,50,D,KZ,YP,D
15:00:00,JSMR,RG,3550,9,D,KZ,YP,D
15:00:00,JSMR,RG,3550,28,D,KZ,YB,D
15:00:00,JSMR,RG,3550,1,D,KZ,OD,D
15:00:00,JSMR,RG,3550,2,D,KZ,EP,D
15:00:00,JSMR,RG,3550,5,D,KZ,YP,D
15:00:00,JSMR,RG,3550,1,D,KZ,EP,D
15:00:00,JSMR,RG,3550,100,D,KZ,ZP,D
15:00:00,JSMR,RG,3550,15,D,KZ,GR,D
15:00:00,JSMR,RG,3550,1,D,KZ,XC,D
15:00:00,JSMR,RG,3550,3,D,KZ,PD,D
15:00:00,JSMR,RG,3550,1,D,KZ,YP,D
15:00:00,JSMR,RG,3550,225,D,KZ,AI,D
15:00:00,JSMR,RG,3550,5,D,KZ,DR,D
15:00:00,JSMR,RG,3550,10,D,KZ,AZ,D
15:00:00,JSMR,RG,3550,2,D,KZ,YP,D
15:00:00,JSMR,RG,3550,35,D,KZ,YP,D
15:00:00,JSMR,RG,3550,50,D,KZ,PD,D
15:00:00,JSMR,RG,3550,30,D,KZ,YB,D
15:00:00,JSMR,RG,3550,10,D,KZ,AZ,D
15:00:00,JSMR,RG,3550,15,D,KZ,OD,D
15:00:00,JSMR,RG,3550,300,D,KZ,NI,D
15:00:00,JSMR,RG,3550,6,D,KZ,YB,D
15:00:00,JSMR,RG,3550,9,D,KZ,KK,D
15:00:00,JSMR,RG,3550,2,D,KZ,HP,D
15:00:00,JSMR,RG,3550,400,D,KZ,YB,D
15:00:00,JSMR,RG,3550,10,D,KZ,CC,D
15:00:00,JSMR,RG,3550,4,D,KZ,DR,D
15:00:00,JSMR,RG,3550,1722,D,KZ,YU,F
15:00:00,JSMR,RG,3550,2,D,KZ,YU,F
15:00:00,JSMR,RG,3550,2,F,ZP,YU,F
15:00:00,JSMR,RG,3550,888,F,ZP,YU,F
15:00:00,JSMR,RG,3550,123,F,ZP,DP,D
15:00:00,JSMR,RG,3550,58,F,ZP,PD,D
15:00:00,JSMR,RG,3550,1,F,ZP,YU,F
15:00:00,JSMR,RG,3550,563,F,ZP,YU,F
15:00:00,JSMR,RG,3550,137,F,ZP,YU,F
15:00:00,JSMR,RG,3550,4,F,AK,YU,F
15:00:00,JSMR,RG,3550,4,F,AK,YU,F
15:00:00,JSMR,RG,3550,1,F,AK,YU,F
15:00:00,JSMR,RG,3550,937,F,AK,YU,F
15:00:00,JSMR,RG,3550,241,F,AK,AK,F
15:00:00,JSMR,RG,3550,38,F,RX,AK,F
15:00:00,JSMR,RG,3550,212,F,RX,RX,F
15:00:00,JSMR,RG,3550,186,F,RX,AK,F
15:00:00,JSMR,RG,3550,1082,F,RX,YU,F
15:00:00,JSMR,RG,3550,402,D,PD,YU,F
15:00:00,JSMR,RG,3550,55,D,PD,BK,F
15:00:00,JSMR,RG,3550,80,D,PD,CS,F
15:00:00,JSMR,RG,3550,20,D,PD,LG,D
15:00:00,JSMR,RG,3550,90,D,PD,LG,D
14:49:58,JSMR,RG,3480,20,D,NI,BK,F
14:49:58,JSMR,RG,3480,3,F,ZP,BK,F
14:49:57,JSMR,RG,3480,1,D,DH,BK,F
14:49:57,JSMR,RG,3480,1,F,AK,BK,F
14:49:56,JSMR,RG,3480,2,F,ZP,BK,F
14:49:56,JSMR,RG,3480,28,D,KK,BK,F
14:49:56,JSMR,RG,3480,1,D,KK,EP,D
14:49:56,JSMR,RG,3480,50,D,KK,YB,D
14:49:56,JSMR,RG,3480,71,D,KK,CP,D
14:49:55,JSMR,RG,3480,7,D,YP,CP,D
14:49:55,JSMR,RG,3480,37,F,BK,CP,D
14:49:55,JSMR,RG,3480,10,D,DR,CP,D
14:49:55,JSMR,RG,3470,79,D,DH,YU,F
14:49:55,JSMR,RG,3470,30,D,DR,YU,F
14:49:55,JSMR,RG,3470,1,D,YP,YU,F
14:49:55,JSMR,RG,3470,5,D,AZ,YU,F
14:49:55,JSMR,RG,3470,50,D,XL,YU,F
14:49:53,JSMR,RG,3480,7,F,ZP,CP,D
14:49:51,JSMR,RG,3480,1,F,AK,CP,D
14:49:51,JSMR,RG,3480,9,F,ZP,CP,D
14:49:41,JSMR,RG,3480,7,D,YP,CP,D
14:49:40,JSMR,RG,3480,5,D,XL,CP,D
14:49:40,JSMR,RG,3480,5,F,ZP,CP,D
14:49:39,JSMR,RG,3480,20,D,LS,CP,D
14:49:35,JSMR,RG,3480,7,D,YP,CP,D
14:49:35,JSMR,RG,3480,11,D,XC,CP,D
14:49:34,JSMR,RG,3470,1,D,XL,YP,D
14:49:30,JSMR,RG,3470,55,D,XL,YU,F
14:49:30,JSMR,RG,3480,200,D,YP,CP,D
14:49:28,JSMR,RG,3470,44,D,XL,MG,D
14:49:28,JSMR,RG,3470,5,D,PD,MG,D
14:49:28,JSMR,RG,3470,1,D,KK,MG,D
14:49:26,JSMR,RG,3470,6,D,KK,XL,D
14:49:20,JSMR,RG,3480,50,D,DR,CP,D
14:49:20,JSMR,RG,3470,1,D,KK,EP,D
14:49:17,JSMR,RG,3480,25,D,EP,CP,D
14:49:16,JSMR,RG,3480,1,F,AK,CP,D
14:49:16,JSMR,RG,3480,1,D,XL,CP,D
14:49:16,JSMR,RG,3480,26,F,BK,CP,D
14:49:15,JSMR,RG,3480,56,F,BK,BB,D
14:49:15,JSMR,RG,3480,35,D,PD,BB,D
14:49:15,JSMR,RG,3480,10,F,ZP,BB,D
14:49:15,JSMR,RG,3480,6,D,YP,BB,D
14:49:14,JSMR,RG,3480,1,D,YP,BB,D
14:49:06,JSMR,RG,3490,15,F,BK,CP,D
14:49:02,JSMR,RG,3470,12,D,KK,YU,F
14:49:02,JSMR,RG,3470,5,D,YP,YU,F
14:49:02,JSMR,RG,3470,42,D,OD,YU,F
14:49:02,JSMR,RG,3490,146,F,BK,CP,D
14:49:00,JSMR,RG,3480,1,D,CC,AK,F
14:48:59,JSMR,RG,3470,58,D,OD,YU,D
14:48:59,JSMR,RG,3470,1,D,PD,YU,D
14:48:59,JSMR,RG,3470,1,D,PD,YU,D
14:48:59,JSMR,RG,3470,1,D,XC,YU,D
14:48:59,JSMR,RG,3470,1,F,AK,YU,D
14:48:59,JSMR,RG,3470,2,D,OD,YU,D
14:48:59,JSMR,RG,3470,1,D,DH,YU,D
14:48:59,JSMR,RG,3470,5,D,XC,YU,D
14:48:59,JSMR,RG,3470,3,D,YP,YU,D
14:48:59,JSMR,RG,3470,5,D,SQ,YU,D
14:48:59,JSMR,RG,3470,3,D,KK,YU,D
14:48:59,JSMR,RG,3470,2,D,AZ,YU,D
14:48:59,JSMR,RG,3470,37,D,PD,YU,D
14:48:59,JSMR,RG,3470,38,D,AZ,YU,D
14:48:59,JSMR,RG,3480,32,F,RX,YU,D
14:48:59,JSMR,RG,3480,1,D,YB,YU,D
14:48:59,JSMR,RG,3480,1,D,YP,YU,D
14:48:59,JSMR,RG,3480,44,F,BK,YU,D
14:48:59,JSMR,RG,3480,50,D,XL,YU,D
14:48:59,JSMR,RG,3480,29,F,RX,YU,D
14:48:59,JSMR,RG,3480,2,D,YP,YU,D
14:48:59,JSMR,RG,3480,1,F,AK,YU,D
14:48:59,JSMR,RG,3480,1,F,AK,YU,D
14:48:59,JSMR,RG,3480,20,D,KK,YU,D
14:48:59,JSMR,RG,3480,50,D,PD,YU,D
14:48:59,JSMR,RG,3480,1,F,AK,YU,D
14:48:59,JSMR,RG,3480,170,F,BK,YU,D
14:48:59,JSMR,RG,3480,1140,D,DR,YU,D
14:48:57,JSMR,RG,3490,1,F,AK,CP,D
14:48:54,JSMR,RG,3490,29,F,RX,CP,D
14:48:52,JSMR,RG,3490,5,D,YP,CP,D
14:48:50,JSMR,RG,3490,30,D,YP,CP,D
14:48:43,JSMR,RG,3490,25,D,XC,CP,D
14:48:40,JSMR,RG,3480,360,D,DR,BK,F
14:48:40,JSMR,RG,3480,12,F,BK,BK,F
14:48:40,JSMR,RG,3480,4,D,YP,BK,F
14:48:40,JSMR,RG,3480,100,D,PD,BK,F
14:48:40,JSMR,RG,3480,1,D,XC,BK,F
14:48:40,JSMR,RG,3480,2,D,OD,BK,F
14:48:40,JSMR,RG,3480,1,D,PD,BK,F
14:48:38,JSMR,RG,3490,17,F,RX,CP,D
14:48:35,JSMR,RG,3480,6,D,KK,BB,D
14:48:31,JSMR,RG,3480,10,D,PD,YU,F
14:48:30,JSMR,RG,3480,107,F,BK,BB,D
14:48:30,JSMR,RG,3480,3,F,BK,YP,D
14:48:30,JSMR,RG,3480,11,F,BK,YU,F
14:48:30,JSMR,RG,3480,15,F,BK,YU,F
14:48:30,JSMR,RG,3480,30,F,BK,YU,F
14:48:30,JSMR,RG,3480,14,F,BK,YU,F
14:48:30,JSMR,RG,3480,208,F,BK,BK,F
14:48:28,JSMR,RG,3480,5,D,SQ,BK,F
14:48:28,JSMR,RG,3480,8,F,RX,BK,F
14:48:28,JSMR,RG,3480,1,F,RX,AK,F
14:48:28,JSMR,RG,3480,5,F,RX,BB,D
14:48:26,JSMR,RG,3480,9,F,RX,BB,D
14:48:24,JSMR,RG,3480,5,D,DH,BB,D
14:48:18,JSMR,RG,3470,11,D,AZ,BB,D
14:48:16,JSMR,RG,3480,2,D,XC,BB,D
14:48:12,JSMR,RG,3480,12,F,RX,BB,D
14:48:12,JSMR,RG,3480,11,F,RX,YU,F
14:48:08,JSMR,RG,3470,1,D,AZ,BB,D
14:48:07,JSMR,RG,3470,32,D,AZ,BB,D
14:48:07,JSMR,RG,3480,15,D,PD,YU,F
14:48:05,JSMR,RG,3470,8,D,AZ,BB,D
14:48:05,JSMR,RG,3470,1,D,AZ,BB,D
14:48:03,JSMR,RG,3480,26,D,YP,YU,F
14:48:03,JSMR,RG,3480,4,D,YP,YU,F
14:48:01,JSMR,RG,3470,87,D,AZ,KZ,D
14:47:58,JSMR,RG,3480,12,F,RX,YU,F
14:47:53,JSMR,RG,3470,12,D,AZ,BB,D
14:47:53,JSMR,RG,3470,10,D,YU,BB,D
14:47:50,JSMR,RG,3470,1,D,YP,BB,D
14:47:42,JSMR,RG,3480,2,D,OD,YU,F
14:47:37,JSMR,RG,3480,52,D,OD,YU,F
14:47:37,JSMR,RG,3480,23,D,OD,BB,D
14:47:37,JSMR,RG,3480,25,D,OD,PD,D
14:47:33,JSMR,RG,3480,1,D,YP,PD,D
14:47:28,JSMR,RG,3480,1,D,YP,PD,D
14:47:28,JSMR,RG,3460,2,F,AK,BB,D
14:47:28,JSMR,RG,3460,14,F,AK,BB,D
14:47:28,JSMR,RG,3460,25,F,AK,BB,D
14:47:28,JSMR,RG,3450,13,D,OD,BB,D
14:47:28,JSMR,RG,3460,59,F,AK,YU,F
14:47:28,JSMR,RG,3460,140,F,AK,YU,F
14:47:28,JSMR,RG,3460,2,F,AK,CC,F
14:47:28,JSMR,RG,3460,434,F,AK,BK,F
14:47:28,JSMR,RG,3460,1,F,AK,AK,F
14:47:28,JSMR,RG,3460,2,F,AK,CS,F
14:47:28,JSMR,RG,3460,151,F,AK,YU,F
14:47:27,JSMR,RG,3450,1,D,OD,YB,D
14:47:27,JSMR,RG,3460,59,F,AK,YU,F
14:47:27,JSMR,RG,3460,1,F,AK,CS,F
14:47:27,JSMR,RG,3460,2,F,AK,CS,F
14:47:27,JSMR,RG,3460,148,F,AK,OD,D
14:47:27,JSMR,RG,3460,484,F,AK,OD,D
14:47:27,JSMR,RG,3450,56,D,OD,YU,F
14:47:27,JSMR,RG,3450,4,F,RX,YU,F
14:47:27,JSMR,RG,3460,981,F,AK,OD,D
14:47:27,JSMR,RG,3450,36,F,RX,YU,F
14:47:27,JSMR,RG,3450,5,D,YP,YU,F
14:47:27,JSMR,RG,3450,1,F,BK,YU,F
14:47:27,JSMR,RG,3450,17,D,EL,YU,F
14:47:27,JSMR,RG,3460,15,F,RX,OD,D
14:47:27,JSMR,RG,3460,1500,D,CP,OD,D
14:47:25,JSMR,RG,3460,1,D,YP,OD,D
14:47:24,JSMR,RG,3450,1,D,EL,XC,D
14:47:23,JSMR,RG,3450,1,D,EL,BB,D
14:47:23,JSMR,RG,3460,100,D,KK,OD,D
14:47:22,JSMR,RG,3460,22,D,XC,OD,D
14:47:22,JSMR,RG,3450,29,D,EL,BB,D
14:47:22,JSMR,RG,3460,103,F,BK,OD,D
14:47:21,JSMR,RG,3450,59,D,EL,YU,F
14:47:21,JSMR,RG,3460,200,D,DH,OD,D
14:47:21,JSMR,RG,3450,40,D,EL,PD,D
14:47:20,JSMR,RG,3460,10,D,YP,OD,D
14:47:18,JSMR,RG,3450,20,D,EL,YB,D
14:47:18,JSMR,RG,3460,210,D,AZ,OD,D
14:47:17,JSMR,RG,3450,33,D,EL,YU,F
14:47:17,JSMR,RG,3450,27,D,XC,YU,F
14:47:17,JSMR,RG,3460,41,F,BK,OD,D
14:47:17,JSMR,RG,3460,1,D,YP,OD,D
14:47:17,JSMR,RG,3450,1,D,XC,BB,D
14:47:16,JSMR,RG,3450,22,D,XC,YU,F
14:47:16,JSMR,RG,3450,3,D,CC,YU,F
14:47:16,JSMR,RG,3450,3,D,CC,YU,F
14:47:16,JSMR,RG,3450,2,D,KK,YU,F
14:47:16,JSMR,RG,3450,1,D,XL,YU,F
14:47:16,JSMR,RG,3450,1,D,XC,YU,F
14:47:16,JSMR,RG,3450,1,D,XL,YU,F
14:47:16,JSMR,RG,3450,1,D,PD,YU,F
14:47:16,JSMR,RG,3450,26,D,KI,YU,F
14:47:15,JSMR,RG,3450,60,D,KI,YU,F
14:47:14,JSMR,RG,3450,3,D,KI,DH,D
14:47:14,JSMR,RG,3450,11,D,KI,YU,F
14:47:14,JSMR,RG,3450,49,D,KK,YU,F
14:47:14,JSMR,RG,3450,51,D,KK,YU,F
14:47:14,JSMR,RG,3450,11,D,PD,YU,F
14:47:13,JSMR,RG,3460,1,D,YP,OD,D
14:47:12,JSMR,RG,3450,61,D,PD,YU,F
14:47:11,JSMR,RG,3460,15,F,BK,OD,D
14:47:11,JSMR,RG,3450,62,D,PD,YU,F
14:47:11,JSMR,RG,3450,37,D,PD,KZ,D
14:47:10,JSMR,RG,3450,62,D,PD,YU,F
14:47:09,JSMR,RG,3450,63,D,PD,YU,F
14:47:09,JSMR,RG,3460,1,D,YP,OD,D
14:47:08,JSMR,RG,3450,23,D,PD,BB,D
14:47:08,JSMR,RG,3460,1,D,SQ,OD,D
14:47:08,JSMR,RG,3450,63,D,PD,YU,F
14:47:07,JSMR,RG,3450,64,D,PD,YU,F
14:47:06,JSMR,RG,3450,64,D,PD,YU,F
14:47:06,JSMR,RG,3450,1,D,PD,CS,F
14:47:06,JSMR,RG,3450,1,D,PD,CS,F
14:47:06,JSMR,RG,3450,64,D,PD,YU,F
14:47:04,JSMR,RG,3460,1,D,YP,OD,D
14:47:04,JSMR,RG,3450,65,D,PD,YU,F
14:47:03,JSMR,RG,3450,1,D,PD,BB,D
14:47:03,JSMR,RG,3450,65,D,PD,YU,F
14:47:02,JSMR,RG,3450,65,D,PD,YU,F
14:47:01,JSMR,RG,3450,67,D,PD,YU,F
14:47:01,JSMR,RG,3450,66,D,PD,YU,F
14:47:00,JSMR,RG,3460,1,D,YP,OD,D
14:46:59,JSMR,RG,3450,67,D,PD,YU,F
14:46:58,JSMR,RG,3450,19,D,PD,BB,D
14:46:58,JSMR,RG,3450,9,D,PD,YU,F
14:46:58,JSMR,RG,3450,50,D,YP,YU,F
14:46:58,JSMR,RG,3450,5,D,YP,YU,F
14:46:58,JSMR,RG,3450,3,D,TP,YU,F
14:46:57,JSMR,RG,3450,47,D,TP,YU,F
14:46:57,JSMR,RG,3450,20,D,FZ,YU,F
14:46:57,JSMR,RG,3450,68,D,FZ,YU,F
14:46:55,JSMR,RG,3450,12,D,FZ,YU,F
14:46:55,JSMR,RG,3450,1,D,PD,YU,F
14:46:55,JSMR,RG,3450,1,D,CC,YU,F
14:46:55,JSMR,RG,3450,2,D,YU,YU,F
14:46:55,JSMR,RG,3450,10,D,PD,YU,F
14:46:55,JSMR,RG,3450,30,D,OD,YU,F
14:46:55,JSMR,RG,3450,12,D,YU,YU,F
14:46:54,JSMR,RG,3450,2,D,YU,BB,D
14:46:54,JSMR,RG,3460,150,D,KK,OD,D
14:46:54,JSMR,RG,3460,3,D,CC,OD,D
14:46:54,JSMR,RG,3450,69,D,YU,YU,F
14:46:53,JSMR,RG,3450,69,D,YU,YU,F
14:46:52,JSMR,RG,3450,69,D,YU,YU,F
14:46:51,JSMR,RG,3460,8,D,YP,OD,D
14:46:51,JSMR,RG,3450,10,D,YU,KZ,D
14:46:51,JSMR,RG,3450,70,D,YU,YU,F
14:46:51,JSMR,RG,3450,69,D,YU,YU,F
14:46:50,JSMR,RG,3450,26,D,YU,BB,D
14:46:50,JSMR,RG,3450,71,D,YU,YU,F
14:46:48,JSMR,RG,3450,70,D,YU,YU,F
14:46:48,JSMR,RG,3460,10,D,YP,OD,D
14:46:47,JSMR,RG,3450,71,D,YU,YU,F
14:46:46,JSMR,RG,3450,72,D,YU,YU,F
14:46:46,JSMR,RG,3450,9,D,YU,KZ,D
14:46:45,JSMR,RG,3450,71,D,YU,YU,F
14:46:44,JSMR,RG,3450,72,D,YU,YU,F
14:46:43,JSMR,RG,3450,72,D,YU,YU,F
14:46:43,JSMR,RG,3450,100,D,YU,KK,D
14:46:42,JSMR,RG,3450,73,D,YU,YU,F
14:46:41,JSMR,RG,3450,1,D,YU,BB,D
14:46:41,JSMR,RG,3450,73,D,YU,YU,F
14:46:40,JSMR,RG,3450,73,D,YU,YU,F
14:46:40,JSMR,RG,3450,74,D,YU,YU,F
14:46:39,JSMR,RG,3450,20,D,YU,BB,D
14:46:39,JSMR,RG,3450,74,D,YU,YU,F
14:46:38,JSMR,RG,3450,1,D,YU,XC,D
14:46:37,JSMR,RG,3450,74,D,YU,YU,F
14:46:36,JSMR,RG,3450,75,D,YU,YU,F
14:46:35,JSMR,RG,3450,75,D,YU,YU,F
14:46:35,JSMR,RG,3450,75,D,YU,YU,F
14:46:33,JSMR,RG,3450,76,D,YU,YU,F
14:46:32,JSMR,RG,3450,76,D,YU,YU,F
14:46:31,JSMR,RG,3450,76,D,YU,YU,F
14:46:31,JSMR,RG,3460,630,F,CC,OD,D
14:46:30,JSMR,RG,3450,77,D,YU,YU,F
14:46:29,JSMR,RG,3450,3,D,YU,YU,F
14:46:29,JSMR,RG,3450,85,D,OD,YU,F
14:46:29,JSMR,RG,3450,15,D,OD,BB,D
14:46:29,JSMR,RG,3450,5,D,DR,BB,D
14:46:29,JSMR,RG,3450,6,D,PD,BB,D
14:46:29,JSMR,RG,3450,5,D,NI,BB,D
14:46:29,JSMR,RG,3450,87,D,YP,BB,D
14:46:29,JSMR,RG,3450,3,D,YP,BB,D
14:46:29,JSMR,RG,3450,50,D,EP,BB,D
14:46:29,JSMR,RG,3450,1,D,YP,BB,D
14:46:29,JSMR,RG,3450,100,D,CC,BB,D
14:46:29,JSMR,RG,3450,10,D,YP,BB,D
14:46:28,JSMR,RG,3460,13,F,AK,OD,D
14:46:28,JSMR,RG,3450,25,D,YP,XC,D
14:46:28,JSMR,RG,3460,13,F,AK,OD,D
14:46:28,JSMR,RG,3460,26,F,AK,OD,D
14:46:28,JSMR,RG,3460,53,F,AK,OD,D
14:46:27,JSMR,RG,3450,3,D,YP,XL,D
14:46:27,JSMR,RG,3460,2,F,AK,OD,D
14:46:27,JSMR,RG,3450,48,D,YP,CC,D
14:46:27,JSMR,RG,3450,1,D,LG,CC,D
14:46:27,JSMR,RG,3450,1,D,KK,CC,D
14:46:27,JSMR,RG,3460,70,F,AK,OD,D
14:46:27,JSMR,RG,3460,70,F,AK,OD,D
14:46:27,JSMR,RG,3460,2,D,CC,OD,D
14:46:27,JSMR,RG,3450,3,D,OD,YP,D
14:46:27,JSMR,RG,3460,50,D,CC,OD,D
14:46:27,JSMR,RG,3460,43,F,AK,OD,D
14:46:27,JSMR,RG,3460,434,F,AK,OD,D
14:46:26,JSMR,RG,3450,27,D,OD,KK,D
14:46:26,JSMR,RG,3450,10,D,YP,KK,D
14:46:26,JSMR,RG,3450,63,D,SQ,KK,D
14:46:26,JSMR,RG,3450,7,D,SQ,KK,D
14:46:26,JSMR,RG,3450,1,D,YP,KK,D
14:46:26,JSMR,RG,3450,1,D,YP,KK,D
14:46:26,JSMR,RG,3450,58,D,DR,KK,D
14:46:26,JSMR,RG,3450,1,D,YP,KK,D
14:46:26,JSMR,RG,3450,2,D,OD,KK,D
14:46:26,JSMR,RG,3450,20,D,PD,KK,D
14:46:26,JSMR,RG,3450,10,D,PD,KK,D
14:46:26,JSMR,RG,3450,7,D,PD,BB,D
14:46:26,JSMR,RG,3450,3,D,PD,BB,D
14:46:26,JSMR,RG,3450,1,D,PD,BB,D
14:46:26,JSMR,RG,3450,1,D,YB,BB,D
14:46:26,JSMR,RG,3450,1,D,MU,BB,D
14:46:26,JSMR,RG,3460,3,D,NI,OD,D
14:46:26,JSMR,RG,3450,1,D,MU,CS,F
14:46:26,JSMR,RG,3460,76,F,ZP,OD,D
14:46:26,JSMR,RG,3460,3,D,PD,OD,D
14:46:26,JSMR,RG,3460,5,D,PD,OD,D
14:46:26,JSMR,RG,3460,29,D,PD,OD,D
14:46:26,JSMR,RG,3460,5,F,AK,OD,D
14:46:26,JSMR,RG,3460,1000,D,YB,OD,D
14:46:26,JSMR,RG,3460,6,D,CC,OD,D
14:46:26,JSMR,RG,3460,2,D,YB,OD,D
14:46:26,JSMR,RG,3460,1,D,PD,OD,D
14:46:26,JSMR,RG,3460,1,D,XC,OD,D
14:46:26,JSMR,RG,3460,25,D,YP,OD,D
14:46:26,JSMR,RG,3460,3,D,PD,OD,D
14:46:26,JSMR,RG,3460,14,D,YP,OD,D
14:46:26,JSMR,RG,3460,43,D,DH,OD,D
14:46:26,JSMR,RG,3460,3,D,YP,OD,D
14:46:26,JSMR,RG,3460,1,D,YP,OD,D
14:46:26,JSMR,RG,3460,35,D,EP,OD,D
14:46:26,JSMR,RG,3460,3,D,YP,OD,D
14:46:26,JSMR,RG,3460,4,D,PD,OD,D
14:46:26,JSMR,RG,3460,1,D,YP,OD,D
14:46:26,JSMR,RG,3460,2,D,PD,OD,D
14:46:26,JSMR,RG,3460,100,D,ZP,OD,D
14:46:26,JSMR,RG,3460,50,D,ZP,OD,D
14:46:26,JSMR,RG,3460,2,D,PD,OD,D
14:46:26,JSMR,RG,3460,5,D,PD,OD,D
14:46:26,JSMR,RG,3460,1,D,PD,OD,D
14:46:26,JSMR,RG,3460,1,D,PD,OD,D
14:46:26,JSMR,RG,3460,1,D,PD,OD,D
14:46:26,JSMR,RG,3460,200,D,AZ,OD,D
14:46:26,JSMR,RG,3460,1250,D,CP,OD,D
14:46:26,JSMR,RG,3470,500,D,CP,OD,D
14:46:26,JSMR,RG,3470,1000,D,YB,OD,D
14:46:26,JSMR,RG,3470,1,D,PD,OD,D
14:46:26,JSMR,RG,3470,1,D,PD,OD,D
14:46:26,JSMR,RG,3470,1,D,PD,OD,D
14:46:26,JSMR,RG,3470,100,D,DR,OD,D
14:46:26,JSMR,RG,3470,500,D,CP,OD,D
14:46:26,JSMR,RG,3470,10,D,DR,OD,D
14:46:26,JSMR,RG,3470,300,D,YP,OD,D
14:46:26,JSMR,RG,3470,3,D,YP,OD,D
14:46:26,JSMR,RG,3470,100,D,CC,OD,D
14:46:26,JSMR,RG,3470,1,D,YP,OD,D
14:46:26,JSMR,RG,3470,200,D,YP,OD,D
14:46:26,JSMR,RG,3470,2,D,YP,OD,D
14:46:26,JSMR,RG,3470,3,D,PD,OD,D
14:46:26,JSMR,RG,3470,1,D,YP,OD,D
14:46:26,JSMR,RG,3470,1,D,PD,OD,D
14:46:26,JSMR,RG,3470,3,D,PD,OD,D
14:46:26,JSMR,RG,3470,5,D,CC,OD,D
14:46:26,JSMR,RG,3470,1,D,PD,OD,D
14:46:26,JSMR,RG,3470,1,D,PD,OD,D
14:46:26,JSMR,RG,3470,7,D,DR,OD,D
14:46:26,JSMR,RG,3470,30,D,CD,OD,D
14:46:26,JSMR,RG,3470,1,D,YB,OD,D
14:46:26,JSMR,RG,3470,3,D,RO,OD,D
14:46:26,JSMR,RG,3470,20,D,SQ,OD,D
14:46:26,JSMR,RG,3470,30,D,CP,OD,D
14:46:26,JSMR,RG,3480,1,D,LG,OD,D
14:46:26,JSMR,RG,3480,20,D,AG,OD,D
14:46:26,JSMR,RG,3480,1,D,PD,OD,D
14:46:26,JSMR,RG,3480,6,D,DH,OD,D
14:46:26,JSMR,RG,3480,100,D,DH,OD,D
14:46:26,JSMR,RG,3480,20,D,HP,OD,D
14:46:26,JSMR,RG,3480,10,D,YP,OD,D
14:46:26,JSMR,RG,3480,3,D,YP,OD,D
14:46:26,JSMR,RG,3480,1,D,XC,OD,D
14:46:26,JSMR,RG,3480,20,D,DR,OD,D
14:46:26,JSMR,RG,3480,1,D,XC,OD,D
14:46:26,JSMR,RG,3480,4,D,PD,OD,D
14:46:26,JSMR,RG,3480,2,D,PD,OD,D
14:46:26,JSMR,RG,3480,5,D,NI,OD,D
14:46:26,JSMR,RG,3480,30,D,LG,OD,D
14:46:26,JSMR,RG,3480,10,D,DR,OD,D
14:46:26,JSMR,RG,3480,10,D,SQ,OD,D
14:46:26,JSMR,RG,3480,1,D,AZ,OD,D
14:46:26,JSMR,RG,3480,3,D,YP,OD,D
14:46:26,JSMR,RG,3480,100,D,CC,OD,D
14:46:26,JSMR,RG,3480,1,D,YP,OD,D
14:46:26,JSMR,RG,3480,35,D,EP,OD,D
14:46:26,JSMR,RG,3480,2012,D,YP,OD,D
14:46:26,JSMR,RG,3480,2874,D,YP,OD,D
14:46:26,JSMR,RG,3480,5,D,YP,OD,D
14:46:26,JSMR,RG,3480,1,D,KK,OD,D
14:46:26,JSMR,RG,3480,1,D,YP,OD,D
14:46:26,JSMR,RG,3480,1,D,PD,OD,D
14:46:26,JSMR,RG,3480,1,D,PD,OD,D
14:46:26,JSMR,RG,3480,2,D,PD,OD,D
14:46:26,JSMR,RG,3480,7,D,PD,OD,D
14:46:26,JSMR,RG,3480,10,D,KK,OD,D
14:46:26,JSMR,RG,3480,1,D,PD,OD,D
14:46:26,JSMR,RG,3480,1,D,PD,OD,D
14:46:26,JSMR,RG,3480,2,D,YU,OD,D
14:46:26,JSMR,RG,3490,2000,D,LG,OD,D
14:46:26,JSMR,RG,3490,25,D,AG,OD,D
14:46:26,JSMR,RG,3490,1,D,PD,OD,D
14:46:26,JSMR,RG,3490,20,D,PD,OD,D
14:46:26,JSMR,RG,3490,14,D,YP,OD,D
14:46:26,JSMR,RG,3490,50,D,YP,OD,D
14:46:26,JSMR,RG,3490,10,D,SQ,OD,D
14:46:26,JSMR,RG,3490,5,D,DX,OD,D
14:46:26,JSMR,RG,3490,100,D,AI,OD,D
14:46:26,JSMR,RG,3490,100,D,SQ,OD,D
14:46:26,JSMR,RG,3490,1,D,YP,OD,D
14:46:26,JSMR,RG,3490,20,D,YU,OD,D
14:46:26,JSMR,RG,3490,5,D,PD,OD,D
14:46:26,JSMR,RG,3490,5,D,NI,OD,D
14:46:26,JSMR,RG,3490,20,D,YP,OD,D
14:46:26,JSMR,RG,3490,2,D,YU,OD,D
14:46:26,JSMR,RG,3490,20,D,SQ,OD,D
14:46:26,JSMR,RG,3490,10,D,CC,OD,D
14:46:26,JSMR,RG,3490,500,D,KK,OD,D
14:46:26,JSMR,RG,3490,60,D,CC,OD,D
14:46:26,JSMR,RG,3490,15,D,YP,OD,D
14:46:26,JSMR,RG,3490,234,D,PD,OD,D
14:46:26,JSMR,RG,3490,1,D,KK,OD,D
14:46:26,JSMR,RG,3490,2,D,PD,OD,D
14:46:26,JSMR,RG,3490,5,D,NI,OD,D
14:46:26,JSMR,RG,3490,5,D,CC,OD,D
14:46:26,JSMR,RG,3490,5,D,NI,OD,D
14:46:26,JSMR,RG,3490,5,D,PD,OD,D
14:46:26,JSMR,RG,3490,3,D,YP,OD,D
14:46:26,JSMR,RG,3490,100,D,CC,OD,D
14:46:26,JSMR,RG,3490,10,D,EP,OD,D
14:46:26,JSMR,RG,3490,1,D,YP,OD,D
14:46:26,JSMR,RG,3490,10,D,YP,OD,D
14:46:26,JSMR,RG,3490,1,D,YP,OD,D
14:46:26,JSMR,RG,3490,1,D,SQ,OD,D
14:46:26,JSMR,RG,3490,2,D,PD,OD,D
14:46:26,JSMR,RG,3490,1,D,YP,OD,D
14:46:26,JSMR,RG,3490,2,D,PD,OD,D
14:46:26,JSMR,RG,3490,6,D,PD,OD,D
14:46:26,JSMR,RG,3490,8,D,DR,OD,D
14:46:26,JSMR,RG,3490,1,D,PD,OD,D
14:46:26,JSMR,RG,3490,2,D,KK,OD,D
14:46:26,JSMR,RG,3490,1,D,PD,OD,D
14:46:26,JSMR,RG,3490,150,D,AZ,OD,D
14:46:26,JSMR,RG,3490,1,D,YB,OD,D
14:46:26,JSMR,RG,3500,1,D,NI,OD,D
14:46:26,JSMR,RG,3500,1,D,XL,OD,D
14:46:26,JSMR,RG,3500,10,D,PD,OD,D
14:46:26,JSMR,RG,3500,5,D,PD,OD,D
14:46:26,JSMR,RG,3500,3,D,XL,OD,D
14:46:26,JSMR,RG,3500,10,D,SQ,OD,D
14:46:26,JSMR,RG,3500,10,D,PD,OD,D
14:46:26,JSMR,RG,3500,1,D,SQ,OD,D
14:46:26,JSMR,RG,3500,2,D,XL,OD,D
14:46:26,JSMR,RG,3500,1,D,PD,OD,D
14:46:26,JSMR,RG,3500,1,D,PD,OD,D
14:46:26,JSMR,RG,3500,1,D,YP,OD,D
14:46:26,JSMR,RG,3500,10,D,DR,OD,D
14:46:26,JSMR,RG,3500,2,D,PD,OD,D
14:46:26,JSMR,RG,3500,3,D,YP,OD,D
14:46:26,JSMR,RG,3500,500,D,KK,OD,D
14:46:26,JSMR,RG,3500,5,D,YP,OD,D
14:46:26,JSMR,RG,3500,20,D,LS,OD,D
14:46:26,JSMR,RG,3500,5,D,YB,OD,D
14:46:26,JSMR,RG,3500,5,D,CC,OD,D
14:46:26,JSMR,RG,3500,10,D,YP,OD,D
14:46:26,JSMR,RG,3500,100,D,DR,OD,D
14:46:26,JSMR,RG,3500,10,D,SQ,OD,D
14:46:26,JSMR,RG,3500,1,D,NI,OD,D
14:46:26,JSMR,RG,3500,6,D,PD,OD,D
14:46:26,JSMR,RG,3500,5,D,YP,OD,D
14:46:26,JSMR,RG,3500,15,D,CC,OD,D
14:46:26,JSMR,RG,3500,2,D,NI,OD,D
14:46:26,JSMR,RG,3500,2,D,YB,OD,D
14:46:26,JSMR,RG,3500,2,D,SQ,OD,D
14:46:26,JSMR,RG,3500,1,D,KK,OD,D
14:46:26,JSMR,RG,3500,20,D,CC,OD,D
14:46:26,JSMR,RG,3500,5,D,PD,OD,D
14:46:26,JSMR,RG,3500,2,D,YP,OD,D
14:46:26,JSMR,RG,3500,1,D,YP,OD,D
14:46:26,JSMR,RG,3500,10,D,GR,OD,D
14:46:26,JSMR,RG,3500,10,D,YP,OD,D
14:46:26,JSMR,RG,3500,20,D,PD,OD,D
14:46:26,JSMR,RG,3500,5,D,DR,OD,D
14:46:26,JSMR,RG,3500,5,D,AZ,OD,D
14:46:26,JSMR,RG,3500,3,D,KK,OD,D
14:46:26,JSMR,RG,3500,500,D,CC,OD,D
14:46:26,JSMR,RG,3500,5,D,XC,OD,D
14:46:26,JSMR,RG,3500,5,D,CC,OD,D
14:46:26,JSMR,RG,3500,1,D,OD,OD,D
14:46:26,JSMR,RG,3500,50,D,CC,OD,D
14:46:26,JSMR,RG,3500,100,D,YP,OD,D
14:46:26,JSMR,RG,3500,50,D,HP,OD,D
14:46:26,JSMR,RG,3500,100,D,BQ,OD,D
14:46:26,JSMR,RG,3500,1,D,XC,OD,D
14:46:26,JSMR,RG,3500,1,D,PD,OD,D
14:46:26,JSMR,RG,3500,1,D,AT,OD,D
14:46:26,JSMR,RG,3500,10,D,DR,OD,D
14:46:26,JSMR,RG,3500,1,D,XC,OD,D
14:46:26,JSMR,RG,3500,1,D,YP,OD,D
14:46:26,JSMR,RG,3500,43,D,DH,OD,D
14:46:26,JSMR,RG,3500,25,D,YP,OD,D
14:46:26,JSMR,RG,3500,4,D,CC,OD,D
14:46:26,JSMR,RG,3500,10,D,KK,OD,D
14:46:26,JSMR,RG,3500,57,D,YP,OD,D
14:46:26,JSMR,RG,3500,200,D,YP,OD,D
14:46:26,JSMR,RG,3500,10,D,EP,OD,D
14:46:26,JSMR,RG,3500,5,D,KK,OD,D
14:46:26,JSMR,RG,3500,5,D,CC,OD,D
14:46:26,JSMR,RG,3500,2,D,PD,OD,D
14:46:26,JSMR,RG,3500,20,D,CC,OD,D
14:46:26,JSMR,RG,3500,1500,D,YP,OD,D
14:46:26,JSMR,RG,3500,2,D,KK,OD,D
14:46:26,JSMR,RG,3500,4,D,KK,OD,D
14:46:26,JSMR,RG,3500,1,D,KK,OD,D
14:46:26,JSMR,RG,3500,1,D,YP,OD,D
14:46:26,JSMR,RG,3500,1,D,XC,OD,D
14:46:26,JSMR,RG,3500,25,D,OD,OD,D
14:46:26,JSMR,RG,3500,1,D,YP,OD,D
14:46:26,JSMR,RG,3500,6,D,SQ,OD,D
14:46:26,JSMR,RG,3500,2,D,PD,OD,D
14:46:26,JSMR,RG,3500,5,D,PD,OD,D
14:46:26,JSMR,RG,3500,1,D,PD,OD,D
14:46:26,JSMR,RG,3500,10,D,KK,OD,D
14:46:26,JSMR,RG,3500,3,D,CC,OD,D
14:46:26,JSMR,RG,3500,5,D,CC,OD,D
14:46:26,JSMR,RG,3500,7,D,YP,OD,D
14:46:26,JSMR,RG,3500,20,D,AZ,OD,D
14:46:26,JSMR,RG,3500,1,D,LG,OD,D
14:46:26,JSMR,RG,3500,5,D,PD,OD,D
14:46:26,JSMR,RG,3500,1,D,PD,OD,D
14:46:26,JSMR,RG,3500,30,D,DR,OD,D
14:46:26,JSMR,RG,3500,7,D,GR,OD,D
14:46:26,JSMR,RG,3500,1,D,PD,OD,D
14:46:26,JSMR,RG,3500,2,D,YU,OD,D
14:46:26,JSMR,RG,3500,3,D,MU,OD,D
14:46:26,JSMR,RG,3510,25,D,DR,OD,D
14:46:26,JSMR,RG,3510,200,D,YB,OD,D
14:46:26,JSMR,RG,3510,1000,D,ZP,OD,D
14:46:26,JSMR,RG,3510,285,D,DR,OD,D
14:46:26,JSMR,RG,3510,50,D,SQ,OD,D
14:46:26,JSMR,RG,3510,2,D,OD,OD,D
14:46:26,JSMR,RG,3510,5,D,CC,OD,D
14:46:26,JSMR,RG,3510,100,D,XL,OD,D
14:46:26,JSMR,RG,3510,1,D,PD,OD,D
14:46:26,JSMR,RG,3510,5,D,AZ,OD,D
14:46:26,JSMR,RG,3510,200,D,YP,OD,D
14:46:26,JSMR,RG,3510,5,D,NI,OD,D
14:46:26,JSMR,RG,3510,2,D,KK,OD,D
14:46:26,JSMR,RG,3510,1,D,YP,OD,D
14:46:26,JSMR,RG,3510,1,D,CC,OD,D
14:46:26,JSMR,RG,3510,1,D,PD,OD,D
14:46:26,JSMR,RG,3510,10,D,PD,OD,D
14:46:26,JSMR,RG,3510,4,D,ZP,OD,D
14:46:26,JSMR,RG,3510,5,D,YP,OD,D
14:46:26,JSMR,RG,3510,1,D,SQ,OD,D
14:46:26,JSMR,RG,3510,20,D,XL,OD,D
14:46:26,JSMR,RG,3510,10,D,YP,OD,D
14:46:26,JSMR,RG,3510,10,D,PD,OD,D
14:46:26,JSMR,RG,3510,1,D,NI,OD,D
14:46:26,JSMR,RG,3510,5,D,YP,OD,D
14:46:26,JSMR,RG,3510,50,D,AI,OD,D
14:46:26,JSMR,RG,3510,14,D,YB,OD,D
14:46:26,JSMR,RG,3510,10,D,DH,OD,D
14:46:26,JSMR,RG,3510,5,D,CC,OD,D
14:46:26,JSMR,RG,3510,10,D,SQ,OD,D
14:46:26,JSMR,RG,3510,500,D,DH,OD,D
14:46:26,JSMR,RG,3510,3,D,YP,OD,D
14:46:26,JSMR,RG,3510,1,D,NI,OD,D
14:46:26,JSMR,RG,3510,5,D,DR,OD,D
14:46:26,JSMR,RG,3510,3,D,YP,OD,D
14:46:26,JSMR,RG,3510,1,D,PD,OD,D
14:46:26,JSMR,RG,3510,10,D,XL,OD,D
14:46:26,JSMR,RG,3510,5,D,YP,OD,D
14:46:26,JSMR,RG,3510,10,D,NI,OD,D
14:46:26,JSMR,RG,3510,15,D,CC,OD,D
14:46:26,JSMR,RG,3510,10,D,YP,OD,D
14:46:26,JSMR,RG,3510,15,D,EP,OD,D
14:46:26,JSMR,RG,3510,5,D,YP,OD,D
14:46:26,JSMR,RG,3510,1,D,KK,OD,D
14:46:26,JSMR,RG,3510,40,D,CC,OD,D
14:46:26,JSMR,RG,3510,50,D,NI,OD,D
14:46:26,JSMR,RG,3510,1,D,PD,OD,D
14:46:26,JSMR,RG,3510,1000,D,LG,OD,D
14:46:26,JSMR,RG,3510,5,D,CC,OD,D
14:46:26,JSMR,RG,3510,5,D,DR,OD,D
14:46:26,JSMR,RG,3510,300,D,YB,OD,D
14:46:26,JSMR,RG,3510,1,D,YP,OD,D
14:46:26,JSMR,RG,3510,1,D,CC,OD,D
14:46:26,JSMR,RG,3510,1,D,YP,OD,D
14:46:26,JSMR,RG,3510,20,D,YB,OD,D
14:46:26,JSMR,RG,3510,2,D,CC,OD,D
14:46:26,JSMR,RG,3510,5,D,XC,OD,D
14:46:26,JSMR,RG,3510,1,D,XC,OD,D
14:46:26,JSMR,RG,3510,3,D,YP,OD,D
14:46:26,JSMR,RG,3510,1,D,AZ,OD,D
14:46:26,JSMR,RG,3510,50,D,YP,OD,D
14:46:26,JSMR,RG,3510,2,D,YP,OD,D
14:46:26,JSMR,RG,3510,1,D,PD,OD,D
14:46:26,JSMR,RG,3510,10,D,CP,OD,D
14:46:26,JSMR,RG,3510,1,D,EP,OD,D
14:46:26,JSMR,RG,3510,1,D,IF,OD,D
14:46:26,JSMR,RG,3510,1,D,PD,OD,D
14:46:26,JSMR,RG,3510,40,D,YP,OD,D
14:46:26,JSMR,RG,3510,20,D,CC,OD,D
14:46:26,JSMR,RG,3510,30,D,CC,OD,D
14:46:26,JSMR,RG,3510,10,D,KK,OD,D
14:46:26,JSMR,RG,3510,2,D,NI,OD,D
14:46:26,JSMR,RG,3510,2,D,CC,OD,D
14:46:26,JSMR,RG,3510,29,D,YP,OD,D
14:46:26,JSMR,RG,3510,50,D,YP,OD,D
14:46:26,JSMR,RG,3510,1,D,PD,OD,D
14:46:26,JSMR,RG,3510,3,D,AZ,OD,D
14:46:26,JSMR,RG,3510,10,D,EP,OD,D
14:46:26,JSMR,RG,3510,10,D,DR,OD,D
14:46:26,JSMR,RG,3510,1,D,YP,OD,D
14:46:26,JSMR,RG,3510,100,D,YP,OD,D
14:46:26,JSMR,RG,3520,10,D,KK,OD,D
14:46:26,JSMR,RG,3520,10,D,DR,OD,D
14:46:26,JSMR,RG,3520,50,D,YP,OD,D
14:46:26,JSMR,RG,3520,213,D,DR,OD,D
14:46:26,JSMR,RG,3520,100,D,GR,OD,D
14:46:26,JSMR,RG,3520,1,D,GR,OD,D
14:46:26,JSMR,RG,3520,5,D,CC,OD,D
14:46:26,JSMR,RG,3520,30,D,CC,OD,D
14:46:26,JSMR,RG,3520,1,D,PD,OD,D
14:46:26,JSMR,RG,3520,100,D,XL,OD,D
14:46:26,JSMR,RG,3520,5,D,CC,OD,D
14:46:26,JSMR,RG,3520,10,D,CD,OD,D
14:46:26,JSMR,RG,3520,5,D,CC,OD,D
14:46:26,JSMR,RG,3520,1,D,YP,OD,D
14:46:26,JSMR,RG,3520,10,D,YP,OD,D
14:46:26,JSMR,RG,3520,300,D,PD,OD,D
14:46:26,JSMR,RG,3520,1,D,YP,OD,D
14:46:26,JSMR,RG,3520,5,D,CC,OD,D
14:46:26,JSMR,RG,3520,1,D,YP,OD,D
14:46:26,JSMR,RG,3520,10,D,CC,OD,D
14:46:26,JSMR,RG,3520,10,D,YP,OD,D
14:46:26,JSMR,RG,3520,1,D,PD,OD,D
14:46:26,JSMR,RG,3520,2,D,KK,OD,D
14:46:26,JSMR,RG,3520,5,D,KK,OD,D
14:46:26,JSMR,RG,3520,20,D,CC,OD,D
14:46:26,JSMR,RG,3520,5,D,PD,OD,D
14:46:26,JSMR,RG,3520,5,D,YP,OD,D
14:46:26,JSMR,RG,3520,1,D,YP,OD,D
14:46:26,JSMR,RG,3520,1,D,PD,OD,D
14:46:26,JSMR,RG,3520,10,D,YP,OD,D
14:46:26,JSMR,RG,3520,100,D,CC,OD,D
14:46:26,JSMR,RG,3520,11,D,YP,OD,D
14:46:26,JSMR,RG,3520,5,D,CC,OD,D
14:46:26,JSMR,RG,3520,10,D,PD,OD,D
14:46:26,JSMR,RG,3520,100,D,DH,OD,D
14:46:26,JSMR,RG,3520,3,D,GR,OD,D
14:46:26,JSMR,RG,3520,3,D,GR,OD,D
14:46:26,JSMR,RG,3520,10,D,XL,OD,D
14:46:26,JSMR,RG,3520,3,D,GR,OD,D
14:46:26,JSMR,RG,3520,1,D,CC,OD,D
14:46:26,JSMR,RG,3520,6,D,OD,OD,D
14:46:26,JSMR,RG,3520,3,D,YP,OD,D
14:46:26,JSMR,RG,3520,5,D,CC,OD,D
14:46:26,JSMR,RG,3520,1,D,YP,OD,D
14:46:26,JSMR,RG,3520,100,D,CC,OD,D
14:46:26,JSMR,RG,3520,1,D,YP,OD,D
14:46:26,JSMR,RG,3520,2,D,YB,OD,D
14:46:26,JSMR,RG,3520,2,D,YU,OD,D
14:46:26,JSMR,RG,3520,2,D,CC,OD,D
14:46:26,JSMR,RG,3520,5,D,CC,OD,D
14:46:26,JSMR,RG,3520,10,D,GR,OD,D
14:46:26,JSMR,RG,3520,1,D,XC,OD,D
14:46:26,JSMR,RG,3520,2,D,YP,OD,D
14:46:26,JSMR,RG,3520,1,D,PD,OD,D
14:46:26,JSMR,RG,3520,100,D,PD,OD,D
14:46:26,JSMR,RG,3520,1,D,PD,OD,D
14:46:26,JSMR,RG,3520,5,D,YP,OD,D
14:46:26,JSMR,RG,3520,10,D,ZP,OD,D
14:46:26,JSMR,RG,3520,49,D,OD,OD,D
14:46:26,JSMR,RG,3530,2,D,LG,OD,D
14:46:26,JSMR,RG,3530,82,D,KK,OD,D
14:46:26,JSMR,RG,3530,5,D,CC,OD,D
14:46:26,JSMR,RG,3530,3,D,PD,OD,D
14:46:26,JSMR,RG,3530,6,D,YP,OD,D
14:46:26,JSMR,RG,3530,10,D,YP,OD,D
14:46:26,JSMR,RG,3530,500,D,CP,OD,D
14:46:26,JSMR,RG,3530,100,D,XL,OD,D
14:46:26,JSMR,RG,3530,1,D,PD,OD,D
14:46:26,JSMR,RG,3530,20,D,PD,OD,D
14:46:26,JSMR,RG,3530,10,D,DH,OD,D
14:46:26,JSMR,RG,3530,2,D,KK,OD,D
14:46:26,JSMR,RG,3530,1,D,SQ,OD,D
14:46:26,JSMR,RG,3530,10,D,PD,OD,D
14:46:26,JSMR,RG,3530,1,D,YP,OD,D
14:46:26,JSMR,RG,3530,5,D,GR,OD,D
14:46:26,JSMR,RG,3530,100,D,YP,OD,D
14:46:26,JSMR,RG,3530,1,D,YP,OD,D
14:46:26,JSMR,RG,3530,234,D,PD,OD,D
14:46:26,JSMR,RG,3530,1,D,XL,OD,D
14:46:26,JSMR,RG,3530,100,D,CC,OD,D
14:46:26,JSMR,RG,3530,5,D,YP,OD,D
14:46:26,JSMR,RG,3530,3,D,CC,OD,D
14:46:26,JSMR,RG,3530,1,D,YP,OD,D
14:46:26,JSMR,RG,3540,1,D,LG,OD,D
14:46:26,JSMR,RG,3540,1,D,AZ,OD,D
14:46:26,JSMR,RG,3540,1,D,CC,OD,D
14:46:26,JSMR,RG,3540,200,D,DH,OD,D
14:46:26,JSMR,RG,3540,5,D,YP,OD,D
14:46:26,JSMR,RG,3540,500,D,CP,OD,D
14:46:26,JSMR,RG,3540,500,D,YP,OD,D
14:46:26,JSMR,RG,3540,50,D,XL,OD,D
14:46:26,JSMR,RG,3540,607,D,BB,OD,D
14:46:26,JSMR,RG,3540,30,D,PD,OD,D
14:46:26,JSMR,RG,3540,1,D,CC,OD,D
14:46:26,JSMR,RG,3540,2,D,YP,OD,D
14:46:26,JSMR,RG,3540,50,D,YP,OD,D
14:46:26,JSMR,RG,3540,3,D,YP,OD,D
14:46:26,JSMR,RG,3540,2,D,XC,OD,D
14:46:26,JSMR,RG,3540,10,D,YP,OD,D
14:46:26,JSMR,RG,3540,5,D,CC,OD,D
14:46:26,JSMR,RG,3540,100,D,YP,OD,D
14:46:26,JSMR,RG,3540,5,D,KK,OD,D
14:46:26,JSMR,RG,3540,50,D,XL,OD,D
14:46:26,JSMR,RG,3540,1,D,PD,OD,D
14:46:26,JSMR,RG,3540,234,D,PD,OD,D
14:46:26,JSMR,RG,3540,5,D,CC,OD,D
14:46:26,JSMR,RG,3540,2,D,GR,OD,D
14:46:26,JSMR,RG,3540,1,D,YP,OD,D
14:46:26,JSMR,RG,3540,5,D,EP,OD,D
14:46:26,JSMR,RG,3540,1,D,YP,OD,D
14:46:26,JSMR,RG,3540,94,D,YP,OD,D
14:46:26,JSMR,RG,3550,1,F,AK,OD,D
14:46:26,JSMR,RG,3550,27,F,RX,OD,D
14:46:26,JSMR,RG,3550,2,D,PD,OD,D
14:46:26,JSMR,RG,3550,1100,D,RF,OD,D
14:46:26,JSMR,RG,3550,21,F,BK,OD,D
14:46:26,JSMR,RG,3550,37,F,RX,OD,D
14:46:26,JSMR,RG,3550,2,F,AK,OD,D
14:46:26,JSMR,RG,3550,36,F,RX,OD,D
14:46:26,JSMR,RG,3550,3,F,ZP,OD,D
14:46:26,JSMR,RG,3550,1,D,LG,OD,D
14:46:26,JSMR,RG,3550,36,F,BK,OD,D
14:46:26,JSMR,RG,3550,62,F,BK,OD,D
14:46:26,JSMR,RG,3550,1,D,CC,OD,D
14:46:26,JSMR,RG,3550,2,D,YP,OD,D
14:46:26,JSMR,RG,3550,1,F,BK,OD,D
14:46:26,JSMR,RG,3550,4,D,YP,OD,D
14:46:26,JSMR,RG,3550,2,F,BK,OD,D
14:46:26,JSMR,RG,3550,33,F,ZP,OD,D
14:46:26,JSMR,RG,3550,1,D,EP,OD,D
14:46:26,JSMR,RG,3550,5,D,CC,OD,D
14:46:26,JSMR,RG,3550,250,D,CP,OD,D
14:46:26,JSMR,RG,3550,10,D,CC,OD,D
14:46:26,JSMR,RG,3550,4,D,AZ,OD,D
14:46:26,JSMR,RG,3550,5,D,KK,OD,D
14:46:26,JSMR,RG,3550,1,D,EP,OD,D
14:46:26,JSMR,RG,3550,3,D,XA,OD,D
14:46:26,JSMR,RG,3550,1,D,CC,OD,D
14:46:26,JSMR,RG,3550,1,D,CC,OD,D
14:46:26,JSMR,RG,3550,1,F,ZP,OD,D
14:46:26,JSMR,RG,3550,100,D,YP,OD,D
14:46:26,JSMR,RG,3550,29,D,XL,OD,D
14:46:26,JSMR,RG,3560,33,F,AK,BB,D
14:46:26,JSMR,RG,3560,4,F,AK,AK,F
14:46:26,JSMR,RG,3560,2,F,AK,BK,F
14:46:26,JSMR,RG,3560,3,F,AK,BK,F
14:46:26,JSMR,RG,3560,2,F,AK,CS,F
14:46:26,JSMR,RG,3560,2,F,AK,BB,D
14:46:26,JSMR,RG,3560,1,F,AK,CS,F
14:46:26,JSMR,RG,3560,50,F,AK,YU,F
14:46:25,JSMR,RG,3560,14,F,BK,YU,F
14:46:23,JSMR,RG,3560,34,F,RX,YU,F
14:46:23,JSMR,RG,3550,1,D,XL,CS,D
14:46:16,JSMR,RG,3550,3,D,XL,BK,F
14:46:15,JSMR,RG,3550,1,D,XL,AK,F
14:46:14,JSMR,RG,3560,101,F,AK,YU,F
14:46:00,JSMR,RG,3560,9,F,RX,YU,F
14:45:44,JSMR,RG,3550,16,D,XL,BB,D
14:45:44,JSMR,RG,3550,10,D,YP,BB,D
14:45:44,JSMR,RG,3550,1,D,PD,BB,D
14:45:44,JSMR,RG,3550,3,D,CC,BB,D
14:45:42,JSMR,RG,3550,1,D,CC,CS,D
14:45:25,JSMR,RG,3550,1,D,CC,PD,D
14:45:25,JSMR,RG,3550,1,D,CC,PD,D
14:45:25,JSMR,RG,3550,2,D,YP,PD,D
14:45:22,JSMR,RG,3560,1,D,PD,YU,F
14:45:15,JSMR,RG,3550,3,D,YP,AK,F
14:45:04,JSMR,RG,3560,1,D,LG,YU,F
14:44:59,JSMR,RG,3550,3,D,YP,BK,F
14:44:49,JSMR,RG,3550,12,D,YP,BK,F
14:44:49,JSMR,RG,3550,30,D,YP,YU,F
14:44:49,JSMR,RG,3550,30,D,PD,YU,F
14:44:49,JSMR,RG,3550,1,D,XC,YU,F
14:44:49,JSMR,RG,3550,4,D,YP,YU,F
14:44:49,JSMR,RG,3550,46,D,YP,YU,D
14:44:49,JSMR,RG,3550,254,D,RF,YU,D
14:44:44,JSMR,RG,3550,1,D,RF,PD,D
14:44:36,JSMR,RG,3550,1,D,RF,AK,F
14:44:36,JSMR,RG,3550,1,D,RF,CC,D
14:44:32,JSMR,RG,3550,7,D,RF,BK,F
14:44:31,JSMR,RG,3550,345,D,RF,BK,F
14:44:16,JSMR,RG,3550,46,D,RF,YU,F
14:44:15,JSMR,RG,3550,34,D,RF,BB,D
14:44:09,JSMR,RG,3560,13,F,AK,YU,F
14:44:09,JSMR,RG,3550,11,D,RF,BB,D
14:44:09,JSMR,RG,3550,1,D,YP,BB,D
14:44:09,JSMR,RG,3550,1,D,YP,BB,D
14:44:09,JSMR,RG,3560,1,D,YU,BB,D
14:44:09,JSMR,RG,3560,27,F,BK,BB,D
14:44:09,JSMR,RG,3560,11,F,BK,BB,D
14:44:09,JSMR,RG,3560,1,F,AK,BB,D
14:44:09,JSMR,RG,3560,3,F,AK,BB,D
14:44:09,JSMR,RG,3560,100,D,XC,BB,D
14:44:09,JSMR,RG,3560,22,D,PD,BB,D
14:44:09,JSMR,RG,3560,1,F,CS,BB,D
14:44:09,JSMR,RG,3560,151,D,YU,BB,D
14:44:00,JSMR,RG,3560,5,D,YU,BK,F
14:44:00,JSMR,RG,3560,10,D,KK,BK,F
14:43:58,JSMR,RG,3560,45,D,KK,YU,F
14:43:56,JSMR,RG,3560,45,D,KK,BK,F
14:43:56,JSMR,RG,3560,1,D,YP,BK,F
14:43:56,JSMR,RG,3560,1,F,AK,BK,F
14:43:56,JSMR,RG,3560,2,D,AI,BK,F
14:43:56,JSMR,RG,3560,1,D,AI,CS,D
14:43:56,JSMR,RG,3560,61,D,AI,YU,F
14:43:56,JSMR,RG,3560,3,D,AI,KZ,D
14:43:55,JSMR,RG,3560,4,D,AI,CS,F
14:43:55,JSMR,RG,3560,279,D,AI,YU,D
14:43:55,JSMR,RG,3560,175,D,YU,YU,D
14:43:55,JSMR,RG,3560,20,D,PD,YU,D
14:43:55,JSMR,RG,3560,3,D,DX,YU,D
14:43:55,JSMR,RG,3560,1,F,AK,YU,D
14:43:55,JSMR,RG,3560,19,F,BK,YU,D
14:43:55,JSMR,RG,3560,10,F,ZP,YU,D
14:43:55,JSMR,RG,3560,1,F,CS,YU,D
14:43:55,JSMR,RG,3560,4,F,AK,YU,D
14:43:55,JSMR,RG,3560,34,F,BK,YU,D
14:43:55,JSMR,RG,3560,1,D,CC,YU,D
14:43:55,JSMR,RG,3560,1,D,XC,YU,D
14:43:55,JSMR,RG,3560,134,F,AK,YU,D
14:43:55,JSMR,RG,3560,31,F,ZP,YU,D
14:43:55,JSMR,RG,3560,8,F,AK,YU,D
14:43:55,JSMR,RG,3560,1,F,AK,YU,D
14:43:55,JSMR,RG,3560,12,D,YU,YU,D
14:43:40,JSMR,RG,3560,1,D,YU,YU,D
14:43:40,JSMR,RG,3560,1,D,YU,YP,D
14:43:34,JSMR,RG,3560,1,D,YU,YP,D
14:43:29,JSMR,RG,3560,1,D,YU,YP,D
14:43:28,JSMR,RG,3560,1,D,YU,LG,D
14:43:24,JSMR,RG,3560,1,D,YU,YP,D
14:43:19,JSMR,RG,3570,1,F,BK,CC,D
14:43:19,JSMR,RG,3570,14,F,BK,OD,D
14:43:15,JSMR,RG,3570,6,D,YP,OD,D
14:43:15,JSMR,RG,3570,11,D,YP,BB,D
14:43:11,JSMR,RG,3560,5,D,YU,YP,D
14:43:00,JSMR,RG,3560,4,D,YU,AK,F
14:42:54,JSMR,RG,3560,3,D,YU,NI,D
14:42:38,JSMR,RG,3570,1,D,YP,BB,D
14:42:34,JSMR,RG,3570,1,D,YP,BB,D
14:42:31,JSMR,RG,3560,49,D,YU,YU,D
14:42:31,JSMR,RG,3560,130,D,YU,KZ,D
14:42:30,JSMR,RG,3570,1,D,YP,BB,D
14:42:01,JSMR,RG,3560,1,D,YU,BB,D
14:42:01,JSMR,RG,3560,2,F,BK,BB,D
14:42:01,JSMR,RG,3560,41,F,BK,BB,D
14:42:01,JSMR,RG,3560,2,F,CS,BB,D
14:42:01,JSMR,RG,3560,6,D,XL,BB,D
14:41:54,JSMR,RG,3570,4,D,PD,BB,D
14:41:45,JSMR,RG,3560,2,D,XL,CS,F
14:41:21,JSMR,RG,3570,4,D,PD,BB,D
14:41:04,JSMR,RG,3560,42,D,XL,YU,F
14:41:04,JSMR,RG,3560,9,D,YU,YU,F
14:41:02,JSMR,RG,3560,109,D,YU,YU,D
14:41:02,JSMR,RG,3560,4,D,YU,YU,D
14:41:02,JSMR,RG,3570,124,D,YU,BB,D
14:41:02,JSMR,RG,3570,146,D,YU,XC,D
14:41:02,JSMR,RG,3570,1,D,YU,CS,D
14:41:02,JSMR,RG,3570,12,D,YU,XC,D
14:41:02,JSMR,RG,3570,12,D,YU,BB,D
14:41:01,JSMR,RG,3560,1,D,YU,CS,D
14:41:01,JSMR,RG,3560,1,D,YU,CS,D
14:40:48,JSMR,RG,3560,1,D,YU,AK,F
14:40:48,JSMR,RG,3560,3,D,YU,YU,D
14:40:48,JSMR,RG,3560,12,D,YU,PD,D
14:40:34,JSMR,RG,3560,4,D,YU,AK,F
14:40:32,JSMR,RG,3560,9,D,YU,YU,D
14:40:32,JSMR,RG,3560,25,D,YU,SQ,D
14:40:22,JSMR,RG,3560,1,D,YU,YU,D
14:40:22,JSMR,RG,3560,3,D,YU,CS,F
14:40:15,JSMR,RG,3560,1,D,YU,PD,D
14:39:15,JSMR,RG,3560,3,D,YU,XC,D
14:39:14,JSMR,RG,3560,6,D,YU,YU,D
14:39:14,JSMR,RG,3560,18,D,YU,BB,D
14:38:37,JSMR,RG,3560,2,D,YU,YU,D
14:38:37,JSMR,RG,3560,2,D,YU,YU,D
14:38:37,JSMR,RG,3560,33,D,YU,YU,F
14:38:37,JSMR,RG,3560,1,F,AK,YU,F
14:38:37,JSMR,RG,3560,3,F,BK,YU,F
14:38:37,JSMR,RG,3560,4,F,AK,YU,F
14:38:37,JSMR,RG,3560,5,D,YP,YU,F
14:38:36,JSMR,RG,3560,11,D,YP,YU,D
14:38:36,JSMR,RG,3560,28,D,YP,CC,D
14:38:33,JSMR,RG,3560,1,D,YP,YU,D
14:38:33,JSMR,RG,3560,1,D,YP,CS,D
14:38:33,JSMR,RG,3560,4,D,YP,YU,D
14:38:33,JSMR,RG,3560,1,F,BK,YU,D
14:38:33,JSMR,RG,3560,44,F,BK,YP,D
14:38:33,JSMR,RG,3560,6,D,YU,YP,D
14:38:21,JSMR,RG,3560,35,D,YU,YU,D
14:38:21,JSMR,RG,3560,94,D,YU,KZ,D
14:38:19,JSMR,RG,3560,10,D,YU,NI,D
14:38:09,JSMR,RG,3560,4,D,YU,YP,D
14:37:53,JSMR,RG,3560,2,D,YU,CS,F
14:37:51,JSMR,RG,3560,1,D,YU,YP,D
14:37:48,JSMR,RG,3560,22,D,YU,YU,D
14:37:48,JSMR,RG,3560,5,D,YU,YU,D
14:37:48,JSMR,RG,3560,1,D,YU,BB,D
14:37:48,JSMR,RG,3560,1,D,YP,BB,D
14:37:48,JSMR,RG,3560,1,F,AK,BB,D
14:37:48,JSMR,RG,3560,16,F,ZP,BB,D
14:37:48,JSMR,RG,3560,15,F,BK,BB,D
14:37:48,JSMR,RG,3560,2,F,CS,BB,D
14:37:48,JSMR,RG,3560,5,D,DH,BB,D
14:37:48,JSMR,RG,3560,6,F,AK,BB,D
14:37:48,JSMR,RG,3560,1,F,AK,BB,D
14:37:48,JSMR,RG,3560,1,F,AK,BB,D
14:37:48,JSMR,RG,3560,13,F,BK,BB,D
14:37:48,JSMR,RG,3560,13,D,YU,BB,D
14:37:47,JSMR,RG,3560,1,D,YU,YP,D
14:37:44,JSMR,RG,3560,1,D,YU,YU,D
14:37:44,JSMR,RG,3560,1,D,YU,YP,D
14:37:42,JSMR,RG,3560,1,D,YU,YP,D
14:37:39,JSMR,RG,3560,1,D,YU,YP,D
14:37:37,JSMR,RG,3560,1,D,YU,YP,D
14:37:33,JSMR,RG,3560,2,D,YU,YU,D
14:37:33,JSMR,RG,3560,6,D,YU,AK,F
14:37:12,JSMR,RG,3560,1,D,YU,PG,D
14:37:02,JSMR,RG,3560,1,D,YU,YP,D
14:36:58,JSMR,RG,3560,1,D,YU,YP,D
14:36:54,JSMR,RG,3560,1,D,YU,YP,D
14:36:45,JSMR,RG,3560,1,D,YU,CS,F
14:36:33,JSMR,RG,3570,1,D,YP,BB,D
14:36:31,JSMR,RG,3560,8,D,YU,YU,D
14:36:31,JSMR,RG,3560,23,D,YU,XC,D
14:36:29,JSMR,RG,3560,1,D,YU,YU,D
14:36:29,JSMR,RG,3570,1,D,YP,BB,D
14:36:25,JSMR,RG,3560,2,D,YU,AK,F
14:36:25,JSMR,RG,3570,1,D,YP,BB,D
14:36:08,JSMR,RG,3560,1,D,YU,CS,F
14:36:08,JSMR,RG,3560,3,D,YU,YU,D
14:36:08,JSMR,RG,3560,11,D,YU,PD,D
14:36:05,JSMR,RG,3560,2,D,YU,YU,D
14:36:05,JSMR,RG,3560,4,D,YU,AK,F
14:36:04,JSMR,RG,3560,14,D,YU,YU,F
14:36:04,JSMR,RG,3560,10,D,PD,YU,F
14:36:04,JSMR,RG,3560,21,D,DH,YU,F
14:36:02,JSMR,RG,3560,4,D,DH,AK,F
14:36:02,JSMR,RG,3560,1,F,AK,AK,F
14:36:02,JSMR,RG,3560,2,D,PD,AK,F
14:36:02,JSMR,RG,3560,11,D,YU,AK,F
14:36:01,JSMR,RG,3560,49,D,YU,YU,D
14:36:01,JSMR,RG,3570,129,D,YU,BB,D
14:35:54,JSMR,RG,3560,1,D,YU,YU,D
14:35:53,JSMR,RG,3560,1,D,YU,YP,D
14:35:50,JSMR,RG,3560,1,D,YU,YP,D
14:35:46,JSMR,RG,3560,1,D,YU,YP,D
14:35:39,JSMR,RG,3560,2,D,YU,CS,D
14:35:30,JSMR,RG,3560,3,D,YU,YU,D
14:35:30,JSMR,RG,3560,15,D,YU,PD,D
14:35:23,JSMR,RG,3560,8,D,YU,YU,D
14:35:23,JSMR,RG,3570,21,D,YB,BB,D
14:35:20,JSMR,RG,3560,1,D,YU,OD,D
14:35:19,JSMR,RG,3560,1,D,YU,KK,D
14:35:02,JSMR,RG,3560,1,D,YU,YP,D
14:34:56,JSMR,RG,3560,1,D,YU,YP,D
14:34:45,JSMR,RG,3560,4,D,YU,YU,D
14:34:45,JSMR,RG,3560,10,D,YU,YP,D
14:34:40,JSMR,RG,3570,8,D,YB,BB,D
14:34:33,JSMR,RG,3560,1,D,YU,YP,D
14:34:24,JSMR,RG,3560,9,D,YU,YU,D
14:34:24,JSMR,RG,3560,2,D,YU,YU,D
14:34:24,JSMR,RG,3560,1,D,YP,YU,D
14:34:24,JSMR,RG,3560,2,F,AK,YU,D
14:34:24,JSMR,RG,3560,1,F,AK,BB,D
14:34:24,JSMR,RG,3560,1,F,CS,BB,D
14:34:24,JSMR,RG,3560,2,F,AK,BB,D
14:34:24,JSMR,RG,3560,4,F,AK,BB,D
14:34:24,JSMR,RG,3560,18,F,BK,BB,D
14:34:24,JSMR,RG,3560,11,F,AK,BB,D
14:34:03,JSMR,RG,3560,3,F,AK,YU,D
14:34:03,JSMR,RG,3560,10,F,AK,NI,D
14:33:56,JSMR,RG,3560,4,F,AK,YU,D
14:33:56,JSMR,RG,3560,10,F,AK,YP,D
14:33:50,JSMR,RG,3560,1,F,AK,YU,D
14:33:50,JSMR,RG,3560,1,F,AK,YP,D
14:33:46,JSMR,RG,3560,24,F,AK,YU,D
14:33:46,JSMR,RG,3560,29,F,AK,YU,F
14:33:46,JSMR,RG,3560,18,D,PD,YU,F
14:33:46,JSMR,RG,3560,12,D,PD,YU,D
14:33:46,JSMR,RG,3560,2,F,ZP,YU,D
14:33:46,JSMR,RG,3560,11,F,ZP,KZ,D
14:33:46,JSMR,RG,3560,2,D,OD,KZ,D
14:33:46,JSMR,RG,3560,2,D,NI,KZ,D
14:33:46,JSMR,RG,3560,37,F,BK,KZ,D
14:33:46,JSMR,RG,3560,1,F,BK,YU,D
14:33:45,JSMR,RG,3560,1,D,XC,YP,D
14:33:42,JSMR,RG,3560,1,D,XC,YP,D
14:33:38,JSMR,RG,3560,1,D,XC,YP,D
14:33:36,JSMR,RG,3560,3,D,XC,YU,D
14:33:36,JSMR,RG,3560,2,F,CS,YU,D
14:33:36,JSMR,RG,3560,17,F,BK,YU,D
14:33:36,JSMR,RG,3560,1,F,AK,YU,D
14:33:36,JSMR,RG,3560,12,D,LG,YU,D
14:33:36,JSMR,RG,3560,89,D,LG,KZ,D
14:33:34,JSMR,RG,3560,63,D,LG,YU,D
14:33:34,JSMR,RG,3560,3,D,CC,YU,D
14:33:34,JSMR,RG,3560,170,D,CC,YU,D
14:33:32,JSMR,RG,3560,1,D,CC,YU,D
14:33:32,JSMR,RG,3560,1,D,CC,YP,D
14:33:28,JSMR,RG,3560,1,D,CC,YP,D
14:33:26,JSMR,RG,3560,1,D,CC,YP,D
14:33:13,JSMR,RG,3560,2,D,CC,CS,D
14:33:13,JSMR,RG,3560,21,D,CC,YU,F
14:33:13,JSMR,RG,3560,29,D,YU,YU,F
14:33:12,JSMR,RG,3560,25,D,YU,YU,D
14:33:12,JSMR,RG,3560,10,D,YU,YU,D
14:33:12,JSMR,RG,3560,39,D,YU,YU,D
14:33:12,JSMR,RG,3560,1,D,AZ,YU,D
14:33:12,JSMR,RG,3560,36,F,BK,YU,D
14:33:12,JSMR,RG,3560,24,D,DR,YU,D
14:33:06,JSMR,RG,3560,1,D,DR,YP,D
14:33:01,JSMR,RG,3560,1,D,DR,YP,D
14:32:44,JSMR,RG,3560,1,D,DR,YU,D
14:32:44,JSMR,RG,3560,1,D,DR,YP,D
14:32:15,JSMR,RG,3560,55,D,DR,YU,D
14:32:15,JSMR,RG,3560,1,D,DR,YU,D
14:32:15,JSMR,RG,3560,56,D,DR,CP,D
14:32:15,JSMR,RG,3560,1,F,AK,CP,D
14:32:15,JSMR,RG,3560,16,F,BK,CP,D
14:32:15,JSMR,RG,3560,41,F,ZP,CP,D
14:32:15,JSMR,RG,3560,2,F,AK,CP,D
14:32:15,JSMR,RG,3560,21,F,BK,CP,D
14:32:15,JSMR,RG,3560,5,D,DR,CP,D
14:32:15,JSMR,RG,3560,1,F,CS,CP,D
14:32:15,JSMR,RG,3560,27,D,YU,CP,D
14:32:05,JSMR,RG,3560,47,D,YU,YU,F
14:32:01,JSMR,RG,3560,26,D,YU,YU,D
14:32:01,JSMR,RG,3560,1,D,YP,YU,D
14:32:01,JSMR,RG,3560,16,F,BK,YU,D
14:32:01,JSMR,RG,3560,25,D,PD,YU,D
14:32:01,JSMR,RG,3560,7,F,AK,YU,D
14:32:01,JSMR,RG,3560,6,F,AK,YU,D
14:32:01,JSMR,RG,3560,9,D,LG,YU,D
14:32:01,JSMR,RG,3570,231,D,YU,BB,D
14:31:39,JSMR,RG,3560,1,D,LG,CC,D
14:31:32,JSMR,RG,3560,1,D,LG,YU,D
14:31:32,JSMR,RG,3560,2,D,LG,XC,D
14:31:00,JSMR,RG,3560,1,D,LG,YB,D
14:30:59,JSMR,RG,3570,1,D,YP,BB,D
14:30:54,JSMR,RG,3560,1,D,LG,YU,D
14:30:54,JSMR,RG,3570,1,D,YP,BB,D
14:30:51,JSMR,RG,3570,1,D,YP,BB,D
14:30:49,JSMR,RG,3560,23,D,LG,YU,D
14:30:49,JSMR,RG,3560,59,D,LG,BB,D
14:30:18,JSMR,RG,3560,20,D,LG,YU,D
14:30:18,JSMR,RG,3560,52,D,LG,YU,F
14:30:15,JSMR,RG,3560,133,D,LG,YU,D
14:30:15,JSMR,RG,3560,9,D,LG,YU,D
14:30:15,JSMR,RG,3560,334,D,LG,BK,F
14:30:15,JSMR,RG,3560,36,F,BK,BK,F
14:30:15,JSMR,RG,3560,6,D,KK,BK,F
14:30:15,JSMR,RG,3560,23,F,AK,BK,F
14:30:09,JSMR,RG,3560,19,F,AK,YU,D
14:30:09,JSMR,RG,3560,49,F,AK,YU,F
14:30:08,JSMR,RG,3560,22,F,AK,YU,D
14:30:08,JSMR,RG,3560,57,F,AK,BB,D
14:30:08,JSMR,RG,3560,3,F,AK,YU,D
14:30:08,JSMR,RG,3560,1,F,CS,YU,D
14:30:08,JSMR,RG,3560,1,F,AK,YU,D
14:30:08,JSMR,RG,3560,1,F,CS,YU,D
14:30:08,JSMR,RG,3560,2,F,AK,YU,D
14:30:08,JSMR,RG,3560,2,F,BK,YU,D
14:30:08,JSMR,RG,3570,25,D,PD,BB,D
14:30:01,JSMR,RG,3560,32,F,BK,YU,D
14:30:01,JSMR,RG,3560,24,F,BK,YU,D
14:30:01,JSMR,RG,3560,40,F,ZP,YU,D
14:30:01,JSMR,RG,3560,44,D,LG,YU,D
14:30:01,JSMR,RG,3570,15,D,YU,BB,D
14:30:01,JSMR,RG,3570,2,D,YU,NI,D
14:30:01,JSMR,RG,3570,10,D,YU,YP,D
14:30:01,JSMR,RG,3570,3,D,YU,CS,F
14:30:01,JSMR,RG,3570,30,D,YU,KK,D
14:30:01,JSMR,RG,3570,10,D,YU,YP,D
14:30:01,JSMR,RG,3570,1,D,YU,CS,D
14:30:01,JSMR,RG,3570,30,D,YU,GR,D
14:30:01,JSMR,RG,3570,27,D,YU,CC,D
14:30:01,JSMR,RG,3570,2,D,YU,KK,D
14:30:01,JSMR,RG,3570,30,D,YU,NI,D
14:30:01,JSMR,RG,3570,2,D,YU,PD,D
14:30:01,JSMR,RG,3570,2,D,YU,CS,F
14:30:01,JSMR,RG,3570,1,D,YU,CS,D
14:30:01,JSMR,RG,3570,1,D,YU,CS,F
14:30:01,JSMR,RG,3570,16,D,YU,EP,D
14:30:01,JSMR,RG,3570,1,D,YU,CS,D
14:30:01,JSMR,RG,3570,2,D,YU,YP,D
14:30:01,JSMR,RG,3570,40,D,YU,YP,D
14:30:01,JSMR,RG,3570,2,D,YU,BB,D
14:30:01,JSMR,RG,3570,1,D,YU,PD,D
14:30:01,JSMR,RG,3570,2,D,YU,AK,F
14:30:01,JSMR,RG,3570,2,D,YU,AK,F
14:30:01,JSMR,RG,3570,10,D,YU,YP,D
14:30:01,JSMR,RG,3570,46,D,YU,KZ,D
14:30:01,JSMR,RG,3570,3,D,YU,CS,F
14:30:01,JSMR,RG,3570,13,D,YU,BB,D
14:30:01,JSMR,RG,3570,14,D,YU,BK,F
14:30:01,JSMR,RG,3560,42,D,LG,KZ,D
14:30:01,JSMR,RG,3560,12,D,LG,YU,D
14:30:00,JSMR,RG,3560,31,D,LG,BB,D
14:29:48,JSMR,RG,3560,3,D,LG,YU,D
14:29:48,JSMR,RG,3560,10,D,LG,BB,D
14:29:48,JSMR,RG,3560,32,D,LG,YU,D
14:29:48,JSMR,RG,3560,80,D,LG,PD,D
14:29:32,JSMR,RG,3560,2,D,LG,YU,D
14:29:32,JSMR,RG,3560,6,D,LG,BB,D
14:29:11,JSMR,RG,3560,3,D,LG,YU,D
14:29:11,JSMR,RG,3560,8,D,LG,BB,D
14:29:02,JSMR,RG,3560,6,D,LG,YU,D
14:29:00,JSMR,RG,3560,16,D,LG,BB,D
14:28:44,JSMR,RG,3560,3,D,LG,YU,D
14:28:44,JSMR,RG,3560,7,D,LG,BB,D
14:28:44,JSMR,RG,3560,11,D,LG,YU,D
14:28:44,JSMR,RG,3560,29,D,LG,BB,D
14:28:32,JSMR,RG,3560,2,D,LG,YU,D
14:28:32,JSMR,RG,3560,4,D,LG,BB,D
14:28:22,JSMR,RG,3560,4,D,LG,YU,D
14:28:22,JSMR,RG,3560,11,D,LG,BB,D
14:28:05,JSMR,RG,3560,1,D,LG,YP,D
14:28:01,JSMR,RG,3560,2,D,LG,YU,D
14:28:01,JSMR,RG,3560,4,D,LG,BB,D
14:28:01,JSMR,RG,3560,1,D,LG,YP,D
14:27:56,JSMR,RG,3560,3,D,LG,YU,D
14:27:56,JSMR,RG,3560,7,D,LG,BB,D
14:27:56,JSMR,RG,3560,1,D,LG,YU,D
14:27:56,JSMR,RG,3560,1,D,LG,YP,D
14:27:51,JSMR,RG,3560,1,D,LG,YP,D
14:27:44,JSMR,RG,3560,6,D,LG,YU,D
14:27:44,JSMR,RG,3560,15,D,LG,BB,D
14:27:20,JSMR,RG,3560,2,D,LG,YU,D
14:27:20,JSMR,RG,3560,20,D,LG,BB,D
14:27:01,JSMR,RG,3560,1,D,LG,YU,D
14:27:01,JSMR,RG,3560,40,D,YU,YU,D
14:27:01,JSMR,RG,3560,26,D,YU,BB,D
14:27:01,JSMR,RG,3560,12,D,YU,YU,D
14:27:00,JSMR,RG,3570,116,D,YU,BK,F
14:27:00,JSMR,RG,3560,1,D,YU,YU,D
14:27:00,JSMR,RG,3560,32,D,YU,BB,D
14:27:00,JSMR,RG,3560,6,D,YU,CS,F
14:26:31,JSMR,RG,3560,7,D,YU,KK,D
14:26:30,JSMR,RG,3560,10,D,YU,YU,D
14:26:30,JSMR,RG,3560,1,D,YU,YU,D
14:26:30,JSMR,RG,3560,25,D,YU,PD,D
14:26:30,JSMR,RG,3560,2,F,AK,PD,D
14:26:30,JSMR,RG,3560,1,F,CS,PD,D
14:26:30,JSMR,RG,3560,2,D,YP,PD,D
14:26:29,JSMR,RG,3560,2,D,YP,YU,D
14:26:29,JSMR,RG,3560,5,D,YP,GR,D
14:26:28,JSMR,RG,3560,5,D,YP,YU,D
14:26:28,JSMR,RG,3560,12,D,YP,AK,F
14:26:27,JSMR,RG,3560,1,D,YP,YU,D
14:26:27,JSMR,RG,3560,5,D,YP,YU,D
14:26:27,JSMR,RG,3560,1,D,SQ,BB,D
14:26:27,JSMR,RG,3560,1,F,AK,BB,D
14:26:27,JSMR,RG,3560,1,F,AK,BB,D
14:26:27,JSMR,RG,3560,13,F,BK,BB,D
14:26:27,JSMR,RG,3560,1,F,BK,YU,D
14:26:27,JSMR,RG,3560,2,F,BK,XC,D
14:26:01,JSMR,RG,3560,2,F,BK,YU,D
14:26:01,JSMR,RG,3560,6,F,BK,BB,D
14:25:51,JSMR,RG,3560,3,F,BK,YU,D
14:25:51,JSMR,RG,3560,8,F,BK,BB,D
14:25:43,JSMR,RG,3560,1,F,BK,YU,D
14:25:43,JSMR,RG,3560,3,F,BK,YU,D
14:25:43,JSMR,RG,3560,2,F,BK,AT,D
14:25:43,JSMR,RG,3560,8,D,PD,AT,D
14:25:43,JSMR,RG,3560,3,D,PD,YU,D
14:25:43,JSMR,RG,3560,8,D,PD,BB,D
14:25:37,JSMR,RG,3560,6,D,PD,YU,D
14:25:37,JSMR,RG,3560,1,D,CC,YU,D
14:25:37,JSMR,RG,3560,1,F,BK,YU,D
14:25:37,JSMR,RG,3560,16,F,BK,BB,D
14:25:37,JSMR,RG,3560,1,F,CS,BB,D
14:25:37,JSMR,RG,3560,3,F,BK,BB,D
14:25:26,JSMR,RG,3560,15,F,BK,YU,D
14:25:26,JSMR,RG,3560,13,F,BK,YU,D
14:25:26,JSMR,RG,3560,4,F,BK,KZ,D
14:25:26,JSMR,RG,3560,18,F,ZP,KZ,D
14:25:26,JSMR,RG,3560,16,F,BK,KZ,D
14:25:26,JSMR,RG,3560,2,D,CC,KZ,D
14:25:26,JSMR,RG,3560,33,F,BK,KZ,D
14:25:26,JSMR,RG,3560,1,D,YU,KZ,D
14:25:24,JSMR,RG,3560,2,D,YU,YU,D
14:25:24,JSMR,RG,3560,10,D,YU,BB,D
14:25:17,JSMR,RG,3560,4,D,YU,YU,D
14:25:17,JSMR,RG,3560,13,D,YU,BB,D
14:25:01,JSMR,RG,3560,4,D,YU,YU,D
14:25:00,JSMR,RG,3560,12,D,YU,YU,D
14:25:00,JSMR,RG,3560,5,D,YU,BB,D
14:25:00,JSMR,RG,3560,19,D,YU,YP,D
14:25:00,JSMR,RG,3560,31,D,YP,YP,D
14:24:55,JSMR,RG,3560,4,D,YP,YU,D
14:24:55,JSMR,RG,3560,9,D,YP,BB,D
14:24:51,JSMR,RG,3570,1,D,YP,BK,F
14:24:45,JSMR,RG,3560,1,D,YP,YU,D
14:24:45,JSMR,RG,3570,1,D,YP,BK,F
14:24:41,JSMR,RG,3560,2,D,YP,YU,D
14:24:41,JSMR,RG,3560,2,D,YP,YU,D
14:24:41,JSMR,RG,3560,1,D,YP,BB,D
14:24:41,JSMR,RG,3560,1,D,NI,BB,D
14:24:41,JSMR,RG,3560,3,F,AK,BB,D
14:24:41,JSMR,RG,3560,5,F,BK,BB,D
14:24:41,JSMR,RG,3570,1,D,YP,BK,F
14:24:28,JSMR,RG,3560,2,F,BK,YU,D
14:24:28,JSMR,RG,3560,1,F,BK,YU,D
14:24:28,JSMR,RG,3560,6,F,BK,BB,D
14:24:28,JSMR,RG,3560,3,F,BK,BB,D
14:24:20,JSMR,RG,3560,7,F,BK,YU,D
14:24:20,JSMR,RG,3560,1,F,CS,YU,D
14:24:20,JSMR,RG,3560,7,F,AK,YU,D
14:24:20,JSMR,RG,3560,37,F,AK,BB,D
14:24:01,JSMR,RG,3560,11,F,AK,YU,D
14:24:00,JSMR,RG,3570,60,D,YU,BK,F
14:24:00,JSMR,RG,3570,1,D,YU,CS,D
14:24:00,JSMR,RG,3570,70,D,YU,YU,F
14:24:00,JSMR,RG,3570,42,D,YU,YU,F
14:23:59,JSMR,RG,3560,2,F,AK,BB,D
14:23:59,JSMR,RG,3560,9,F,BK,BB,D
14:23:37,JSMR,RG,3560,5,F,BK,BB,D
14:23:37,JSMR,RG,3560,22,F,BK,BB,D
14:23:00,JSMR,RG,3560,6,F,BK,BB,D
14:23:00,JSMR,RG,3560,1,F,AK,BB,D
14:22:54,JSMR,RG,3560,1,F,AK,BB,D
14:22:54,JSMR,RG,3560,1,D,YP,BB,D
14:22:54,JSMR,RG,3560,22,D,YU,BB,D
14:22:54,JSMR,RG,3570,14,F,BK,YU,F
14:22:31,JSMR,RG,3560,49,D,YU,KZ,D
14:22:31,JSMR,RG,3560,1,F,BK,KZ,D
14:22:31,JSMR,RG,3560,7,F,BK,KZ,D
14:22:31,JSMR,RG,3560,30,F,CC,KZ,D
14:22:29,JSMR,RG,3560,22,F,CC,BB,D
14:22:29,JSMR,RG,3570,3,D,PD,YU,F
14:22:14,JSMR,RG,3570,13,F,BK,YU,F
14:22:07,JSMR,RG,3560,10,F,CC,GR,D
14:22:06,JSMR,RG,3560,16,F,CC,BB,D
14:22:04,JSMR,RG,3560,5,F,CC,BB,D
14:22:00,JSMR,RG,3560,1,F,CC,YP,D
14:22:00,JSMR,RG,3560,8,F,CC,BB,D
14:21:50,JSMR,RG,3560,1,F,CS,BB,D
14:21:50,JSMR,RG,3560,3,F,AK,BB,D
14:21:50,JSMR,RG,3560,4,F,AK,BB,D
14:21:50,JSMR,RG,3560,1,F,ZP,BB,D
14:21:27,JSMR,RG,3570,13,F,BK,YU,F
14:21:09,JSMR,RG,3570,13,F,BK,YU,F
14:21:00,JSMR,RG,3570,42,D,YU,YU,F
14:21:00,JSMR,RG,3570,98,D,YU,DX,D
14:20:40,JSMR,RG,3570,15,F,BK,DX,D
14:20:34,JSMR,RG,3570,1,D,YP,DX,D
14:20:28,JSMR,RG,3570,1,D,YP,DX,D
14:20:23,JSMR,RG,3570,1,D,YP,DX,D
14:20:17,JSMR,RG,3560,4,F,ZP,CS,F
14:20:10,JSMR,RG,3560,17,F,ZP,BB,D
14:19:46,JSMR,RG,3570,15,F,BK,DX,D
14:19:28,JSMR,RG,3570,14,F,BK,DX,D
14:19:27,JSMR,RG,3560,1,F,ZP,DH,D
14:19:20,JSMR,RG,3560,1,F,ZP,DH,D
14:19:11,JSMR,RG,3560,1,F,ZP,DH,D
14:19:01,JSMR,RG,3570,13,F,BK,DX,D
14:19:00,JSMR,RG,3570,2,F,AK,DX,D
14:19:00,JSMR,RG,3570,1,F,AK,DX,D
14:19:00,JSMR,RG,3570,171,D,YU,DX,D
14:19:00,JSMR,RG,3560,1,F,ZP,YP,D
14:18:13,JSMR,RG,3570,15,F,BK,DX,D
14:17:54,JSMR,RG,3570,13,F,BK,DX,D
14:17:25,JSMR,RG,3570,1,F,AK,DX,D
14:17:24,JSMR,RG,3570,15,F,BK,DX,D
14:17:20,JSMR,RG,3570,3,D,PD,DX,D
14:17:11,JSMR,RG,3560,4,F,ZP,XC,D
14:17:11,JSMR,RG,3560,1,F,AK,XC,D
14:17:11,JSMR,RG,3560,15,D,XL,XC,D
14:17:05,JSMR,RG,3560,5,D,XL,YU,F
14:17:05,JSMR,RG,3560,1,D,CC,YU,F
14:17:05,JSMR,RG,3560,3,D,PD,YU,F
14:17:05,JSMR,RG,3560,38,D,DR,YU,F
14:17:00,JSMR,RG,3570,140,D,YU,DX,D
14:16:40,JSMR,RG,3570,4,D,PD,DX,D
14:16:33,JSMR,RG,3560,13,D,DR,AK,F
14:16:15,JSMR,RG,3570,1,F,AK,DX,D
14:16:00,JSMR,RG,3570,1,F,AK,DX,D
14:15:05,JSMR,RG,3570,1,D,YP,DX,D
14:15:01,JSMR,RG,3570,1,D,YP,DX,D
14:15:00,JSMR,RG,3570,261,D,YU,DX,D
14:14:56,JSMR,RG,3570,1,D,YP,DX,D
14:13:53,JSMR,RG,3570,1,D,XL,DX,D
14:13:30,JSMR,RG,3560,1,D,DR,PD,D
14:13:15,JSMR,RG,3570,1,F,AK,DX,D
14:12:23,JSMR,RG,3560,47,D,DR,YU,F
14:12:16,JSMR,RG,3570,1,D,YP,DX,D
14:12:16,JSMR,RG,3560,35,D,DR,KZ,D
14:12:15,JSMR,RG,3560,47,D,DR,YU,F
14:12:09,JSMR,RG,3560,49,D,DR,YU,F
14:12:03,JSMR,RG,3560,627,D,DR,PD,D
14:12:03,JSMR,RG,3560,10,D,DR,PD,D
14:12:03,JSMR,RG,3560,2,D,CC,PD,D
14:12:03,JSMR,RG,3560,30,D,YP,PD,D
14:12:03,JSMR,RG,3560,300,D,PD,PD,D
14:12:03,JSMR,RG,3560,2,D,OD,PD,D
14:12:03,JSMR,RG,3560,1,F,ZP,PD,D
14:12:03,JSMR,RG,3560,28,D,YU,PD,D
14:12:02,JSMR,RG,3570,2,F,AK,DX,D
14:12:01,JSMR,RG,3570,217,D,YU,DX,D
14:10:00,JSMR,RG,3570,202,D,YU,DX,D
14:09:12,JSMR,RG,3560,1,D,YU,YP,D
14:09:07,JSMR,RG,3560,1,D,YU,YP,D
14:09:03,JSMR,RG,3560,1,D,YU,YP,D
14:08:58,JSMR,RG,3560,1,D,YU,YP,D
14:07:43,JSMR,RG,3560,31,D,YU,YP,D
14:07:43,JSMR,RG,3560,7,F,BK,YP,D
14:07:43,JSMR,RG,3560,1,D,YP,YP,D
14:07:43,JSMR,RG,3560,1,F,AK,YP,D
14:07:18,JSMR,RG,3570,56,D,YU,DX,D
14:07:18,JSMR,RG,3570,1,D,GR,DX,D
14:07:18,JSMR,RG,3570,140,D,KK,DX,D
14:07:18,JSMR,RG,3570,25,F,ZP,DX,D
14:07:18,JSMR,RG,3570,1,D,YP,DX,D
14:07:18,JSMR,RG,3570,4,F,BK,DX,D
14:07:18,JSMR,RG,3570,1,F,CS,DX,D
14:07:18,JSMR,RG,3570,45,D,CD,DX,D
14:07:18,JSMR,RG,3570,3,D,DR,DX,D
14:07:18,JSMR,RG,3570,20,F,BK,DX,D
14:07:18,JSMR,RG,3570,1,F,CS,DX,D
14:07:18,JSMR,RG,3570,25,D,PD,DX,D
14:07:18,JSMR,RG,3570,15,F,BK,DX,D
14:07:18,JSMR,RG,3570,1,F,AK,DX,D
14:07:18,JSMR,RG,3570,12,F,AK,DX,D
14:07:18,JSMR,RG,3570,60,F,AK,DX,D
14:07:18,JSMR,RG,3570,33,F,BK,DX,D
14:07:18,JSMR,RG,3570,1,F,CS,DX,D
14:07:18,JSMR,RG,3570,300,D,DR,DX,D
14:07:18,JSMR,RG,3570,1,D,CC,DX,D
14:07:18,JSMR,RG,3570,30,D,PD,DX,D
14:07:18,JSMR,RG,3570,7,F,AK,DX,D
14:07:18,JSMR,RG,3570,129,F,BK,DX,D
14:07:18,JSMR,RG,3570,1,F,AK,DX,D
14:07:18,JSMR,RG,3570,1,F,AK,DX,D
14:07:18,JSMR,RG,3570,1,F,AK,DX,D
14:07:18,JSMR,RG,3570,1,F,AK,DX,D
14:07:18,JSMR,RG,3570,12,F,AK,DX,D
14:07:18,JSMR,RG,3570,57,F,BK,DX,D
14:07:18,JSMR,RG,3570,6,F,ZP,DX,D
14:07:18,JSMR,RG,3570,1,F,CS,DX,D
14:07:18,JSMR,RG,3570,87,D,YU,DX,D
14:07:18,JSMR,RG,3570,209,D,DR,DX,D
14:07:07,JSMR,RG,3580,1,D,YP,XL,D
14:07:07,JSMR,RG,3570,9,D,DR,NI,D
14:07:01,JSMR,RG,3580,2,F,BK,YP,D
14:07:01,JSMR,RG,3580,1,F,BK,CC,D
14:07:01,JSMR,RG,3580,11,F,BK,EP,D
14:06:48,JSMR,RG,3580,14,F,BK,EP,D
14:06:45,JSMR,RG,3580,18,F,AK,EP,D
14:06:16,JSMR,RG,3580,13,F,BK,EP,D
14:06:15,JSMR,RG,3580,1,F,AK,EP,D
14:06:00,JSMR,RG,3580,164,D,YU,EP,D
14:05:32,JSMR,RG,3580,1,D,CC,EP,D
14:05:26,JSMR,RG,3580,15,F,BK,EP,D
14:05:22,JSMR,RG,3570,1,D,DR,CC,D
14:05:16,JSMR,RG,3580,13,F,BK,EP,D
14:05:00,JSMR,RG,3580,1,F,AK,EP,D
14:04:42,JSMR,RG,3580,13,F,BK,EP,D
14:04:37,JSMR,RG,3580,3,D,DR,EP,D
14:04:00,JSMR,RG,3580,196,D,YU,EP,D
14:03:53,JSMR,RG,3580,1,F,AK,EP,D
14:03:48,JSMR,RG,3580,15,F,BK,EP,D
14:03:25,JSMR,RG,3580,15,F,BK,EP,D
14:03:19,JSMR,RG,3580,6,F,AK,EP,D
14:03:19,JSMR,RG,3580,1,F,AK,YP,D
14:03:19,JSMR,RG,3580,3,F,AK,YP,D
14:03:18,JSMR,RG,3570,4,D,DR,PD,D
14:03:00,JSMR,RG,3580,1,F,BK,YP,D
14:03:00,JSMR,RG,3580,13,F,BK,SQ,D
14:02:56,JSMR,RG,3570,70,D,DR,YU,F
14:02:56,JSMR,RG,3570,3,D,DR,PD,D
14:02:56,JSMR,RG,3570,2,D,DR,XC,D
14:02:56,JSMR,RG,3570,19,D,DR,YU,F
14:02:56,JSMR,RG,3570,35,D,DR,BB,D
14:02:56,JSMR,RG,3570,30,D,DR,BB,D
14:02:56,JSMR,RG,3570,8,D,DR,AK,F
14:02:56,JSMR,RG,3570,11,D,DR,YU,F
14:02:56,JSMR,RG,3570,3,D,DR,CS,F
14:02:56,JSMR,RG,3570,25,D,DR,YP,D
14:02:56,JSMR,RG,3570,3,D,DR,KK,D
14:02:56,JSMR,RG,3570,1,D,DR,CS,D
14:02:56,JSMR,RG,3570,5,D,DR,CP,D
14:02:56,JSMR,RG,3570,63,D,DR,KZ,D
14:02:56,JSMR,RG,3570,20,D,DR,LS,D
14:02:56,JSMR,RG,3570,2,D,DR,YP,D
14:02:56,JSMR,RG,3570,30,D,DR,NI,D
14:02:56,JSMR,RG,3570,3,D,DR,YP,D
14:02:56,JSMR,RG,3570,1,D,DR,CS,D
14:02:56,JSMR,RG,3570,3,D,DR,CS,F
14:02:56,JSMR,RG,3570,300,D,DR,PD,D
14:02:56,JSMR,RG,3570,100,D,DR,YU,D
14:02:56,JSMR,RG,3570,40,D,DR,YU,F
14:02:08,JSMR,RG,3570,15,F,BK,YU,F
14:02:01,JSMR,RG,3570,4,F,AK,YU,F
14:02:00,JSMR,RG,3570,11,F,ZP,YU,F
14:02:00,JSMR,RG,3570,2,F,ZP,YP,D
14:02:00,JSMR,RG,3570,2,F,ZP,AK,F
14:02:00,JSMR,RG,3570,1,F,ZP,XC,D
14:02:00,JSMR,RG,3570,1,F,ZP,BB,D
14:02:00,JSMR,RG,3570,2,F,ZP,XL,D
14:02:00,JSMR,RG,3570,1,F,ZP,CS,D
14:02:00,JSMR,RG,3570,2,F,ZP,PD,D
14:02:00,JSMR,RG,3570,2,F,ZP,AK,F
14:02:00,JSMR,RG,3570,2,F,ZP,XL,D
14:02:00,JSMR,RG,3570,25,F,ZP,CC,F
14:02:00,JSMR,RG,3570,10,D,YU,CC,F
14:02:00,JSMR,RG,3570,18,D,YU,BB,D
14:02:00,JSMR,RG,3570,2,D,YU,CS,F
14:02:00,JSMR,RG,3570,40,D,YU,YP,D
14:02:00,JSMR,RG,3570,50,D,YU,EP,D
14:02:00,JSMR,RG,3570,11,F,AK,EP,D
14:01:36,JSMR,RG,3570,15,F,BK,EP,D
14:01:35,JSMR,RG,3570,1,D,YP,EP,D
14:01:22,JSMR,RG,3570,13,F,BK,EP,D
14:01:21,JSMR,RG,3570,25,D,PD,EP,D
14:00:34,JSMR,RG,3570,14,F,BK,EP,D
14:00:01,JSMR,RG,3570,98,D,YU,EP,D
13:59:57,JSMR,RG,3570,14,F,BK,EP,D
13:59:46,JSMR,RG,3570,15,F,BK,EP,D
13:58:56,JSMR,RG,3570,13,F,BK,EP,D
13:58:26,JSMR,RG,3560,2,F,BK,YP,D
13:58:21,JSMR,RG,3560,1,F,BK,YP,D
13:58:21,JSMR,RG,3560,1,F,AK,YP,D
13:58:16,JSMR,RG,3560,2,F,AK,YP,D
13:58:15,JSMR,RG,3570,1,D,PD,EP,D
13:58:12,JSMR,RG,3560,2,F,AK,YP,D
13:58:10,JSMR,RG,3570,13,F,BK,EP,D
13:58:00,JSMR,RG,3570,211,D,YU,EP,D
13:57:53,JSMR,RG,3570,6,F,BK,EP,D
13:57:53,JSMR,RG,3570,1,F,BK,CC,D
13:57:53,JSMR,RG,3570,7,F,BK,KZ,D
13:57:25,JSMR,RG,3570,14,F,BK,KZ,D
13:57:01,JSMR,RG,3570,1,D,YP,KZ,D
13:56:14,JSMR,RG,3570,14,F,BK,KZ,D
13:56:10,JSMR,RG,3560,5,F,AK,PD,D
13:56:08,JSMR,RG,3560,2,F,AK,YP,D
13:56:00,JSMR,RG,3570,10,D,YU,KZ,D
13:56:00,JSMR,RG,3570,2,D,YU,AK,F
13:56:00,JSMR,RG,3570,2,D,YU,PD,D
13:56:00,JSMR,RG,3570,70,D,YU,YU,F
13:56:00,JSMR,RG,3570,12,D,YU,LG,D
13:55:05,JSMR,RG,3570,4,F,AK,LG,D
13:55:01,JSMR,RG,3570,6,F,AK,LG,D
13:55:01,JSMR,RG,3560,1,F,AK,YP,D
13:54:41,JSMR,RG,3570,13,F,BK,LG,D
13:54:01,JSMR,RG,3570,20,D,YP,LG,D
13:54:00,JSMR,RG,3570,70,D,YU,LG,D
13:54:00,JSMR,RG,3570,1,D,YU,XC,D
13:54:00,JSMR,RG,3570,32,D,YU,BB,D
13:54:00,JSMR,RG,3570,4,D,YU,BB,D
13:54:00,JSMR,RG,3570,10,D,YU,OD,D
13:54:00,JSMR,RG,3570,3,D,YU,YP,D
13:54:00,JSMR,RG,3570,15,D,YU,GR,D
13:53:31,JSMR,RG,3570,1,D,XC,GR,D
13:53:29,JSMR,RG,3570,1,D,OD,GR,D
13:53:07,JSMR,RG,3570,8,F,BK,GR,D
13:53:07,JSMR,RG,3570,2,F,BK,NI,D
13:53:07,JSMR,RG,3570,3,F,BK,KK,D
13:52:49,JSMR,RG,3570,20,D,YP,KK,D
13:52:38,JSMR,RG,3570,1,D,YP,KK,D
13:52:32,JSMR,RG,3570,1,F,KZ,KK,D
13:52:32,JSMR,RG,3570,1,F,KZ,YP,D
13:52:32,JSMR,RG,3570,25,F,KZ,DH,D
13:52:32,JSMR,RG,3570,50,F,KZ,KK,D
13:52:32,JSMR,RG,3570,1,F,KZ,SQ,D
13:52:32,JSMR,RG,3570,18,F,KZ,KZ,D
13:52:32,JSMR,RG,3570,2,F,KZ,YP,D
13:52:32,JSMR,RG,3570,1,F,KZ,XL,D
13:52:32,JSMR,RG,3570,10,F,KZ,XL,D
13:52:32,JSMR,RG,3570,4,F,KZ,PD,D
13:52:32,JSMR,RG,3570,10,F,KZ,PD,D
13:52:32,JSMR,RG,3570,34,F,KZ,YB,D
13:52:32,JSMR,RG,3570,1,F,KZ,YP,D
13:52:32,JSMR,RG,3570,2,F,KZ,PD,D
13:52:32,JSMR,RG,3570,1,F,KZ,DH,D
13:52:32,JSMR,RG,3570,1,F,KZ,CC,D
13:52:32,JSMR,RG,3570,60,F,KZ,NI,D
13:52:32,JSMR,RG,3570,30,F,KZ,KK,D
13:52:32,JSMR,RG,3570,25,F,KZ,PD,D
13:52:32,JSMR,RG,3570,120,F,KZ,MG,D
13:52:19,JSMR,RG,3570,52,F,KZ,MG,D
13:52:16,JSMR,RG,3570,28,D,PD,MG,D
13:52:16,JSMR,RG,3570,1,D,PD,NI,D
13:52:16,JSMR,RG,3570,2,D,PD,YP,D
13:52:16,JSMR,RG,3570,1,D,PD,XL,D
13:52:16,JSMR,RG,3570,13,D,PD,XC,D
13:52:16,JSMR,RG,3570,3,D,PD,YP,D
13:52:16,JSMR,RG,3570,1,D,PD,PD,D
13:52:16,JSMR,RG,3570,30,D,PD,NI,D
13:52:16,JSMR,RG,3570,100,D,PD,NI,D
13:52:16,JSMR,RG,3570,50,D,PD,ZP,D
13:52:16,JSMR,RG,3570,6,D,PD,PD,D
13:52:16,JSMR,RG,3570,10,D,PD,XC,D
13:52:16,JSMR,RG,3570,5,D,PD,PD,D
13:51:41,JSMR,RG,3560,168,F,AK,BK,F
13:51:41,JSMR,RG,3560,88,F,BK,BK,F
13:51:41,JSMR,RG,3560,1,F,ZP,BK,F
13:51:41,JSMR,RG,3560,27,F,AK,BK,F
13:51:26,JSMR,RG,3560,33,F,AK,YU,F
13:51:26,JSMR,RG,3560,1,F,CS,YU,F
13:51:26,JSMR,RG,3560,36,F,KZ,YU,F
13:51:26,JSMR,RG,3560,1,F,KZ,BB,D
13:51:26,JSMR,RG,3560,1,F,KZ,CS,D
13:51:26,JSMR,RG,3560,40,F,KZ,YU,F
13:51:26,JSMR,RG,3560,30,F,KZ,YU,F
13:51:25,JSMR,RG,3560,40,F,AK,YU,F
13:51:25,JSMR,RG,3560,2,F,AK,AK,F
13:51:25,JSMR,RG,3560,3,F,AK,CS,F
13:51:25,JSMR,RG,3560,2,F,AK,AK,F
13:51:25,JSMR,RG,3560,5,F,AK,XC,D
13:51:25,JSMR,RG,3560,23,F,AK,SQ,D
13:51:25,JSMR,RG,3560,19,F,AK,SQ,D
13:51:24,JSMR,RG,3560,108,F,AK,SQ,D
13:51:24,JSMR,RG,3560,7,F,AK,AT,D
13:51:24,JSMR,RG,3560,6,F,AK,CC,D
13:51:24,JSMR,RG,3560,1,F,AK,CS,D
13:51:24,JSMR,RG,3560,3,F,AK,CS,F
13:51:24,JSMR,RG,3560,40,F,AK,BK,F
13:51:24,JSMR,RG,3560,8,F,ZP,BK,F
13:51:24,JSMR,RG,3560,6,F,AK,BK,F
13:51:24,JSMR,RG,3560,7,F,AK,BK,F
13:51:24,JSMR,RG,3560,9,F,AK,BK,F
13:51:24,JSMR,RG,3560,20,F,AK,BK,F
13:51:24,JSMR,RG,3560,15,F,AK,BK,F
13:51:24,JSMR,RG,3560,1,F,AK,CS,D
13:51:24,JSMR,RG,3560,1,F,AK,CS,F
13:51:24,JSMR,RG,3560,15,F,AK,BB,D
13:51:24,JSMR,RG,3560,19,F,AK,BB,D
13:51:24,JSMR,RG,3560,14,F,AK,KZ,D
13:51:24,JSMR,RG,3560,13,F,AK,KZ,D
13:51:24,JSMR,RG,3560,34,F,KZ,KZ,D
13:51:24,JSMR,RG,3560,128,F,KZ,DR,D
13:51:24,JSMR,RG,3560,80,F,AK,DR,D
13:51:24,JSMR,RG,3560,651,D,YU,DR,D
13:51:19,JSMR,RG,3560,30,F,KZ,DR,D
13:51:19,JSMR,RG,3560,1,F,KZ,DR,D
13:51:07,JSMR,RG,3560,1,D,XC,DR,D
13:51:04,JSMR,RG,3560,10,F,KZ,DR,D
13:51:04,JSMR,RG,3560,16,F,KZ,DR,D
13:50:27,JSMR,RG,3550,1,F,BK,CC,D
13:50:01,JSMR,RG,3560,23,F,AK,DR,D
13:50:00,JSMR,RG,3560,70,D,YU,DR,D
13:50:00,JSMR,RG,3560,25,D,YU,PD,D
13:50:00,JSMR,RG,3560,2,D,YU,CC,D
13:50:00,JSMR,RG,3560,10,D,YU,NI,D
13:50:00,JSMR,RG,3560,40,D,YU,KZ,D
13:50:00,JSMR,RG,3560,61,D,YU,PD,D
13:49:48,JSMR,RG,3560,1,D,XL,PD,D
13:49:16,JSMR,RG,3560,4,F,AK,PD,D
13:49:16,JSMR,RG,3550,11,F,BK,YP,D
13:49:16,JSMR,RG,3550,3,F,KZ,YP,D
13:49:16,JSMR,RG,3550,1,F,KZ,YP,D
13:48:58,JSMR,RG,3550,3,F,KZ,XL,D
13:48:58,JSMR,RG,3550,18,F,KZ,XL,D
13:48:57,JSMR,RG,3560,11,F,AK,PD,D
13:48:38,JSMR,RG,3550,5,F,KZ,NI,D
13:48:38,JSMR,RG,3550,26,F,KZ,NI,D
13:48:38,JSMR,RG,3550,1,F,CS,NI,D
13:48:38,JSMR,RG,3550,18,F,AK,NI,D
13:48:31,JSMR,RG,3550,1,D,YP,XC,D
13:48:14,JSMR,RG,3550,3,F,AK,AK,F
13:48:14,JSMR,RG,3550,2,F,AK,CS,F
13:48:14,JSMR,RG,3550,7,F,KZ,YU,F
13:48:14,JSMR,RG,3550,19,F,ZP,YU,F
13:48:14,JSMR,RG,3550,1,F,CC,YU,F
13:48:14,JSMR,RG,3550,15,F,CC,YU,F
13:48:14,JSMR,RG,3550,28,F,CC,YU,F
13:48:14,JSMR,RG,3550,5,F,CC,XC,D
13:48:14,JSMR,RG,3550,30,F,CC,YB,D
13:48:14,JSMR,RG,3550,2,F,CC,AK,F
13:48:14,JSMR,RG,3550,1,F,CC,CS,D
13:48:14,JSMR,RG,3550,29,F,CC,BB,D
13:48:14,JSMR,RG,3550,9,F,CC,AK,F
13:48:14,JSMR,RG,3550,17,F,CC,BB,D
13:48:14,JSMR,RG,3550,2,F,CC,CS,F
13:48:14,JSMR,RG,3550,1,F,CC,CS,D
13:48:14,JSMR,RG,3550,93,F,CC,YU,F
13:48:14,JSMR,RG,3550,1,F,KZ,YU,F
13:48:09,JSMR,RG,3550,3,F,KZ,YU,F
13:48:04,JSMR,RG,3550,1,F,KZ,YU,F
13:48:04,JSMR,RG,3550,3,F,KZ,YU,F
13:48:01,JSMR,RG,3550,11,F,AK,YU,F
13:48:00,JSMR,RG,3550,98,D,YU,YU,F
13:48:00,JSMR,RG,3550,1,D,YU,CS,F
13:48:00,JSMR,RG,3550,4,D,YU,SQ,D
13:47:50,JSMR,RG,3550,2,F,AK,SQ,D
13:47:49,JSMR,RG,3540,10,D,YP,DR,D
13:47:47,JSMR,RG,3550,4,D,EP,SQ,D
13:47:23,JSMR,RG,3550,6,D,XC,SQ,D
13:47:20,JSMR,RG,3550,1,F,AK,SQ,D
13:47:20,JSMR,RG,3550,5,D,PD,SQ,D
13:47:08,JSMR,RG,3550,2,F,AK,SQ,D
13:47:08,JSMR,RG,3550,20,D,LG,SQ,D
13:47:05,JSMR,RG,3550,1,D,PD,SQ,D
13:46:45,JSMR,RG,3550,1,D,YP,SQ,D
13:45:28,JSMR,RG,3550,37,F,CC,SQ,D
13:45:26,JSMR,RG,3550,25,D,PD,SQ,D
13:45:25,JSMR,RG,3540,5,D,YP,SQ,D
13:45:07,JSMR,RG,3540,1,D,YP,PD,D
13:44:54,JSMR,RG,3540,80,D,YP,CC,D
13:44:53,JSMR,RG,3540,61,D,YP,BK,F
13:44:53,JSMR,RG,3540,3,D,YU,BK,F
13:44:53,JSMR,RG,3540,25,F,KZ,BK,F
13:44:53,JSMR,RG,3540,6,F,KZ,BK,F
13:44:53,JSMR,RG,3540,30,F,KZ,BK,F
13:44:45,JSMR,RG,3550,2,D,PD,SQ,D
13:44:44,JSMR,RG,3550,2,F,AK,SQ,D
13:44:44,JSMR,RG,3550,2,F,AK,SQ,D
13:44:44,JSMR,RG,3550,9,F,AK,SQ,D
13:44:44,JSMR,RG,3550,14,F,BK,SQ,D
13:44:44,JSMR,RG,3550,1,D,YB,SQ,D
13:44:44,JSMR,RG,3550,4,F,AK,SQ,D
13:44:44,JSMR,RG,3550,59,F,KZ,SQ,D
13:44:44,JSMR,RG,3550,15,F,AK,SQ,D
13:44:44,JSMR,RG,3550,1,F,CS,SQ,D
13:44:44,JSMR,RG,3550,239,F,CC,SQ,D
13:44:44,JSMR,RG,3550,1,F,AK,SQ,D
13:44:44,JSMR,RG,3550,1,F,AK,SQ,D
13:44:44,JSMR,RG,3550,1,F,AK,SQ,D
13:44:44,JSMR,RG,3550,11,F,AK,SQ,D
13:44:44,JSMR,RG,3550,7,F,KZ,SQ,D
13:44:44,JSMR,RG,3550,1,F,KZ,SQ,D
13:44:44,JSMR,RG,3550,17,F,KZ,SQ,D
13:44:44,JSMR,RG,3550,1,F,KZ,SQ,D
13:44:44,JSMR,RG,3550,1,F,KZ,SQ,D
13:44:44,JSMR,RG,3550,1,F,KZ,SQ,D
13:44:44,JSMR,RG,3550,2,D,XL,SQ,D
13:44:19,JSMR,RG,3550,5,F,AK,YP,D
13:44:19,JSMR,RG,3550,1,D,YP,YP,D
13:44:19,JSMR,RG,3550,57,F,KZ,YP,D
13:44:19,JSMR,RG,3550,14,F,BK,YP,D
13:44:19,JSMR,RG,3550,28,F,BK,YP,D
13:44:19,JSMR,RG,3550,34,D,YU,YP,D
13:44:19,JSMR,RG,3550,1,F,CS,YP,D
13:44:19,JSMR,RG,3550,14,F,BK,YP,D
13:44:19,JSMR,RG,3550,1,F,AK,YP,D
13:44:19,JSMR,RG,3550,26,F,BK,YP,D
13:44:19,JSMR,RG,3550,8,F,AK,YP,D
13:44:19,JSMR,RG,3550,15,F,BK,YP,D
13:44:19,JSMR,RG,3550,23,F,BK,YP,D
13:44:19,JSMR,RG,3550,4,F,CC,YP,D
13:44:19,JSMR,RG,3550,1,F,AK,YP,D
13:44:19,JSMR,RG,3550,1,F,AK,YP,D
13:44:19,JSMR,RG,3550,23,D,PD,YP,D
13:44:19,JSMR,RG,3550,1,F,CS,YP,D
13:44:19,JSMR,RG,3550,3,F,AK,YP,D
13:44:19,JSMR,RG,3550,1,F,AK,YP,D
13:44:19,JSMR,RG,3550,8,F,AK,YP,D
13:44:19,JSMR,RG,3550,27,F,ZP,YP,D
13:44:19,JSMR,RG,3550,16,F,BK,YP,D
13:44:19,JSMR,RG,3550,1,F,AK,YP,D
13:44:19,JSMR,RG,3550,1,F,AK,YP,D
13:44:19,JSMR,RG,3550,2,D,YP,YP,D
13:44:19,JSMR,RG,3550,120,F,KZ,YP,D
13:44:19,JSMR,RG,3550,48,F,AK,YP,D
13:44:19,JSMR,RG,3550,116,D,YU,YP,D
13:44:16,JSMR,RG,3560,1,F,AK,PD,D
13:44:15,JSMR,RG,3550,25,D,YU,BB,D
13:44:00,JSMR,RG,3560,6,F,AK,PD,D
13:44:00,JSMR,RG,3560,66,D,YU,PD,D
13:44:00,JSMR,RG,3560,2,D,YU,AK,F
13:44:00,JSMR,RG,3560,2,D,YU,AK,F
13:44:00,JSMR,RG,3560,7,D,YU,BB,D
13:44:00,JSMR,RG,3560,1,D,YU,CS,D
13:44:00,JSMR,RG,3560,107,D,YU,YU,F
13:42:50,JSMR,RG,3560,2,F,AK,YU,F
13:42:37,JSMR,RG,3560,11,F,AK,YU,F
13:42:37,JSMR,RG,3560,15,F,AK,YU,F
13:42:37,JSMR,RG,3550,155,D,YU,DR,D
13:42:37,JSMR,RG,3550,1,D,YP,DR,D
13:42:37,JSMR,RG,3550,16,F,KZ,DR,D
13:42:37,JSMR,RG,3550,3,D,XC,DR,D
13:42:37,JSMR,RG,3550,1,D,YP,DR,D
13:42:37,JSMR,RG,3550,29,F,BK,DR,D
13:42:37,JSMR,RG,3550,1,F,BK,DR,D
13:42:37,JSMR,RG,3550,1,D,GR,DR,D
13:42:37,JSMR,RG,3550,1,F,ZP,DR,D
13:42:37,JSMR,RG,3550,1,D,YP,DR,D
13:42:37,JSMR,RG,3550,74,D,YU,DR,D
13:41:14,JSMR,RG,3560,5,F,KZ,YU,F
13:41:14,JSMR,RG,3560,10,F,KZ,YB,D
13:41:09,JSMR,RG,3560,2,F,KZ,YB,D
13:41:09,JSMR,RG,3560,1,F,KZ,YB,D
13:41:04,JSMR,RG,3560,17,F,KZ,YB,D
13:41:04,JSMR,RG,3560,1,F,KZ,YB,D
13:41:04,JSMR,RG,3560,3,F,KZ,YB,D
13:41:04,JSMR,RG,3560,6,F,KZ,YB,D
13:41:00,JSMR,RG,3560,20,F,KZ,YB,D
13:41:00,JSMR,RG,3560,78,D,YU,YB,D
13:40:43,JSMR,RG,3560,25,D,PD,YB,D
13:40:27,JSMR,RG,3550,1,D,YU,NI,D
13:40:10,JSMR,RG,3560,1,F,AK,YB,D
13:40:10,JSMR,RG,3550,5,D,XL,KK,D
13:39:40,JSMR,RG,3550,3,D,XL,BB,D
13:39:01,JSMR,RG,3560,7,F,AK,YB,D
13:39:00,JSMR,RG,3560,64,D,YU,YB,D
13:38:54,JSMR,RG,3550,2,D,XL,CC,D
13:38:46,JSMR,RG,3560,2,D,PD,YB,D
13:38:26,JSMR,RG,3560,1,F,AK,YB,D
13:38:26,JSMR,RG,3560,10,D,CC,YB,D
13:38:13,JSMR,RG,3560,1,D,PD,YB,D
13:37:24,JSMR,RG,3560,8,F,AK,YB,D
13:37:24,JSMR,RG,3560,7,F,AK,YB,D
13:37:24,JSMR,RG,3560,29,F,AK,YB,D
13:37:24,JSMR,RG,3560,4,F,KZ,YB,D
13:37:24,JSMR,RG,3560,27,D,YU,YB,D
13:37:24,JSMR,RG,3560,3,F,KZ,YB,D
13:37:24,JSMR,RG,3560,35,F,KZ,YB,D
13:37:24,JSMR,RG,3560,3,F,KZ,YB,D
13:37:24,JSMR,RG,3560,24,F,KZ,YB,D
13:37:24,JSMR,RG,3560,3,F,KZ,YB,D
13:37:24,JSMR,RG,3560,2,D,PD,YB,D
13:37:24,JSMR,RG,3560,16,F,ZP,YB,D
13:37:24,JSMR,RG,3560,3,F,KZ,YB,D
13:37:24,JSMR,RG,3560,4,F,KZ,YB,D
13:37:24,JSMR,RG,3560,3,F,BK,YB,D
13:37:24,JSMR,RG,3560,14,F,KZ,YB,D
13:37:24,JSMR,RG,3560,27,F,BK,YB,D
13:37:24,JSMR,RG,3560,1,F,CS,YB,D
13:37:24,JSMR,RG,3560,108,F,KZ,YB,D
13:37:24,JSMR,RG,3560,1,D,YP,YB,D
13:37:24,JSMR,RG,3560,1,D,PD,YB,D
13:37:24,JSMR,RG,3560,5,D,PD,YB,D
13:37:24,JSMR,RG,3560,2,F,AK,YB,D
13:37:24,JSMR,RG,3560,1,F,AK,YB,D
13:37:24,JSMR,RG,3560,1,F,AK,YB,D
13:37:24,JSMR,RG,3560,1,F,AK,YB,D
13:37:24,JSMR,RG,3560,1,F,AK,YB,D
13:37:24,JSMR,RG,3560,1,F,AK,YB,D
13:37:24,JSMR,RG,3560,54,F,BK,YB,D
13:37:24,JSMR,RG,3560,13,F,AK,YB,D
13:37:24,JSMR,RG,3560,11,F,AK,YB,D
13:37:24,JSMR,RG,3560,1,F,KZ,YB,D
13:37:24,JSMR,RG,3560,102,F,BK,YB,D
13:37:24,JSMR,RG,3560,24,F,AK,YB,D
13:37:24,JSMR,RG,3560,98,F,AK,YB,D
13:37:24,JSMR,RG,3560,113,F,AK,YB,D
13:37:18,JSMR,RG,3570,13,F,BK,DR,D
13:36:29,JSMR,RG,3570,14,F,BK,DR,D
13:36:21,JSMR,RG,3570,131,F,AK,DR,D
13:36:21,JSMR,RG,3560,6,F,AK,PD,D
13:36:21,JSMR,RG,3560,94,F,KZ,PD,D
13:36:19,JSMR,RG,3570,13,F,BK,DR,D
13:36:00,JSMR,RG,3570,95,D,YU,DR,D
13:35:42,JSMR,RG,3570,13,F,BK,DR,D
13:34:56,JSMR,RG,3570,14,F,BK,DR,D
13:34:52,JSMR,RG,3560,2,F,KZ,CC,D
13:34:38,JSMR,RG,3570,14,F,BK,DR,D
13:34:30,JSMR,RG,3560,2,F,KZ,PD,D
13:33:41,JSMR,RG,3560,3,F,KZ,CS,F
13:33:41,JSMR,RG,3560,3,F,KZ,AK,F
13:33:39,JSMR,RG,3560,1,F,CS,YU,F
13:33:39,JSMR,RG,3560,35,F,AK,YU,F
13:33:39,JSMR,RG,3560,20,F,AK,BB,D
13:33:39,JSMR,RG,3560,1,F,AK,CS,D
13:33:39,JSMR,RG,3560,1,F,AK,CS,F
13:33:39,JSMR,RG,3560,1,F,AK,CS,F
13:33:39,JSMR,RG,3560,77,F,AK,YU,F
13:33:39,JSMR,RG,3560,6,F,AK,CC,D
13:33:39,JSMR,RG,3560,125,F,AK,LG,D
13:33:39,JSMR,RG,3560,2,F,AK,AK,F
13:33:39,JSMR,RG,3560,1,F,AK,CS,F
13:33:39,JSMR,RG,3560,10,F,AK,YP,D
13:33:39,JSMR,RG,3560,6,F,AK,CC,F
13:33:39,JSMR,RG,3560,9,F,AK,XC,D
13:33:39,JSMR,RG,3560,3,F,AK,YP,D
13:33:39,JSMR,RG,3560,2,F,AK,AK,F
13:33:39,JSMR,RG,3560,97,F,AK,KZ,D
13:33:39,JSMR,RG,3560,1,F,AK,XC,D
13:33:39,JSMR,RG,3560,4,F,AK,YP,D
13:33:39,JSMR,RG,3560,1,F,AK,YP,D
13:33:39,JSMR,RG,3560,1,F,AK,CS,F
13:33:39,JSMR,RG,3560,13,F,AK,YP,D
13:33:39,JSMR,RG,3560,4,F,AK,CC,D
13:33:39,JSMR,RG,3560,2,F,KZ,CC,D
13:33:39,JSMR,RG,3560,4,F,KZ,CC,D
13:33:39,JSMR,RG,3560,29,F,KZ,OD,D
13:33:38,JSMR,RG,3560,130,F,KZ,OD,D
13:33:36,JSMR,RG,3560,125,F,AK,OD,D
13:33:36,JSMR,RG,3560,1,F,AK,XC,D
13:33:36,JSMR,RG,3560,7,F,AK,BB,D
13:33:36,JSMR,RG,3560,1,F,KZ,BB,D
13:33:36,JSMR,RG,3560,4,F,ZP,BB,D
13:33:36,JSMR,RG,3560,3,F,ZP,YP,D
13:33:36,JSMR,RG,3560,1,F,ZP,CS,F
13:33:36,JSMR,RG,3560,1,F,ZP,CS,D
13:33:36,JSMR,RG,3560,13,F,ZP,PD,D
13:33:36,JSMR,RG,3560,12,F,AK,PD,D
13:33:36,JSMR,RG,3560,1,F,AK,LG,D
13:33:36,JSMR,RG,3560,10,F,AK,PD,D
13:33:36,JSMR,RG,3560,12,F,AK,BB,D
13:33:36,JSMR,RG,3560,250,F,AK,GR,D
13:33:36,JSMR,RG,3560,5,F,AK,EP,D
13:33:36,JSMR,RG,3560,10,F,AK,CC,D
13:33:36,JSMR,RG,3560,1,F,AK,YP,D
13:33:36,JSMR,RG,3560,1,F,AK,CS,D
13:33:36,JSMR,RG,3560,50,F,AK,PD,D
13:33:36,JSMR,RG,3560,1,F,AK,CS,F
13:33:36,JSMR,RG,3560,2,F,AK,CS,F
13:33:36,JSMR,RG,3560,1,F,AK,CS,D
13:33:36,JSMR,RG,3560,8,F,AK,XL,D
13:33:36,JSMR,RG,3560,1,F,AK,CS,F
13:33:36,JSMR,RG,3560,1,F,AK,CS,F
13:33:36,JSMR,RG,3560,1,F,AK,CS,F
13:33:36,JSMR,RG,3560,133,F,AK,YU,F
13:33:36,JSMR,RG,3560,7,F,AK,YU,F
13:32:00,JSMR,RG,3560,44,D,YU,YU,F
13:32:00,JSMR,RG,3560,1,D,YU,CS,F
13:32:00,JSMR,RG,3560,1,D,YU,CS,D
13:32:00,JSMR,RG,3560,21,D,YU,DX,D
13:30:14,JSMR,RG,3560,5,F,AK,DX,D
13:30:14,JSMR,RG,3550,40,D,XL,YU,F
13:30:14,JSMR,RG,3550,5,F,KZ,YU,F
13:30:14,JSMR,RG,3560,19,F,KZ,DX,D
13:30:10,JSMR,RG,3560,2,F,AK,DX,D
13:30:09,JSMR,RG,3560,23,F,AK,DX,D
13:30:09,JSMR,RG,3560,125,F,KZ,DX,D
13:30:09,JSMR,RG,3560,33,F,KZ,DX,D
13:30:07,JSMR,RG,3560,4,F,AK,DX,D
13:30:07,JSMR,RG,3560,2,F,AK,DX,D
13:30:06,JSMR,RG,3560,13,F,AK,DX,D
13:30:05,JSMR,RG,3560,2,F,AK,DX,D
13:30:05,JSMR,RG,3560,1,D,XL,DX,D
13:30:04,JSMR,RG,3560,30,F,AK,DX,D
13:30:03,JSMR,RG,3550,6,F,KZ,AK,F
13:30:02,JSMR,RG,3560,1,D,YP,DX,D
13:30:02,JSMR,RG,3560,1,D,YP,DX,D
13:30:02,JSMR,RG,3560,1,D,YP,DX,D
13:30:02,JSMR,RG,3560,1,D,YP,DX,D
13:30:02,JSMR,RG,3550,8,F,KZ,YU,F
13:30:02,JSMR,RG,3550,26,D,YU,YU,F
13:30:02,JSMR,RG,3560,1,D,PD,DX,D
13:30:02,JSMR,RG,3550,3,D,YU,YP,D
13:30:02,JSMR,RG,3550,3,D,YU,YP,D
13:30:02,JSMR,RG,3550,3,D,YU,YP,D
13:30:01,JSMR,RG,3560,5,D,PD,DX,D
13:30:01,JSMR,RG,3550,50,D,YU,SQ,D
13:30:01,JSMR,RG,3560,7,D,PD,DX,D
13:30:01,JSMR,RG,3560,9,D,PD,DX,D
13:30:01,JSMR,RG,3550,1,D,YU,NI,D
13:30:00,JSMR,RG,3550,51,D,YU,EL,D
13:30:00,JSMR,RG,3550,49,F,KZ,EL,D
11:29:52,JSMR,RG,3560,7,F,BK,DX,D
11:29:45,JSMR,RG,3560,1,F,AK,DX,D
11:29:45,JSMR,RG,3560,4,F,BK,DX,D
11:29:37,JSMR,RG,3550,4,F,KZ,YU,F
11:29:37,JSMR,RG,3550,2,F,KZ,YU,F
11:29:37,JSMR,RG,3550,39,F,KZ,YU,F
11:29:30,JSMR,RG,3560,1,F,AK,DX,D
11:29:30,JSMR,RG,3560,1,F,AK,DX,D
11:29:27,JSMR,RG,3550,6,F,KZ,YP,D
11:29:27,JSMR,RG,3550,2,F,AK,YP,D
11:29:27,JSMR,RG,3550,109,F,AK,YP,D
11:29:27,JSMR,RG,3550,5,F,ZP,YP,D
11:29:27,JSMR,RG,3550,13,F,ZP,YP,D
11:29:20,JSMR,RG,3560,500,F,BK,DX,D
11:29:08,JSMR,RG,3550,2,F,ZP,AK,F
11:29:00,JSMR,RG,3560,1,F,AK,DX,D
11:28:47,JSMR,RG,3550,1,D,XC,BB,D
11:28:47,JSMR,RG,3550,2,D,KK,BB,D
11:28:47,JSMR,RG,3550,1,D,YP,BB,D
11:28:47,JSMR,RG,3550,5,D,YU,BB,D
11:28:43,JSMR,RG,3550,1,D,YU,BB,D
11:28:39,JSMR,RG,3550,9,D,YU,BB,D
11:28:38,JSMR,RG,3550,1,D,YU,AK,F
11:28:37,JSMR,RG,3550,1,D,YU,BB,D
11:28:32,JSMR,RG,3550,1,D,YU,BB,D
11:28:27,JSMR,RG,3550,3,D,YU,BB,D
11:28:26,JSMR,RG,3550,3,D,YU,BB,D
11:28:16,JSMR,RG,3550,2,D,YU,BB,D
11:28:11,JSMR,RG,3550,2,D,YU,BB,D
11:28:11,JSMR,RG,3550,3,D,YU,BB,D
11:28:04,JSMR,RG,3550,2,D,YU,BB,D
11:28:00,JSMR,RG,3550,2,D,YU,BB,D
11:27:53,JSMR,RG,3550,2,D,YU,AK,F
11:27:50,JSMR,RG,3550,1,D,YU,BB,D
11:27:49,JSMR,RG,3550,2,D,YU,BB,D
11:27:49,JSMR,RG,3550,1,D,YU,BB,D
11:27:37,JSMR,RG,3550,1,D,YU,BB,D
11:27:37,JSMR,RG,3550,47,D,YU,YU,F
11:27:32,JSMR,RG,3550,2,D,YU,BB,D
11:27:29,JSMR,RG,3550,40,D,YU,YU,F
11:27:29,JSMR,RG,3550,7,D,YP,YU,F
11:27:28,JSMR,RG,3550,1,D,YP,BB,D
11:27:22,JSMR,RG,3550,1,D,YP,BB,D
11:27:22,JSMR,RG,3550,6,D,YP,YU,F
11:27:22,JSMR,RG,3550,1,D,YP,YU,F
11:27:22,JSMR,RG,3550,39,D,YU,YU,F
11:27:18,JSMR,RG,3550,7,D,YU,BB,D
11:27:18,JSMR,RG,3550,1,D,YU,AK,F
11:27:17,JSMR,RG,3550,2,D,YU,BB,D
11:27:14,JSMR,RG,3550,6,D,YU,BB,D
11:27:13,JSMR,RG,3550,1,D,YU,BB,D
11:27:13,JSMR,RG,3550,2,D,YU,BB,D
11:27:13,JSMR,RG,3550,42,D,YU,YU,F
11:27:13,JSMR,RG,3550,3,F,KZ,YU,F
11:27:11,JSMR,RG,3550,17,F,KZ,XC,D
11:27:11,JSMR,RG,3550,3,F,KZ,XC,D
11:27:10,JSMR,RG,3550,1,F,KZ,BB,D
11:27:09,JSMR,RG,3550,1,F,KZ,BB,D
11:27:07,JSMR,RG,3550,2,F,KZ,BB,D
11:27:05,JSMR,RG,3550,48,F,KZ,YU,F
11:27:04,JSMR,RG,3560,480,F,AK,DX,D
11:27:04,JSMR,RG,3560,74,F,KZ,DX,D
11:27:04,JSMR,RG,3560,1,F,CS,DX,D
11:27:04,JSMR,RG,3560,1,F,KZ,DX,D
11:27:04,JSMR,RG,3560,3,F,KZ,DX,D
11:27:04,JSMR,RG,3560,71,F,KZ,DX,D
11:27:04,JSMR,RG,3560,52,D,XC,DX,D
11:27:04,JSMR,RG,3560,23,F,ZP,DX,D
11:27:04,JSMR,RG,3560,15,D,DR,DX,D
11:27:04,JSMR,RG,3560,1,F,AK,DX,D
11:27:04,JSMR,RG,3560,1,D,XC,DX,D
11:27:04,JSMR,RG,3560,1,D,XC,DX,D
11:27:04,JSMR,RG,3560,60,F,KZ,DX,D
11:27:04,JSMR,RG,3560,20,D,LG,DX,D
11:27:04,JSMR,RG,3560,390,F,AK,DX,D
11:27:04,JSMR,RG,3560,1,F,CS,DX,D
11:27:04,JSMR,RG,3560,1,F,BK,DX,D
11:27:04,JSMR,RG,3560,19,F,BK,DX,D
11:27:04,JSMR,RG,3560,22,F,KZ,DX,D
11:27:04,JSMR,RG,3560,15,F,BK,DX,D
11:27:04,JSMR,RG,3560,4,F,KZ,DX,D
11:27:04,JSMR,RG,3560,21,F,BK,DX,D
11:27:04,JSMR,RG,3560,1,F,ZP,DX,D
11:27:04,JSMR,RG,3560,7,F,KZ,DX,D
11:27:04,JSMR,RG,3560,1,F,AK,DX,D
11:27:04,JSMR,RG,3560,58,F,AK,DX,D
11:27:04,JSMR,RG,3560,14,F,KZ,DX,D
11:27:04,JSMR,RG,3560,23,F,BK,DX,D
11:27:04,JSMR,RG,3560,8,D,KK,DX,D
11:27:04,JSMR,RG,3560,9,F,ZP,DX,D
11:27:04,JSMR,RG,3560,14,F,BK,DX,D
11:27:04,JSMR,RG,3560,20,F,KZ,DX,D
11:27:04,JSMR,RG,3560,1,F,CS,DX,D
11:27:04,JSMR,RG,3560,65,F,KZ,DX,D
11:27:04,JSMR,RG,3560,6,F,AK,DX,D
11:27:04,JSMR,RG,3560,1,F,AK,DX,D
11:27:04,JSMR,RG,3560,7,F,AK,DX,D
11:27:04,JSMR,RG,3560,4,F,KZ,DX,D
11:27:04,JSMR,RG,3560,1,F,KZ,DX,D
11:27:04,JSMR,RG,3560,30,F,KZ,DX,D
11:27:04,JSMR,RG,3560,42,D,YB,DX,D
11:27:04,JSMR,RG,3560,23,F,BK,DX,D
11:27:04,JSMR,RG,3560,1,D,YP,DX,D
11:27:04,JSMR,RG,3560,2,F,AK,DX,D
11:27:04,JSMR,RG,3560,7,F,AK,DX,D
11:27:04,JSMR,RG,3560,58,F,KZ,DX,D
11:27:04,JSMR,RG,3560,10,F,KZ,BB,D
11:27:04,JSMR,RG,3560,1,F,KZ,BB,D
11:27:00,JSMR,RG,3570,12,F,AK,DR,D
11:27:00,JSMR,RG,3570,105,D,YU,DR,D
11:27:00,JSMR,RG,3560,1,F,KZ,BB,D
11:26:58,JSMR,RG,3570,1,F,AK,DR,D
11:26:58,JSMR,RG,3560,8,F,KZ,BB,D
11:26:57,JSMR,RG,3570,1,F,AK,DR,D
11:26:57,JSMR,RG,3560,1,F,KZ,BB,D
11:26:51,JSMR,RG,3560,1,F,KZ,BB,D
11:26:51,JSMR,RG,3570,4,F,KZ,DR,D
11:26:50,JSMR,RG,3560,2,F,KZ,BB,D
11:26:47,JSMR,RG,3570,3,F,AK,DR,D
11:26:47,JSMR,RG,3570,15,F,BK,DR,D
11:26:45,JSMR,RG,3570,12,F,BK,DR,D
11:26:45,JSMR,RG,3570,2,F,BK,CC,D
11:26:45,JSMR,RG,3570,2,F,AK,CC,D
11:26:42,JSMR,RG,3570,1,F,AK,CC,D
11:26:42,JSMR,RG,3560,1,F,KZ,BB,D
11:26:41,JSMR,RG,3560,1,F,KZ,BB,D
11:26:34,JSMR,RG,3560,2,F,KZ,BB,D
11:26:32,JSMR,RG,3570,1,F,AK,CC,D
11:26:32,JSMR,RG,3560,2,F,KZ,BB,D
11:26:26,JSMR,RG,3570,4,F,AK,CC,D
11:26:26,JSMR,RG,3560,20,F,KZ,YP,D
11:26:22,JSMR,RG,3570,14,F,BK,CC,D
11:26:20,JSMR,RG,3560,1,F,KZ,BB,D
11:26:18,JSMR,RG,3560,1,F,BK,BB,D
11:26:15,JSMR,RG,3570,1,F,AK,CC,D
11:26:11,JSMR,RG,3570,1,F,AK,NI,D
11:26:11,JSMR,RG,3560,5,F,BK,BB,D
11:26:08,JSMR,RG,3570,1,F,AK,PD,D
11:26:08,JSMR,RG,3570,1,F,AK,DH,D
11:26:08,JSMR,RG,3560,1,F,BK,BB,D
11:26:00,JSMR,RG,3570,5,F,AK,DH,D
11:26:00,JSMR,RG,3560,3,F,BK,BB,D
11:25:56,JSMR,RG,3570,14,F,BK,DH,D
11:25:53,JSMR,RG,3570,2,F,AK,YP,D
11:25:52,JSMR,RG,3560,4,F,BK,BB,D
11:25:52,JSMR,RG,3560,8,D,CP,BB,D
11:25:43,JSMR,RG,3570,1,F,AK,YP,D
11:25:43,JSMR,RG,3560,9,D,CP,BB,D
11:25:39,JSMR,RG,3570,2,F,AK,YP,D
11:25:38,JSMR,RG,3560,24,D,CP,BB,D
11:25:33,JSMR,RG,3570,4,F,AK,YP,D
11:25:33,JSMR,RG,3560,20,D,CP,BB,D
11:25:31,JSMR,RG,3570,15,D,DR,KK,D
11:25:28,JSMR,RG,3570,2,F,AK,KK,D
11:25:28,JSMR,RG,3570,15,F,BK,KK,D
11:25:15,JSMR,RG,3570,3,F,AK,KK,D
11:25:05,JSMR,RG,3570,2,F,AK,KK,D
11:25:05,JSMR,RG,3570,14,F,BK,KK,D
11:25:03,JSMR,RG,3570,5,F,AK,KK,D
11:25:02,JSMR,RG,3560,45,D,CP,YU,F
11:25:01,JSMR,RG,3570,2,F,AK,KK,D
11:25:01,JSMR,RG,3570,4,F,KZ,KK,D
11:25:01,JSMR,RG,3570,7,F,AK,KK,D
11:25:01,JSMR,RG,3570,13,F,KZ,KK,D
11:25:01,JSMR,RG,3570,67,F,KZ,KK,D
11:25:01,JSMR,RG,3570,1,F,KZ,KK,D
11:24:52,JSMR,RG,3570,2,F,AK,KK,D
11:24:51,JSMR,RG,3570,15,F,BK,KK,D
11:24:51,JSMR,RG,3560,2,D,CP,PD,D
11:24:51,JSMR,RG,3570,1,F,AK,KK,D
11:24:33,JSMR,RG,3570,1,F,AK,KK,D
11:24:33,JSMR,RG,3560,1,D,CP,BB,D
11:24:28,JSMR,RG,3560,1,D,CP,BB,D
11:24:25,JSMR,RG,3560,1,D,CP,BB,D
11:24:25,JSMR,RG,3560,1,D,CP,BB,D
11:24:21,JSMR,RG,3570,1,F,AK,KK,D
11:24:20,JSMR,RG,3570,13,F,BK,KK,D
11:24:19,JSMR,RG,3560,1,D,CP,BB,D
11:24:12,JSMR,RG,3560,1,D,CP,BB,D
11:24:12,JSMR,RG,3560,1,D,CP,BB,D
11:24:04,JSMR,RG,3560,8,D,CP,AK,F
11:24:04,JSMR,RG,3570,2,F,AK,KK,D
11:24:04,JSMR,RG,3560,1,D,CP,BB,D
11:24:01,JSMR,RG,3560,1,D,CP,BB,D
11:24:00,JSMR,RG,3570,171,D,YU,KK,D
11:23:30,JSMR,RG,3570,3,F,AK,KK,D
11:23:16,JSMR,RG,3570,4,F,KZ,KK,D
11:23:09,JSMR,RG,3570,15,F,BK,KK,D
11:23:01,JSMR,RG,3570,5,F,KZ,KK,D
11:23:01,JSMR,RG,3570,1,F,KZ,KK,D
11:22:56,JSMR,RG,3560,9,D,CP,BB,D
11:22:48,JSMR,RG,3560,10,D,CP,BB,D
11:22:36,JSMR,RG,3560,7,D,CP,AZ,D
11:22:06,JSMR,RG,3570,3,F,AK,KK,D
11:22:06,JSMR,RG,3560,45,D,CP,YU,F
11:22:00,JSMR,RG,3570,16,F,AK,KK,D
11:22:00,JSMR,RG,3570,97,D,YU,KK,D
11:22:00,JSMR,RG,3570,81,D,YU,YP,D
11:21:46,JSMR,RG,3570,1,F,KZ,YP,D
11:20:56,JSMR,RG,3560,4,D,CP,EP,D
11:20:36,JSMR,RG,3560,2,D,CP,XC,D
11:20:00,JSMR,RG,3570,1,F,AK,YP,D
11:20:00,JSMR,RG,3570,17,D,YU,YP,D
11:20:00,JSMR,RG,3570,1,D,YU,XC,D
11:20:00,JSMR,RG,3570,20,D,YU,OD,D
11:20:00,JSMR,RG,3570,100,D,YU,ZP,D
11:20:00,JSMR,RG,3570,1,D,YU,EP,D
11:19:44,JSMR,RG,3560,5,D,CP,CC,D
11:19:14,JSMR,RG,3560,3,D,CP,DR,D
11:18:14,JSMR,RG,3570,14,F,AK,EP,D
11:18:14,JSMR,RG,3560,40,D,CP,KK,D
11:18:14,JSMR,RG,3560,4,F,AK,KK,D
11:18:14,JSMR,RG,3560,16,F,ZP,KK,D
11:18:14,JSMR,RG,3560,4,F,KZ,KK,D
11:18:14,JSMR,RG,3560,1,F,AK,KK,D
11:18:14,JSMR,RG,3560,7,F,AK,KK,D
11:18:14,JSMR,RG,3560,1,D,XC,KK,D
11:18:14,JSMR,RG,3560,1,F,CS,KK,D
11:18:14,JSMR,RG,3560,2,F,KZ,KK,D
11:18:14,JSMR,RG,3560,9,D,XL,KK,D
11:18:14,JSMR,RG,3560,23,F,KZ,KK,D
11:18:14,JSMR,RG,3560,92,F,CC,KK,D
11:18:14,JSMR,RG,3560,14,F,KZ,KK,D
11:18:14,JSMR,RG,3560,1,F,AK,KK,D
11:18:14,JSMR,RG,3560,30,F,BK,KK,D
11:18:14,JSMR,RG,3560,24,F,AK,KK,D
11:18:14,JSMR,RG,3560,51,F,KZ,KK,D
11:18:14,JSMR,RG,3560,21,F,BK,KK,D
11:18:14,JSMR,RG,3560,6,F,AK,KK,D
11:18:14,JSMR,RG,3560,1,F,CS,KK,D
11:18:14,JSMR,RG,3560,52,D,SQ,KK,D
11:18:10,JSMR,RG,3570,6,F,AK,EP,D
11:18:10,JSMR,RG,3560,10,D,SQ,DR,D
11:18:00,JSMR,RG,3570,2,F,AK,EP,D
11:18:00,JSMR,RG,3570,125,D,YU,EP,D
11:17:45,JSMR,RG,3570,29,D,KK,EP,D
11:17:26,JSMR,RG,3570,2,F,AK,EP,D
11:17:26,JSMR,RG,3560,25,D,SQ,PD,D
11:16:44,JSMR,RG,3570,3,F,AK,EP,D
11:16:44,JSMR,RG,3570,15,F,AK,EP,D
11:16:44,JSMR,RG,3560,113,D,SQ,KZ,D
11:16:44,JSMR,RG,3560,1,F,AK,KZ,D
11:16:44,JSMR,RG,3560,1,F,AK,KZ,D
11:16:44,JSMR,RG,3560,1,D,YP,KZ,D
11:16:44,JSMR,RG,3560,61,F,KZ,KZ,D
11:16:44,JSMR,RG,3560,3,F,KZ,KZ,D
11:16:44,JSMR,RG,3560,3,F,KZ,KZ,D
11:16:44,JSMR,RG,3560,95,F,BK,KZ,D
11:16:44,JSMR,RG,3560,7,F,KZ,KZ,D
11:16:44,JSMR,RG,3560,4,F,KZ,KZ,D
11:16:44,JSMR,RG,3560,2,F,KZ,KZ,D
11:16:44,JSMR,RG,3560,4,F,KZ,KZ,D
11:16:44,JSMR,RG,3560,3,F,AK,KZ,D
11:16:44,JSMR,RG,3560,4,F,AK,KZ,D
11:16:44,JSMR,RG,3560,30,F,BK,KZ,D
11:16:44,JSMR,RG,3560,1,F,AK,KZ,D
11:16:44,JSMR,RG,3560,4,F,ZP,KZ,D
11:16:44,JSMR,RG,3560,5,F,KZ,KZ,D
11:16:41,JSMR,RG,3570,3,F,KZ,EP,D
11:16:19,JSMR,RG,3570,15,F,BK,EP,D
11:16:00,JSMR,RG,3570,1,F,AK,EP,D
11:16:00,JSMR,RG,3570,127,D,YU,EP,D
11:15:27,JSMR,RG,3570,14,F,BK,EP,D
11:15:16,JSMR,RG,3560,3,F,KZ,DH,D
11:15:16,JSMR,RG,3560,1,F,CS,DH,D
11:15:11,JSMR,RG,3570,15,F,BK,EP,D
11:14:36,JSMR,RG,3570,15,F,BK,EP,D
11:14:00,JSMR,RG,3570,158,D,YU,EP,D
11:13:44,JSMR,RG,3570,15,F,BK,EP,D
11:13:44,JSMR,RG,3560,2,D,YU,YB,D
11:13:30,JSMR,RG,3560,10,D,YU,PD,D
11:13:25,JSMR,RG,3570,15,F,BK,EP,D
11:13:04,JSMR,RG,3570,1,D,XC,EP,D
11:12:54,JSMR,RG,3570,15,F,BK,EP,D
11:12:35,JSMR,RG,3570,2,F,AK,EP,D
11:12:24,JSMR,RG,3570,5,F,AK,EP,D
11:12:23,JSMR,RG,3560,25,D,YU,LG,D
11:12:17,JSMR,RG,3560,1,D,YU,AT,D
11:12:09,JSMR,RG,3570,13,F,BK,EP,D
11:12:00,JSMR,RG,3560,3,D,YU,AK,F
11:12:00,JSMR,RG,3560,2,D,YU,CS,F
11:12:00,JSMR,RG,3560,1,D,YU,CS,D
11:12:00,JSMR,RG,3560,10,D,YU,CC,F
11:12:00,JSMR,RG,3560,10,D,YU,NI,D
11:12:00,JSMR,RG,3560,3,D,YU,AK,F
11:12:00,JSMR,RG,3560,29,D,YU,BB,D
11:12:00,JSMR,RG,3560,18,D,YU,BB,D
11:11:45,JSMR,RG,3560,6,F,AK,BB,D
11:11:45,JSMR,RG,3560,2,F,AK,CS,F
11:11:45,JSMR,RG,3560,2,F,AK,AK,F
11:11:45,JSMR,RG,3560,14,F,AK,YP,D
11:11:41,JSMR,RG,3560,15,F,BK,YP,D
11:11:41,JSMR,RG,3560,11,F,KZ,YP,D
11:11:37,JSMR,RG,3560,41,D,CC,YP,D
11:11:23,JSMR,RG,3550,3,F,AK,XC,D
11:11:18,JSMR,RG,3560,15,F,BK,YP,D
11:10:26,JSMR,RG,3560,14,F,BK,YP,D
11:10:26,JSMR,RG,3560,1,F,BK,CS,D
11:10:26,JSMR,RG,3560,1,F,KZ,NI,D
11:10:26,JSMR,RG,3560,1,F,KZ,YP,D
11:10:26,JSMR,RG,3560,2,F,KZ,AK,F
11:10:22,JSMR,RG,3560,1,F,ZP,NI,D
11:10:21,JSMR,RG,3560,1,F,KZ,NI,D
11:10:21,JSMR,RG,3560,4,F,KZ,NI,D
11:10:18,JSMR,RG,3560,1,D,PD,NI,D
11:10:16,JSMR,RG,3560,1,F,KZ,NI,D
11:10:16,JSMR,RG,3560,3,F,KZ,NI,D
11:10:03,JSMR,RG,3560,1,D,PD,NI,D
11:10:00,JSMR,RG,3560,3,F,KZ,NI,D
11:10:00,JSMR,RG,3560,2,F,KZ,CS,F
11:10:00,JSMR,RG,3560,23,F,KZ,KZ,D
11:10:00,JSMR,RG,3560,111,D,YU,KZ,D
11:10:00,JSMR,RG,3560,1,D,YU,CS,F
11:10:00,JSMR,RG,3560,70,D,YU,YU,F
11:10:00,JSMR,RG,3560,1,D,YU,CS,F
11:10:00,JSMR,RG,3560,12,D,YU,BB,D
11:10:00,JSMR,RG,3560,5,D,YU,BB,D
11:09:57,JSMR,RG,3560,14,F,BK,BB,D
11:09:56,JSMR,RG,3560,3,F,KZ,BB,D
11:09:56,JSMR,RG,3560,1,F,KZ,YP,D
11:09:52,JSMR,RG,3560,2,F,ZP,YP,D
11:09:52,JSMR,RG,3560,15,F,ZP,XC,D
11:09:52,JSMR,RG,3560,2,F,ZP,EP,D
11:09:46,JSMR,RG,3560,23,F,KZ,EP,D
11:09:46,JSMR,RG,3560,5,F,KZ,YP,D
11:09:45,JSMR,RG,3550,1,F,AK,CC,D
11:09:41,JSMR,RG,3560,4,F,KZ,YP,D
11:09:41,JSMR,RG,3560,4,F,KZ,YP,D
11:09:41,JSMR,RG,3560,4,F,KZ,YP,D
11:09:32,JSMR,RG,3560,15,F,BK,YP,D
11:09:31,JSMR,RG,3560,13,F,KZ,YP,D
11:08:51,JSMR,RG,3560,4,F,KZ,YP,D
11:08:51,JSMR,RG,3560,1,F,KZ,YP,D
11:08:51,JSMR,RG,3560,2,F,KZ,KZ,D
11:08:51,JSMR,RG,3560,3,F,KZ,KZ,D
11:08:51,JSMR,RG,3560,2,F,KZ,PD,D
11:08:51,JSMR,RG,3560,1,F,KZ,PD,D
11:08:51,JSMR,RG,3560,23,F,KZ,AT,D
11:08:51,JSMR,RG,3560,3,F,KZ,AT,D
11:08:50,JSMR,RG,3560,13,F,BK,AT,D
11:08:21,JSMR,RG,3560,1,F,AK,AT,D
11:08:21,JSMR,RG,3560,14,F,BK,AT,D
11:08:17,JSMR,RG,3560,1,F,AK,AT,D
11:08:17,JSMR,RG,3550,10,F,AK,CC,D
11:08:01,JSMR,RG,3560,14,F,BK,AT,D
11:07:37,JSMR,RG,3560,6,D,XC,AT,D
11:07:16,JSMR,RG,3560,13,F,BK,AT,D
11:06:52,JSMR,RG,3560,1,F,AK,AT,D
11:06:52,JSMR,RG,3560,13,F,AK,AT,D
11:06:51,JSMR,RG,3550,9,F,AK,YU,D
11:06:51,JSMR,RG,3550,1,F,CS,YU,D
11:06:51,JSMR,RG,3550,1,F,ZP,YU,D
11:06:51,JSMR,RG,3550,50,D,YU,YU,D
11:06:51,JSMR,RG,3550,39,D,YU,YU,D
11:06:37,JSMR,RG,3560,14,F,BK,AT,D
11:06:29,JSMR,RG,3560,14,F,BK,AT,D
11:06:06,JSMR,RG,3560,3,F,KZ,AT,D
11:05:39,JSMR,RG,3560,14,F,BK,AT,D
11:04:48,JSMR,RG,3560,15,F,BK,AT,D
11:04:46,JSMR,RG,3560,15,F,BK,AT,D
11:04:28,JSMR,RG,3550,1,D,YU,PD,D
11:04:28,JSMR,RG,3550,1,F,AK,PD,D
11:04:28,JSMR,RG,3550,16,F,KZ,PD,D
11:04:16,JSMR,RG,3550,3,F,KZ,YP,D
11:04:03,JSMR,RG,3560,13,F,BK,AT,D
11:04:03,JSMR,RG,3550,1,F,KZ,BB,D
11:04:03,JSMR,RG,3550,4,F,KZ,AK,F
11:04:03,JSMR,RG,3550,1,F,KZ,CS,F
11:04:03,JSMR,RG,3550,5,F,KZ,XL,D
11:04:01,JSMR,RG,3550,45,F,AK,XL,D
11:04:01,JSMR,RG,3550,2,F,AK,AK,F
11:04:01,JSMR,RG,3550,12,F,AK,BB,D
11:04:01,JSMR,RG,3550,13,F,AK,BB,D
11:04:01,JSMR,RG,3550,1,F,AK,CS,D
11:04:01,JSMR,RG,3550,3,F,AK,YP,D
11:04:01,JSMR,RG,3550,7,F,AK,CC,D
11:04:01,JSMR,RG,3550,1,F,KZ,CC,D
11:04:01,JSMR,RG,3550,6,F,KZ,CC,D
11:04:00,JSMR,RG,3550,6,F,AK,CC,D
11:04:00,JSMR,RG,3550,1,F,AK,XC,D
11:04:00,JSMR,RG,3550,30,F,AK,PD,D
11:04:00,JSMR,RG,3550,2,F,AK,AK,F
11:04:00,JSMR,RG,3550,1,F,AK,CS,F
11:04:00,JSMR,RG,3550,1,F,AK,CS,F
11:04:00,JSMR,RG,3550,1,F,AK,PD,D
11:04:00,JSMR,RG,3550,18,F,AK,KZ,D
11:04:00,JSMR,RG,3550,12,F,KZ,KZ,D
11:04:00,JSMR,RG,3550,6,F,KZ,KZ,D
11:04:00,JSMR,RG,3550,6,F,KZ,CC,D
11:04:00,JSMR,RG,3550,97,D,YU,CC,D
11:03:36,JSMR,RG,3550,5,D,CC,CC,D
11:03:01,JSMR,RG,3550,8,F,BK,CC,D
11:03:01,JSMR,RG,3550,7,F,BK,NI,D
11:03:01,JSMR,RG,3550,3,F,KZ,NI,D
11:03:01,JSMR,RG,3550,1,F,KZ,XL,D
11:03:01,JSMR,RG,3550,2,F,KZ,PD,D
11:02:53,JSMR,RG,3540,1,F,AK,PD,D
11:02:51,JSMR,RG,3540,3,F,AK,YP,D
11:01:35,JSMR,RG,3540,4,F,AK,SQ,D
11:01:21,JSMR,RG,3550,14,F,BK,YP,D
11:00:55,JSMR,RG,3540,3,F,AK,YP,D
11:00:51,JSMR,RG,3540,3,F,AK,YP,D
11:00:27,JSMR,RG,3540,4,F,AK,XL,D
11:00:27,JSMR,RG,3540,1,D,YP,XL,D
11:00:15,JSMR,RG,3550,3,F,AK,YP,D
11:00:00,JSMR,RG,3550,111,D,YU,YP,D
10:59:27,JSMR,RG,3540,1,D,AT,LG,D
10:59:07,JSMR,RG,3540,2,D,PD,NI,D
10:58:46,JSMR,RG,3540,8,F,KZ,YU,F
10:58:46,JSMR,RG,3540,49,F,KZ,YU,F
10:58:41,JSMR,RG,3540,2,F,KZ,YU,F
10:58:41,JSMR,RG,3540,1,F,KZ,YU,F
10:58:38,JSMR,RG,3540,3,F,KZ,YU,F
10:58:36,JSMR,RG,3540,15,F,AK,YU,F
10:58:36,JSMR,RG,3540,1,F,AK,CC,F
10:58:36,JSMR,RG,3540,2,F,AK,AK,F
10:58:36,JSMR,RG,3540,1,F,AK,CS,F
10:58:36,JSMR,RG,3540,1,F,AK,CS,D
10:58:36,JSMR,RG,3540,21,F,AK,KZ,D
10:58:36,JSMR,RG,3540,1,F,KZ,KZ,D
10:58:36,JSMR,RG,3540,25,F,KZ,KZ,D
10:58:36,JSMR,RG,3540,1,F,KZ,KZ,D
10:58:36,JSMR,RG,3540,1,F,KZ,PD,D
10:58:36,JSMR,RG,3540,1,F,KZ,CS,F
10:58:36,JSMR,RG,3540,12,F,KZ,YP,D
10:58:32,JSMR,RG,3540,45,F,KZ,YP,D
10:58:31,JSMR,RG,3540,178,F,AK,YP,D
10:58:31,JSMR,RG,3540,1,F,KZ,YP,D
10:58:31,JSMR,RG,3540,4,F,AK,YP,D
10:58:29,JSMR,RG,3530,15,F,KZ,YB,D
10:58:00,JSMR,RG,3540,60,D,YU,YP,D
10:58:00,JSMR,RG,3540,8,D,YU,YP,D
10:58:00,JSMR,RG,3540,2,D,YU,CC,F
10:58:00,JSMR,RG,3540,2,D,YU,AK,F
10:58:00,JSMR,RG,3540,2,D,YU,AK,F
10:58:00,JSMR,RG,3540,1,D,YU,CS,F
10:58:00,JSMR,RG,3540,1,D,YU,CS,D
10:57:33,JSMR,RG,3530,3,F,KZ,NI,D
10:56:35,JSMR,RG,3530,16,F,KZ,CC,D
10:56:35,JSMR,RG,3530,16,F,AK,CC,D
10:56:35,JSMR,RG,3530,18,F,AK,CC,D
10:56:12,JSMR,RG,3530,40,F,AK,DR,D
10:55:53,JSMR,RG,3530,16,F,AK,AK,F
10:55:38,JSMR,RG,3530,24,F,AK,AG,D
10:55:38,JSMR,RG,3530,1,D,YP,AG,D
10:54:34,JSMR,RG,3530,70,F,AK,YU,F
10:54:34,JSMR,RG,3530,1,F,AK,CS,D
10:54:34,JSMR,RG,3530,1,F,AK,CS,F
10:54:34,JSMR,RG,3530,210,F,AK,YU,F
10:54:34,JSMR,RG,3530,143,F,AK,XC,D
10:54:34,JSMR,RG,3520,1,D,OD,CS,F
10:54:34,JSMR,RG,3530,1,F,AK,XC,D
10:54:34,JSMR,RG,3530,24,F,KZ,XC,D
10:54:34,JSMR,RG,3530,6,F,KZ,XC,D
10:54:34,JSMR,RG,3530,32,F,AK,YU,F
10:54:34,JSMR,RG,3530,13,F,KZ,YU,F
10:54:34,JSMR,RG,3530,1,D,YP,YU,F
10:54:20,JSMR,RG,3530,14,F,AK,YU,F
10:54:20,JSMR,RG,3530,10,D,YP,YU,F
10:54:20,JSMR,RG,3530,22,D,YU,YU,F
10:54:18,JSMR,RG,3530,4,D,YU,YB,D
10:54:16,JSMR,RG,3530,30,D,YU,BB,D
10:54:16,JSMR,RG,3530,5,D,YU,BB,D
10:54:16,JSMR,RG,3530,9,F,BK,BB,D
10:54:16,JSMR,RG,3530,6,F,AK,BB,D
10:54:16,JSMR,RG,3530,4,F,AK,KZ,D
10:54:16,JSMR,RG,3530,2,F,AK,KZ,D
10:54:16,JSMR,RG,3530,16,F,ZP,KZ,D
10:54:16,JSMR,RG,3530,25,F,AK,KZ,D
10:54:16,JSMR,RG,3530,10,D,XC,KZ,D
10:54:16,JSMR,RG,3530,4,F,KZ,KZ,D
10:54:16,JSMR,RG,3530,4,F,KZ,KZ,D
10:54:16,JSMR,RG,3530,42,F,KZ,KZ,D
10:54:16,JSMR,RG,3540,7,F,AK,XC,D
10:54:15,JSMR,RG,3530,160,F,KZ,XC,D
10:54:15,JSMR,RG,3530,2,D,PD,XC,D
10:54:15,JSMR,RG,3530,1,D,YP,XC,D
10:54:15,JSMR,RG,3530,1,D,EP,XC,D
10:54:15,JSMR,RG,3530,10,D,CC,XC,D
10:54:15,JSMR,RG,3530,2,D,PD,XC,D
10:54:15,JSMR,RG,3530,1,D,PD,XC,D
10:54:15,JSMR,RG,3530,5,D,CC,XC,D
10:54:15,JSMR,RG,3530,5,D,CC,XC,D
10:54:15,JSMR,RG,3530,1,D,PD,XC,D
10:54:15,JSMR,RG,3530,5,D,CC,XC,D
10:54:15,JSMR,RG,3530,1,D,CC,XC,D
10:54:15,JSMR,RG,3530,20,D,CC,XC,D
10:54:15,JSMR,RG,3530,10,D,GR,XC,D
10:54:15,JSMR,RG,3530,5,D,PD,XC,D
10:54:15,JSMR,RG,3530,5,D,KK,XC,D
10:54:15,JSMR,RG,3530,1,D,YP,XC,D
10:54:15,JSMR,RG,3530,10,D,YP,XC,D
10:54:15,JSMR,RG,3530,1,D,YP,XC,D
10:54:15,JSMR,RG,3530,3,D,XC,XC,D
10:54:15,JSMR,RG,3530,11,D,YP,XC,D
10:54:15,JSMR,RG,3530,3,D,YP,XC,D
10:54:15,JSMR,RG,3530,1,D,CC,XC,D
10:54:15,JSMR,RG,3530,10,D,XL,XC,D
10:54:15,JSMR,RG,3530,2,D,YP,XC,D
10:54:15,JSMR,RG,3530,50,D,CC,XC,D
10:54:15,JSMR,RG,3530,20,D,NI,XC,D
10:54:15,JSMR,RG,3530,195,F,AK,XC,D
10:54:11,JSMR,RG,3530,5,F,AK,BB,D
10:54:08,JSMR,RG,3530,7,F,AK,BB,D
10:54:07,JSMR,RG,3530,10,F,AK,BB,D
10:54:07,JSMR,RG,3530,3,F,AK,BB,D
10:54:07,JSMR,RG,3530,4,D,NI,BB,D
10:54:06,JSMR,RG,3530,1,D,NI,BB,D
10:54:06,JSMR,RG,3530,15,D,NI,BB,D
10:54:06,JSMR,RG,3530,4,D,YP,BB,D
10:54:05,JSMR,RG,3530,25,D,YP,AT,D
10:54:05,JSMR,RG,3530,10,D,GR,AT,D
10:54:05,JSMR,RG,3530,1,D,PD,AT,D
10:54:05,JSMR,RG,3530,1,D,YP,AT,D
10:54:05,JSMR,RG,3530,8,D,CC,AT,D
10:54:03,JSMR,RG,3530,5,D,CC,BB,D
10:54:00,JSMR,RG,3530,8,D,CC,BB,D
10:54:00,JSMR,RG,3530,11,D,CC,BB,D
10:54:00,JSMR,RG,3530,23,D,CC,BB,D
10:54:00,JSMR,RG,3530,42,D,CC,YU,F
10:54:00,JSMR,RG,3530,1,D,YP,YU,F
10:54:00,JSMR,RG,3530,1,D,PD,YU,F
10:54:00,JSMR,RG,3530,1,D,CC,YU,F
10:54:00,JSMR,RG,3540,10,D,YP,XC,D
10:53:59,JSMR,RG,3530,7,D,YP,BB,D
10:53:59,JSMR,RG,3530,32,D,YP,BB,D
10:53:59,JSMR,RG,3530,50,D,YP,BB,D
10:53:59,JSMR,RG,3530,11,D,YP,BB,D
10:53:59,JSMR,RG,3530,5,D,CC,BB,D
10:53:59,JSMR,RG,3530,1,D,AZ,BB,D
10:53:59,JSMR,RG,3530,1,D,XC,BB,D
10:53:59,JSMR,RG,3530,14,D,YP,BB,D
10:53:59,JSMR,RG,3530,94,D,OD,BB,D
10:53:58,JSMR,RG,3530,2,D,OD,BB,D
10:53:58,JSMR,RG,3530,3,D,OD,BB,D
10:53:58,JSMR,RG,3530,1,D,OD,BB,D
10:53:58,JSMR,RG,3530,2,D,KK,BB,D
10:53:58,JSMR,RG,3530,3,D,KK,BB,D
10:53:58,JSMR,RG,3540,1,F,AK,XC,D
10:53:58,JSMR,RG,3540,13,F,AK,XC,D
10:53:58,JSMR,RG,3540,6,F,AK,XC,D
10:53:58,JSMR,RG,3540,1,F,AK,XC,D
10:53:58,JSMR,RG,3540,6,F,AK,XC,D
10:53:58,JSMR,RG,3540,14,F,BK,XC,D
10:53:58,JSMR,RG,3540,1,F,CS,XC,D
10:53:58,JSMR,RG,3540,12,F,KZ,XC,D
10:53:58,JSMR,RG,3540,1,D,PD,XC,D
10:53:58,JSMR,RG,3540,1,D,CC,XC,D
10:53:58,JSMR,RG,3540,33,D,YU,XC,D
10:53:58,JSMR,RG,3540,1,F,AK,XC,D
10:53:58,JSMR,RG,3540,14,F,BK,XC,D
10:53:58,JSMR,RG,3540,73,F,KZ,XC,D
10:53:58,JSMR,RG,3540,4,F,AK,XC,D
10:53:58,JSMR,RG,3540,103,D,YU,XC,D
10:53:58,JSMR,RG,3540,10,F,AK,XC,D
10:53:58,JSMR,RG,3540,95,F,AK,XC,D
10:53:58,JSMR,RG,3540,4,F,ZP,XC,D
10:53:58,JSMR,RG,3540,14,D,XC,XC,D
10:53:58,JSMR,RG,3540,5,D,XC,XC,D
10:53:58,JSMR,RG,3540,13,F,BK,XC,D
10:53:58,JSMR,RG,3540,11,F,KZ,XC,D
10:53:58,JSMR,RG,3540,45,D,PD,XC,D
10:53:58,JSMR,RG,3540,3,F,KZ,XC,D
10:53:58,JSMR,RG,3540,2,F,AK,XC,D
10:53:58,JSMR,RG,3540,18,F,AK,XC,D
10:53:58,JSMR,RG,3540,2,D,PD,XC,D
10:53:58,JSMR,RG,3540,1,D,EP,XC,D
10:53:58,JSMR,RG,3540,1,D,YP,XC,D
10:53:58,JSMR,RG,3540,6,D,CC,XC,D
10:53:58,JSMR,RG,3540,27,D,NI,XC,D
10:53:55,JSMR,RG,3540,1,D,NI,BB,D
10:53:55,JSMR,RG,3550,1,F,AK,YP,D
10:53:55,JSMR,RG,3540,25,D,NI,EP,D
10:53:52,JSMR,RG,3540,1,D,NI,BB,D
10:53:52,JSMR,RG,3540,1,D,NI,BB,D
10:53:52,JSMR,RG,3540,2,D,NI,KK,D
10:53:50,JSMR,RG,3540,1,D,NI,BB,D
10:53:50,JSMR,RG,3540,1,D,NI,BB,D
10:53:50,JSMR,RG,3540,6,D,NI,BB,D
10:53:49,JSMR,RG,3540,2,D,NI,BB,D
10:53:49,JSMR,RG,3540,2,D,NI,SQ,D
10:53:46,JSMR,RG,3540,25,D,NI,NI,D
10:53:41,JSMR,RG,3550,1,D,PD,YP,D
10:53:23,JSMR,RG,3540,1,D,NI,XL,D
10:51:39,JSMR,RG,3540,5,D,NI,CC,D
10:51:39,JSMR,RG,3540,1,D,PD,CC,D
10:51:39,JSMR,RG,3540,8,D,CP,CC,D
10:51:06,JSMR,RG,3540,1,D,CP,BB,D
10:50:57,JSMR,RG,3540,5,D,CP,YP,D
10:50:55,JSMR,RG,3540,1,D,CP,BB,D
10:50:46,JSMR,RG,3540,2,D,CP,BB,D
10:50:44,JSMR,RG,3540,2,D,CP,BB,D
10:50:36,JSMR,RG,3540,7,D,CP,BB,D
10:50:36,JSMR,RG,3540,12,D,CP,BB,D
10:50:36,JSMR,RG,3540,12,D,CP,BB,D
10:50:35,JSMR,RG,3540,9,D,CP,BB,D
10:50:35,JSMR,RG,3540,41,D,CP,BB,D
10:50:35,JSMR,RG,3540,20,D,CC,BB,D
10:50:35,JSMR,RG,3540,1,D,YP,BB,D
10:50:35,JSMR,RG,3540,1,D,YP,BB,D
10:50:35,JSMR,RG,3540,1,D,YP,BB,D
10:50:35,JSMR,RG,3540,5,D,CC,BB,D
10:50:35,JSMR,RG,3540,2,D,PD,BB,D
10:50:35,JSMR,RG,3540,13,F,KZ,BB,D
10:50:35,JSMR,RG,3540,27,F,KZ,BB,D
10:50:34,JSMR,RG,3540,22,F,KZ,BB,D
10:50:34,JSMR,RG,3550,5,F,ZP,YP,D
10:50:34,JSMR,RG,3550,39,F,KZ,YP,D
10:50:34,JSMR,RG,3550,15,F,BK,YP,D
10:50:34,JSMR,RG,3550,128,D,YU,YP,D
10:50:34,JSMR,RG,3550,1,D,YP,YP,D
10:50:34,JSMR,RG,3550,14,F,KZ,YP,D
10:50:34,JSMR,RG,3550,1,F,AK,YP,D
10:50:34,JSMR,RG,3550,26,F,KZ,YP,D
10:50:34,JSMR,RG,3550,15,F,BK,YP,D
10:50:34,JSMR,RG,3550,3,F,ZP,YP,D
10:50:34,JSMR,RG,3550,1,F,CS,YP,D
10:50:34,JSMR,RG,3550,87,D,YU,YP,D
10:50:34,JSMR,RG,3550,11,D,YU,YP,D
10:49:55,JSMR,RG,3550,1,D,YU,BB,D
10:49:23,JSMR,RG,3550,1,D,YU,BB,D
10:49:22,JSMR,RG,3550,1,D,YU,BB,D
10:49:22,JSMR,RG,3550,1,D,YU,BB,D
10:49:06,JSMR,RG,3550,1,D,YU,BB,D
10:49:05,JSMR,RG,3550,4,D,YU,BB,D
10:49:05,JSMR,RG,3550,2,D,YU,BB,D
10:49:03,JSMR,RG,3550,1,D,YU,BB,D
10:49:03,JSMR,RG,3550,7,D,YU,BB,D
10:49:03,JSMR,RG,3550,8,D,YU,BB,D
10:49:02,JSMR,RG,3550,9,D,YU,BB,D
10:49:02,JSMR,RG,3550,16,F,KZ,BB,D
10:49:00,JSMR,RG,3550,1,F,KZ,BB,D
10:49:00,JSMR,RG,3560,104,D,YU,AT,D
10:48:53,JSMR,RG,3550,1,F,KZ,BB,D
10:48:53,JSMR,RG,3550,5,F,KZ,BB,D
10:48:52,JSMR,RG,3550,1,F,KZ,BB,D
10:48:50,JSMR,RG,3550,20,F,KZ,XC,D
10:47:48,JSMR,RG,3550,5,F,KZ,YB,D
10:47:32,JSMR,RG,3550,2,F,KZ,CC,D
10:47:32,JSMR,RG,3550,2,F,AK,CC,D
10:46:17,JSMR,RG,3550,1,D,PD,YB,D
10:46:17,JSMR,RG,3550,1,D,YP,YB,D
10:46:17,JSMR,RG,3550,2,D,YP,YB,D
10:46:17,JSMR,RG,3550,1,D,EP,YB,D
10:46:17,JSMR,RG,3550,1,F,AK,YB,D
10:46:17,JSMR,RG,3550,16,F,KZ,YB,D
10:46:17,JSMR,RG,3550,6,F,AK,YB,D
10:45:57,JSMR,RG,3560,1,F,AK,AT,D
10:45:57,JSMR,RG,3560,7,F,AK,AT,D
10:45:57,JSMR,RG,3560,6,F,AK,AT,D
10:45:57,JSMR,RG,3560,5,F,ZP,AT,D
10:45:57,JSMR,RG,3560,14,F,BK,AT,D
10:45:57,JSMR,RG,3560,97,D,YU,AT,D
10:45:57,JSMR,RG,3560,21,F,KZ,AT,D
10:45:57,JSMR,RG,3560,177,D,YU,AT,D
10:45:57,JSMR,RG,3560,1,F,CS,AT,D
10:45:57,JSMR,RG,3560,6,F,KZ,AT,D
10:45:57,JSMR,RG,3560,6,F,KZ,AT,D
10:45:57,JSMR,RG,3560,35,D,YU,AT,D
10:45:57,JSMR,RG,3560,1,D,YP,AT,D
10:45:57,JSMR,RG,3560,1,F,KZ,AT,D
10:45:57,JSMR,RG,3560,8,F,ZP,AT,D
10:45:57,JSMR,RG,3560,1,F,AK,AT,D
10:45:57,JSMR,RG,3560,1,F,AK,AT,D
10:45:57,JSMR,RG,3560,1,F,AK,AT,D
10:45:57,JSMR,RG,3560,42,F,AK,AT,D
10:45:54,JSMR,RG,3560,12,F,AK,KK,D
10:45:54,JSMR,RG,3560,6,F,AK,KK,D
10:45:54,JSMR,RG,3560,32,F,KZ,KK,D
10:45:21,JSMR,RG,3560,14,F,KZ,KZ,D
10:45:21,JSMR,RG,3560,5,F,KZ,KZ,D
10:45:21,JSMR,RG,3560,3,F,KZ,KZ,D
10:45:21,JSMR,RG,3560,2,F,KZ,KZ,D
10:45:21,JSMR,RG,3560,39,F,BK,KZ,D
10:45:21,JSMR,RG,3560,14,F,KZ,KZ,D
10:45:19,JSMR,RG,3560,5,F,KZ,YB,D
10:44:50,JSMR,RG,3560,10,F,KZ,NI,D
10:44:42,JSMR,RG,3560,20,F,KZ,YP,D
10:44:25,JSMR,RG,3560,15,F,KZ,LG,D
10:44:15,JSMR,RG,3560,2,F,KZ,NI,D
10:43:56,JSMR,RG,3570,15,F,BK,EP,D
10:43:47,JSMR,RG,3560,5,F,KZ,DH,D
10:43:04,JSMR,RG,3560,5,F,KZ,PD,D
10:42:58,JSMR,RG,3560,19,F,KZ,YP,D
10:42:58,JSMR,RG,3560,1,F,CS,YP,D
10:42:58,JSMR,RG,3560,30,D,YU,YP,D
10:42:50,JSMR,RG,3560,27,D,YU,YP,D
10:42:50,JSMR,RG,3560,11,D,YU,YP,D
10:42:20,JSMR,RG,3570,14,F,BK,EP,D
10:41:47,JSMR,RG,3560,10,D,YU,NI,D
10:41:08,JSMR,RG,3560,10,D,YU,YP,D
10:41:06,JSMR,RG,3570,62,D,YU,EP,D
10:41:06,JSMR,RG,3560,3,F,KZ,YU,F
10:41:06,JSMR,RG,3560,58,F,AK,YU,F
10:41:06,JSMR,RG,3560,8,F,AK,BB,D
10:41:06,JSMR,RG,3560,2,F,KZ,BB,D
10:41:06,JSMR,RG,3560,2,F,KZ,PD,D
10:41:05,JSMR,RG,3560,13,F,AK,PD,D
10:41:05,JSMR,RG,3560,16,F,AK,YB,D
10:41:05,JSMR,RG,3560,10,F,AK,XC,D
10:41:05,JSMR,RG,3560,18,F,AK,KZ,D
10:41:05,JSMR,RG,3560,12,F,AK,KZ,D
10:41:05,JSMR,RG,3560,1,F,AK,PD,D
10:41:05,JSMR,RG,3560,20,F,AK,SH,D
10:41:05,JSMR,RG,3560,1,F,AK,CS,F
10:41:05,JSMR,RG,3560,159,F,AK,PC,D
10:41:05,JSMR,RG,3560,62,F,KZ,PC,D
10:41:05,JSMR,RG,3560,250,F,AK,PC,D
10:41:00,JSMR,RG,3550,1,D,YU,CS,F
10:41:00,JSMR,RG,3550,7,D,YU,BB,D
10:41:00,JSMR,RG,3550,3,D,YU,BB,D
10:41:00,JSMR,RG,3550,2,D,YU,AK,F
10:41:00,JSMR,RG,3550,21,D,YU,CC,D
10:40:56,JSMR,RG,3550,1,F,KZ,CC,D
10:40:56,JSMR,RG,3550,3,F,KZ,BB,D
10:40:56,JSMR,RG,3550,1,F,KZ,CS,F
10:40:55,JSMR,RG,3550,20,D,YP,YP,D
10:40:52,JSMR,RG,3550,2,D,YP,YP,D
10:40:51,JSMR,RG,3550,1,F,KZ,YP,D
10:40:36,JSMR,RG,3550,12,F,BK,YP,D
10:40:36,JSMR,RG,3550,3,F,BK,BB,D
10:40:31,JSMR,RG,3550,1,F,KZ,BB,D
10:40:31,JSMR,RG,3550,1,F,KZ,BB,D
10:40:26,JSMR,RG,3550,2,F,ZP,BB,D
10:40:26,JSMR,RG,3550,1,F,ZP,CC,F
10:40:06,JSMR,RG,3550,4,D,OD,AK,F
10:40:06,JSMR,RG,3550,1,D,OD,CS,F
10:40:06,JSMR,RG,3550,10,D,OD,BB,D
10:40:04,JSMR,RG,3550,1,D,YP,BB,D
10:39:45,JSMR,RG,3550,1,D,YP,BB,D
10:39:31,JSMR,RG,3550,4,F,KZ,BB,D
10:39:21,JSMR,RG,3550,1,D,PD,BB,D
10:39:07,JSMR,RG,3550,13,F,BK,BB,D
10:39:03,JSMR,RG,3550,11,F,KZ,BB,D
10:39:01,JSMR,RG,3550,33,F,KZ,BB,D
10:39:01,JSMR,RG,3550,4,F,KZ,BB,D
10:39:00,JSMR,RG,3550,2,F,KZ,BB,D
10:39:00,JSMR,RG,3550,3,F,KZ,YB,D
10:39:00,JSMR,RG,3550,46,D,YU,YB,D
10:39:00,JSMR,RG,3550,70,D,YU,YU,F
10:39:00,JSMR,RG,3550,1,D,YU,PD,D
10:39:00,JSMR,RG,3550,17,D,YU,SQ,D
10:38:56,JSMR,RG,3550,2,F,KZ,SQ,D
10:38:53,JSMR,RG,3550,46,F,KZ,SQ,D
10:38:53,JSMR,RG,3550,1,F,KZ,CS,D
10:38:53,JSMR,RG,3550,2,F,KZ,AK,F
10:38:53,JSMR,RG,3550,9,F,KZ,XL,D
10:38:51,JSMR,RG,3550,13,F,ZP,XL,D
10:38:51,JSMR,RG,3550,7,F,KZ,XL,D
10:38:51,JSMR,RG,3550,1,F,AK,XL,D
10:38:51,JSMR,RG,3550,15,F,AK,LS,D
10:38:51,JSMR,RG,3550,1,F,AK,CS,F
10:38:51,JSMR,RG,3550,1,F,AK,CC,F
10:38:51,JSMR,RG,3550,6,F,AK,YP,D
10:38:51,JSMR,RG,3550,70,F,AK,YU,F
10:38:51,JSMR,RG,3550,2,F,AK,AK,F
10:38:51,JSMR,RG,3550,1,F,AK,CS,F
10:38:51,JSMR,RG,3550,70,F,AK,YU,F
10:38:51,JSMR,RG,3550,1,F,AK,PD,D
10:38:51,JSMR,RG,3550,54,F,AK,KZ,D
10:38:51,JSMR,RG,3550,1,F,AK,YP,D
10:38:51,JSMR,RG,3550,1,F,AK,CS,F
10:38:51,JSMR,RG,3550,26,F,AK,CD,D
10:38:50,JSMR,RG,3550,2,D,KK,CD,D
10:38:09,JSMR,RG,3550,5,D,OD,CD,D
10:37:16,JSMR,RG,3550,37,F,KZ,CD,D
10:37:00,JSMR,RG,3550,39,F,KZ,CD,D
10:37:00,JSMR,RG,3550,158,D,YU,CD,D
10:36:48,JSMR,RG,3550,1,D,PD,CD,D
10:35:35,JSMR,RG,3540,46,F,AK,YU,F
10:35:05,JSMR,RG,3540,45,F,AK,YU,F
10:34:55,JSMR,RG,3540,46,F,AK,YU,F
10:34:52,JSMR,RG,3540,10,F,AK,BB,D
10:34:46,JSMR,RG,3550,1,F,KZ,CD,D
10:34:46,JSMR,RG,3550,89,F,KZ,CD,D
10:34:42,JSMR,RG,3550,500,F,KZ,CD,D
10:34:11,JSMR,RG,3550,4,F,KZ,CD,D
10:34:11,JSMR,RG,3550,12,F,KZ,CD,D
10:34:11,JSMR,RG,3550,7,F,KZ,CD,D
10:34:07,JSMR,RG,3540,1,F,AK,PD,D
10:34:06,JSMR,RG,3550,119,F,AK,CD,D
10:34:06,JSMR,RG,3550,20,F,AK,EP,D
10:34:06,JSMR,RG,3550,3,F,AK,BB,D
10:34:06,JSMR,RG,3550,3,F,AK,BB,D
10:34:06,JSMR,RG,3550,50,F,AK,RG,D
10:34:06,JSMR,RG,3550,1,F,AK,XL,D
10:34:06,JSMR,RG,3550,1,F,AK,BB,D
10:34:06,JSMR,RG,3550,3,F,AK,AK,F
10:34:06,JSMR,RG,3550,1,F,AK,CS,D
10:34:06,JSMR,RG,3550,1,F,AK,CS,F
10:34:06,JSMR,RG,3550,5,F,AK,AK,F
10:34:06,JSMR,RG,3540,166,F,AK,CD,D
10:34:06,JSMR,RG,3540,30,D,PD,CD,D
10:34:06,JSMR,RG,3540,16,F,BK,CD,D
10:34:06,JSMR,RG,3540,1,D,PD,CD,D
10:34:06,JSMR,RG,3540,5,F,KZ,CD,D
10:34:06,JSMR,RG,3540,3,D,PD,CD,D
10:34:06,JSMR,RG,3540,1,F,KZ,CD,D
10:34:06,JSMR,RG,3540,1,D,YB,CD,D
10:34:06,JSMR,RG,3540,1,F,KZ,CD,D
10:34:06,JSMR,RG,3540,2,D,PD,CD,D
10:34:06,JSMR,RG,3540,1,D,CC,CD,D
10:34:06,JSMR,RG,3540,3,F,ZP,CD,D
10:34:06,JSMR,RG,3540,4,D,CC,CD,D
10:34:06,JSMR,RG,3540,126,F,KZ,CD,D
10:34:06,JSMR,RG,3540,600,D,RF,CD,D
10:34:06,JSMR,RG,3540,4,F,KZ,CD,D
10:34:06,JSMR,RG,3540,1,D,CC,CD,D
10:34:06,JSMR,RG,3540,2,F,KZ,CD,D
10:34:06,JSMR,RG,3540,10,D,XL,CD,D
10:34:06,JSMR,RG,3540,230,F,KZ,CD,D
10:34:06,JSMR,RG,3540,20,D,CC,CD,D
10:34:06,JSMR,RG,3540,1,D,CC,CD,D
10:34:06,JSMR,RG,3540,1,D,CC,CD,D
10:34:06,JSMR,RG,3540,5,D,CC,CD,D
10:34:06,JSMR,RG,3540,8,D,PD,CD,D
10:34:06,JSMR,RG,3540,1,D,XL,CD,D
10:34:06,JSMR,RG,3540,1,D,YP,CD,D
10:34:06,JSMR,RG,3540,35,D,YP,CD,D
10:34:06,JSMR,RG,3540,35,D,YP,CD,D
10:34:06,JSMR,RG,3540,1,D,NI,CD,D
10:34:06,JSMR,RG,3540,5,D,KK,CD,D
10:34:06,JSMR,RG,3540,1,D,YP,CD,D
10:34:06,JSMR,RG,3540,500,D,SQ,CD,D
10:34:06,JSMR,RG,3540,5,D,PD,CD,D
10:34:06,JSMR,RG,3540,1,D,YP,CD,D
10:34:06,JSMR,RG,3540,1,D,YP,CD,D
10:34:06,JSMR,RG,3540,50,D,LG,CD,D
10:34:06,JSMR,RG,3540,1,D,XL,CD,D
10:34:06,JSMR,RG,3540,1,D,XC,CD,D
10:34:06,JSMR,RG,3540,1,D,YP,CD,D
10:34:06,JSMR,RG,3540,100,D,CC,CD,D
10:34:06,JSMR,RG,3540,1,D,PD,CD,D
10:34:06,JSMR,RG,3540,1,D,SQ,CD,D
10:34:06,JSMR,RG,3540,17,D,YP,CD,D
10:32:02,JSMR,RG,3550,1,D,YP,AK,F
10:32:01,JSMR,RG,3540,12,D,YP,XC,D
10:32:01,JSMR,RG,3540,5,D,CC,XC,D
10:32:01,JSMR,RG,3540,10,D,DR,XC,D
10:31:59,JSMR,RG,3550,1,D,YP,AK,F
10:31:53,JSMR,RG,3550,1,D,YP,YU,F
10:31:53,JSMR,RG,3550,48,F,AK,YU,F
10:31:53,JSMR,RG,3550,16,F,AK,YU,F
10:31:53,JSMR,RG,3550,1,F,AK,CS,D
10:31:53,JSMR,RG,3550,2,F,AK,BB,D
10:31:53,JSMR,RG,3550,1,F,AK,CS,F
10:31:43,JSMR,RG,3550,46,F,AK,YU,F
10:31:43,JSMR,RG,3550,14,F,AK,YU,F
10:31:43,JSMR,RG,3550,54,F,AK,YU,F
10:31:43,JSMR,RG,3550,1,F,AK,AZ,D
10:31:43,JSMR,RG,3550,1,F,AK,AZ,D
10:31:43,JSMR,RG,3550,1,F,AK,AZ,D
10:31:43,JSMR,RG,3550,6,F,AK,AZ,D
10:31:43,JSMR,RG,3550,1,D,YP,AZ,D
10:31:43,JSMR,RG,3550,20,D,PD,AZ,D
10:31:43,JSMR,RG,3550,28,F,KZ,AZ,D
10:31:43,JSMR,RG,3550,99,D,YU,AZ,D
10:31:43,JSMR,RG,3550,15,F,BK,AZ,D
10:31:43,JSMR,RG,3550,2,F,ZP,AZ,D
10:31:43,JSMR,RG,3550,16,F,KZ,AZ,D
10:31:43,JSMR,RG,3550,5,D,PD,AZ,D
10:31:43,JSMR,RG,3550,1,F,AK,AZ,D
10:31:43,JSMR,RG,3550,5,D,CC,AZ,D
10:31:43,JSMR,RG,3550,9,F,AK,AZ,D
10:31:43,JSMR,RG,3550,40,D,YU,AZ,D
10:31:15,JSMR,RG,3550,1,D,YU,XC,D
10:31:15,JSMR,RG,3550,1,D,YP,XC,D
10:31:15,JSMR,RG,3550,1,D,PD,XC,D
10:30:57,JSMR,RG,3550,5,F,KZ,CC,D
10:30:57,JSMR,RG,3550,15,F,BK,CC,D
10:30:57,JSMR,RG,3550,16,D,YU,CC,D
10:29:45,JSMR,RG,3550,16,D,YU,NI,D
10:29:45,JSMR,RG,3550,1,D,YB,NI,D
10:29:45,JSMR,RG,3550,5,D,OD,NI,D
10:29:45,JSMR,RG,3550,12,F,AK,NI,D
10:29:45,JSMR,RG,3550,1,D,YP,NI,D
10:29:45,JSMR,RG,3550,15,F,KZ,NI,D
10:29:41,JSMR,RG,3550,4,F,KZ,PD,D
10:29:41,JSMR,RG,3550,3,F,AK,PD,D
10:29:37,JSMR,RG,3550,2,F,AK,YB,D
10:29:37,JSMR,RG,3550,5,F,AK,YB,D
10:29:37,JSMR,RG,3550,1,F,CS,YB,D
10:29:37,JSMR,RG,3550,1,F,AK,YB,D
10:29:37,JSMR,RG,3550,1,F,AK,YB,D
10:28:31,JSMR,RG,3550,42,F,KZ,KZ,D
10:28:31,JSMR,RG,3550,24,F,AK,KZ,D
10:28:28,JSMR,RG,3550,120,F,AK,PD,D
10:28:19,JSMR,RG,3550,5,F,AK,YP,D
10:28:15,JSMR,RG,3560,16,F,AK,PC,D
10:28:14,JSMR,RG,3560,13,F,AK,PC,D
10:28:14,JSMR,RG,3560,1,F,AK,CS,F
10:28:14,JSMR,RG,3560,2,F,AK,AK,F
