Time,Stock,Brd,Price,Qty,BT,BC,SC,ST
15:12:08,JSMR,RG,3370,100,F,KZ,KK,D
15:12:08,JSMR,RG,3370,1,F,KZ,CC,D
15:11:53,JSMR,RG,3370,962,F,KZ,DX,D
15:11:50,JSMR,RG,3370,1,D,CC,DX,D
15:11:40,JSMR,RG,3370,1,D,XC,DX,D
15:11:30,JSMR,RG,3370,1,D,CC,DX,D
15:11:14,JSMR,RG,3370,1,F,KZ,DX,D
15:11:13,JSMR,RG,3370,3,D,EP,DX,D
15:11:04,JSMR,RG,3370,2,F,KZ,DX,D
15:11:03,JSMR,RG,3370,1,F,KZ,DX,D
15:11:02,JSMR,RG,3370,1,D,PD,DX,D
15:11:02,JSMR,RG,3370,1,D,YP,DX,D
15:11:02,JSMR,RG,3370,1,D,DH,DX,D
15:11:02,JSMR,RG,3370,14,D,XC,DX,D
15:11:02,JSMR,RG,3370,5,D,XC,DX,D
15:11:02,JSMR,RG,3370,5,D,YP,DX,D
15:11:02,JSMR,RG,3370,1,D,XL,DX,D
15:09:06,JSMR,RG,3370,123,F,KZ,CC,D
15:07:45,JSMR,RG,3370,11,F,KZ,CC,D
15:07:45,JSMR,RG,3370,100,D,PC,CC,D
15:07:45,JSMR,RG,3370,1,D,XC,CC,D
15:07:45,JSMR,RG,3370,1,F,KZ,CC,D
15:06:18,JSMR,RG,3370,14,F,KZ,DR,D
15:06:18,JSMR,RG,3370,2,F,KZ,CC,D
15:06:18,JSMR,RG,3370,1,F,KZ,XC,D
15:06:18,JSMR,RG,3370,615,F,KZ,DX,D
15:06:17,JSMR,RG,3370,1,D,NI,DX,D
15:06:07,JSMR,RG,3370,1,F,KZ,DX,D
15:06:07,JSMR,RG,3370,10,D,YP,DX,D
15:05:58,JSMR,RG,3370,3,D,XL,DX,D
15:05:53,JSMR,RG,3370,2,F,KZ,DX,D
15:05:52,JSMR,RG,3370,10,D,PD,DX,D
15:05:50,JSMR,RG,3370,1,D,YP,DX,D
15:05:39,JSMR,RG,3370,5,D,PD,DX,D
15:05:30,JSMR,RG,3370,1,F,KZ,DX,D
15:05:29,JSMR,RG,3370,4,D,XA,DX,D
15:05:19,JSMR,RG,3370,11,F,KZ,DX,D
15:05:18,JSMR,RG,3370,100,D,YP,DX,D
15:05:08,JSMR,RG,3370,1,F,KZ,DX,D
15:05:07,JSMR,RG,3370,10,D,XC,DX,D
15:04:55,JSMR,RG,3370,2,F,KZ,DX,D
15:04:54,JSMR,RG,3370,18,D,TP,DX,D
15:04:54,JSMR,RG,3370,3,D,SQ,DX,D
15:04:44,JSMR,RG,3370,1,D,PD,DX,D
15:04:32,JSMR,RG,3370,1,D,YU,DX,D
15:04:20,JSMR,RG,3370,2,F,KZ,DX,D
15:04:19,JSMR,RG,3370,15,D,HP,DX,D
15:04:14,JSMR,RG,3370,5,F,KZ,DX,D
15:04:14,JSMR,RG,3370,25,D,SQ,DX,D
15:04:12,JSMR,RG,3370,2,F,KZ,DX,D
15:04:12,JSMR,RG,3370,23,D,XC,DX,D
15:04:10,JSMR,RG,3370,10,D,YP,DX,D
15:03:48,JSMR,RG,3370,1,F,KZ,DX,D
15:03:48,JSMR,RG,3370,10,D,CC,DX,D
15:03:47,JSMR,RG,3370,1,D,YP,DX,D
15:03:37,JSMR,RG,3370,1,D,YP,DX,D
15:03:29,JSMR,RG,3370,5,F,KZ,DX,D
15:03:29,JSMR,RG,3370,50,D,XC,DX,D
15:03:25,JSMR,RG,3370,1,F,KZ,DX,D
15:03:24,JSMR,RG,3370,1,D,YP,DX,D
15:03:22,JSMR,RG,3370,2,F,KZ,DX,D
15:03:21,JSMR,RG,3370,25,D,CC,DX,D
15:03:20,JSMR,RG,3370,1,F,KZ,DX,D
15:03:19,JSMR,RG,3370,1,F,KZ,DX,D
15:03:18,JSMR,RG,3370,10,D,YP,DX,D
15:03:18,JSMR,RG,3370,1,D,LG,DX,D
15:03:18,JSMR,RG,3370,1,D,PD,DX,D
15:03:18,JSMR,RG,3370,2,F,KZ,DX,D
15:03:18,JSMR,RG,3370,5,D,AZ,DX,D
15:02:36,JSMR,RG,3370,1,D,AZ,XC,D
15:02:36,JSMR,RG,3370,14,D,AZ,KK,D
15:02:33,JSMR,RG,3370,2,D,YP,KK,D
15:02:33,JSMR,RG,3370,3,D,PD,KK,D
15:02:32,JSMR,RG,3370,1,F,KZ,KK,D
15:02:31,JSMR,RG,3370,3,D,YP,KK,D
15:02:14,JSMR,RG,3370,5,D,NI,KK,D
15:02:13,JSMR,RG,3370,1,F,KZ,KK,D
15:02:12,JSMR,RG,3370,3,D,XC,KK,D
15:02:10,JSMR,RG,3370,1,F,KZ,KK,D
15:02:09,JSMR,RG,3370,10,D,PD,KK,D
15:01:51,JSMR,RG,3370,5,D,LS,KK,D
15:01:50,JSMR,RG,3370,1,F,KZ,KK,D
15:01:49,JSMR,RG,3370,1,D,PD,KK,D
15:01:49,JSMR,RG,3370,1,D,PD,PD,D
15:01:29,JSMR,RG,3370,2,F,KZ,KK,D
15:01:29,JSMR,RG,3370,26,F,AK,KK,D
15:01:04,JSMR,RG,3370,1,F,KZ,KK,D
15:01:03,JSMR,RG,3370,1,D,OD,KK,D
15:00:00,JSMR,RG,3370,1,D,YU,KK,D
15:00:00,JSMR,RG,3370,13,D,PD,KK,D
15:00:00,JSMR,RG,3370,5,D,PD,XC,D
15:00:00,JSMR,RG,3370,10,D,PD,LG,D
15:00:00,JSMR,RG,3370,3,D,PD,PD,D
15:00:00,JSMR,RG,3370,2,D,YP,PD,D
15:00:00,JSMR,RG,3370,2,D,PD,PD,D
15:00:00,JSMR,RG,3370,1,D,PD,YP,D
15:00:00,JSMR,RG,3370,5,D,AZ,YP,D
15:00:00,JSMR,RG,3370,1,D,GR,YP,D
15:00:00,JSMR,RG,3370,1,D,GR,OD,D
15:00:00,JSMR,RG,3370,2,D,GR,XC,D
15:00:00,JSMR,RG,3370,50,D,GR,PD,D
15:00:00,JSMR,RG,3370,50,D,GR,PD,D
15:00:00,JSMR,RG,3370,50,D,GR,PD,D
15:00:00,JSMR,RG,3370,50,D,GR,PD,D
15:00:00,JSMR,RG,3370,46,D,GR,AT,D
15:00:00,JSMR,RG,3370,3,D,YP,AT,D
15:00:00,JSMR,RG,3370,3,D,LG,AT,D
15:00:00,JSMR,RG,3370,8,D,CC,AT,D
15:00:00,JSMR,RG,3370,2,D,CC,YP,D
15:00:00,JSMR,RG,3370,1,D,KK,YP,D
15:00:00,JSMR,RG,3370,5,D,PD,YP,D
15:00:00,JSMR,RG,3370,7,D,YP,YP,D
15:00:00,JSMR,RG,3370,3,D,YP,PD,D
15:00:00,JSMR,RG,3370,2,D,DH,AT,D
15:00:00,JSMR,RG,3370,1,D,YP,AT,D
15:00:00,JSMR,RG,3370,50,D,PD,AT,D
15:00:00,JSMR,RG,3370,10,D,DR,AT,D
15:00:00,JSMR,RG,3370,1,D,EP,AT,D
15:00:00,JSMR,RG,3370,1,D,CC,AT,D
15:00:00,JSMR,RG,3370,35,D,MG,AT,D
15:00:00,JSMR,RG,3370,25,D,MG,YU,D
15:00:00,JSMR,RG,3370,100,D,MG,AT,D
15:00:00,JSMR,RG,3370,1,D,MG,EP,D
15:00:00,JSMR,RG,3370,1,D,MG,YP,D
15:00:00,JSMR,RG,3370,10,D,MG,PC,D
15:00:00,JSMR,RG,3370,10,D,MG,NI,D
15:00:00,JSMR,RG,3370,6,D,MG,AT,D
15:00:00,JSMR,RG,3370,400,D,MG,AG,D
15:00:00,JSMR,RG,3370,50,D,MG,LG,D
15:00:00,JSMR,RG,3370,50,D,MG,CC,D
15:00:00,JSMR,RG,3370,2,D,MG,EP,D
15:00:00,JSMR,RG,3370,23,D,MG,XA,D
15:00:00,JSMR,RG,3370,14,D,MG,OD,D
15:00:00,JSMR,RG,3370,273,D,MG,OD,D
15:00:00,JSMR,RG,3370,2,D,KK,OD,D
15:00:00,JSMR,RG,3370,150,D,IF,OD,D
15:00:00,JSMR,RG,3370,10,D,YP,OD,D
15:00:00,JSMR,RG,3370,1,D,YP,OD,D
15:00:00,JSMR,RG,3370,50,D,HD,OD,D
15:00:00,JSMR,RG,3370,2,D,YP,OD,D
15:00:00,JSMR,RG,3370,1,F,OD,OD,D
15:00:00,JSMR,RG,3370,2,D,YP,OD,D
15:00:00,JSMR,RG,3370,10,D,PD,OD,D
15:00:00,JSMR,RG,3370,100,D,YP,OD,D
15:00:00,JSMR,RG,3370,29,D,YP,OD,D
15:00:00,JSMR,RG,3370,1,D,OD,OD,D
15:00:00,JSMR,RG,3370,2,D,KK,OD,D
15:00:00,JSMR,RG,3370,5,D,YP,OD,D
15:00:00,JSMR,RG,3370,1,F,AK,OD,D
15:00:00,JSMR,RG,3370,5,F,AK,OD,D
15:00:00,JSMR,RG,3370,2,F,AK,OD,D
15:00:00,JSMR,RG,3370,2,F,AK,OD,D
15:00:00,JSMR,RG,3370,50,F,AK,OD,D
15:00:00,JSMR,RG,3370,55,F,AK,OD,D
15:00:00,JSMR,RG,3370,245,F,AK,OD,D
15:00:00,JSMR,RG,3370,40,F,AK,OD,D
15:00:00,JSMR,RG,3370,130,F,AK,DR,D
15:00:00,JSMR,RG,3370,10,F,BK,DR,D
15:00:00,JSMR,RG,3370,63,F,BK,AK,F
15:00:00,JSMR,RG,3370,11,F,BK,CC,D
15:00:00,JSMR,RG,3370,16,F,BK,CC,D
15:00:00,JSMR,RG,3370,16,F,KZ,CC,D
15:00:00,JSMR,RG,3370,18,F,KZ,CC,D
15:00:00,JSMR,RG,3370,17,F,KZ,CC,D
15:00:00,JSMR,RG,3370,71,F,KZ,CC,D
15:00:00,JSMR,RG,3370,37,F,KZ,AK,F
15:00:00,JSMR,RG,3370,42,F,KZ,AK,F
15:00:00,JSMR,RG,3370,16,F,KZ,AK,F
15:00:00,JSMR,RG,3370,33,F,KZ,AK,F
15:00:00,JSMR,RG,3370,18,F,KZ,AK,F
14:49:59,JSMR,RG,3360,2,D,CD,AK,F
14:49:59,JSMR,RG,3360,15,D,CD,YJ,D
14:49:49,JSMR,RG,3360,10,D,CD,AK,F
14:49:48,JSMR,RG,3360,1,D,CD,AK,F
14:49:48,JSMR,RG,3370,9,F,KZ,YP,D
14:49:47,JSMR,RG,3370,4,F,KZ,YP,D
14:49:47,JSMR,RG,3370,1,F,KZ,XC,D
14:49:44,JSMR,RG,3360,20,D,CD,NI,D
14:49:44,JSMR,RG,3360,5,D,CD,AK,F
14:49:44,JSMR,RG,3360,2,D,CD,AK,F
14:49:43,JSMR,RG,3360,2,D,CD,AK,F
14:49:43,JSMR,RG,3370,2,F,KZ,XC,D
14:49:43,JSMR,RG,3350,12,D,PD,PD,D
14:49:43,JSMR,RG,3360,3,D,YP,PD,D
14:49:42,JSMR,RG,3350,57,D,PD,OD,D
14:49:42,JSMR,RG,3350,1,D,AT,OD,D
14:49:42,JSMR,RG,3350,10,D,PD,OD,D
14:49:42,JSMR,RG,3350,2,D,YU,OD,D
14:49:42,JSMR,RG,3360,15,D,YP,OD,D
14:49:42,JSMR,RG,3360,100,D,YP,OD,D
14:49:42,JSMR,RG,3360,1,D,PD,OD,D
14:49:42,JSMR,RG,3360,15,D,YP,OD,D
14:49:42,JSMR,RG,3360,4,F,KZ,OD,D
14:49:42,JSMR,RG,3360,1,D,XC,OD,D
14:49:42,JSMR,RG,3360,9,F,KZ,OD,D
14:49:42,JSMR,RG,3360,2,D,OD,OD,D
14:49:42,JSMR,RG,3360,10,D,SQ,OD,D
14:49:42,JSMR,RG,3360,4,D,XL,OD,D
14:49:39,JSMR,RG,3370,1,F,KZ,OD,D
14:49:38,JSMR,RG,3370,10,D,XC,OD,D
14:49:36,JSMR,RG,3370,7,F,KZ,OD,D
14:49:35,JSMR,RG,3370,1,D,PD,OD,D
14:49:27,JSMR,RG,3360,1,D,XL,OD,D
14:49:27,JSMR,RG,3360,5,D,KK,OD,D
14:49:27,JSMR,RG,3360,1,D,KK,OD,D
14:49:27,JSMR,RG,3360,3,D,SQ,OD,D
14:49:27,JSMR,RG,3360,50,D,GR,OD,D
14:49:27,JSMR,RG,3360,1,D,YP,OD,D
14:49:25,JSMR,RG,3360,7,D,YP,EP,D
14:49:19,JSMR,RG,3370,2,F,KZ,OD,D
14:49:18,JSMR,RG,3370,10,D,ZP,OD,D
14:49:16,JSMR,RG,3370,4,D,BB,OD,D
14:49:15,JSMR,RG,3370,18,F,KZ,OD,D
14:49:13,JSMR,RG,3370,5,D,YP,OD,D
14:49:13,JSMR,RG,3370,13,D,YP,AK,F
14:49:13,JSMR,RG,3370,32,D,YP,AT,D
14:49:13,JSMR,RG,3370,10,F,KZ,AT,D
14:49:12,JSMR,RG,3360,92,D,YP,DX,D
14:49:12,JSMR,RG,3360,3,D,PD,DX,D
14:49:12,JSMR,RG,3360,5,D,YP,DX,D
14:49:12,JSMR,RG,3360,1,D,KK,DX,D
14:49:12,JSMR,RG,3360,1,D,XC,DX,D
14:49:12,JSMR,RG,3360,1,D,XC,DX,D
14:49:12,JSMR,RG,3360,1,D,XL,DX,D
14:49:12,JSMR,RG,3360,7,D,SQ,DX,D
14:49:12,JSMR,RG,3360,100,D,YP,DX,D
14:49:12,JSMR,RG,3360,1,D,CC,DX,D
14:49:12,JSMR,RG,3360,9,D,LG,DX,D
14:49:12,JSMR,RG,3360,2,D,PD,DX,D
14:49:12,JSMR,RG,3360,3,D,ZP,DX,D
14:49:12,JSMR,RG,3360,5,D,PD,DX,D
14:49:12,JSMR,RG,3360,1,D,XC,DX,D
14:49:12,JSMR,RG,3360,2,D,NI,DX,D
14:49:12,JSMR,RG,3360,3,D,KK,DX,D
14:49:12,JSMR,RG,3360,1,D,PD,DX,D
14:49:12,JSMR,RG,3360,1,D,CC,DX,D
14:49:12,JSMR,RG,3360,1,D,YP,DX,D
14:49:12,JSMR,RG,3360,100,D,YP,DX,D
14:49:12,JSMR,RG,3360,5,D,XC,DX,D
14:49:12,JSMR,RG,3360,3,D,EP,DX,D
14:49:12,JSMR,RG,3360,10,D,YP,DX,D
14:49:12,JSMR,RG,3360,10,D,KK,DX,D
14:49:12,JSMR,RG,3360,10,D,YP,DX,D
14:49:12,JSMR,RG,3360,1,D,YP,DX,D
14:49:12,JSMR,RG,3360,5,D,PD,DX,D
14:49:12,JSMR,RG,3360,20,D,PD,DX,D
14:49:12,JSMR,RG,3360,30,D,CC,DX,D
14:49:12,JSMR,RG,3360,25,D,YP,DX,D
14:49:12,JSMR,RG,3360,1,D,NI,DX,D
14:49:12,JSMR,RG,3360,1,D,YP,DX,D
14:49:12,JSMR,RG,3360,7,F,KZ,DX,D
14:49:12,JSMR,RG,3360,60,D,CC,DX,D
14:49:12,JSMR,RG,3360,11,F,KZ,DX,D
14:49:12,JSMR,RG,3360,100,D,YP,DX,D
14:49:12,JSMR,RG,3360,1,D,DR,DX,D
14:49:12,JSMR,RG,3360,1,F,KZ,DX,D
14:49:12,JSMR,RG,3360,10,D,KK,DX,D
14:49:12,JSMR,RG,3360,11,F,KZ,DX,D
14:49:12,JSMR,RG,3360,100,D,CC,DX,D
14:49:12,JSMR,RG,3360,1,D,YP,DX,D
14:49:12,JSMR,RG,3360,3,F,KZ,DX,D
14:49:12,JSMR,RG,3360,25,D,YP,DX,D
14:49:12,JSMR,RG,3360,1,F,KZ,DX,D
14:49:12,JSMR,RG,3360,10,D,YP,DX,D
14:49:12,JSMR,RG,3360,30,F,KZ,DX,D
14:49:12,JSMR,RG,3360,264,D,YP,DX,D
14:49:12,JSMR,RG,3360,10,D,XC,DX,D
14:49:12,JSMR,RG,3360,2,F,KZ,DX,D
14:49:12,JSMR,RG,3360,15,D,CC,DX,D
14:49:12,JSMR,RG,3360,1,D,PD,DX,D
14:49:12,JSMR,RG,3360,1,F,KZ,DX,D
14:49:12,JSMR,RG,3360,113,F,KZ,DX,D
14:49:12,JSMR,RG,3360,150,D,YP,DX,D
14:49:12,JSMR,RG,3360,1,D,KK,DX,D
14:49:12,JSMR,RG,3360,10,D,KK,DX,D
14:49:12,JSMR,RG,3360,3,D,HP,DX,D
14:49:12,JSMR,RG,3360,20,D,YP,DX,D
14:49:12,JSMR,RG,3360,2,D,YP,DX,D
14:49:12,JSMR,RG,3360,50,D,YP,DX,D
14:49:12,JSMR,RG,3360,30,D,PD,DX,D
14:49:12,JSMR,RG,3360,25,D,AZ,DX,D
14:49:12,JSMR,RG,3360,5,D,YP,DX,D
14:49:12,JSMR,RG,3360,1,D,KK,DX,D
14:49:12,JSMR,RG,3360,2,D,CC,DX,D
14:49:12,JSMR,RG,3360,2,D,CC,DX,D
14:49:12,JSMR,RG,3360,4,D,YP,DX,D
14:49:12,JSMR,RG,3360,75,D,YP,DX,D
14:49:12,JSMR,RG,3360,2,D,CC,DX,D
14:49:12,JSMR,RG,3360,15,D,AG,DX,D
14:49:12,JSMR,RG,3360,5,D,PD,DX,D
14:49:12,JSMR,RG,3360,1,D,CC,DX,D
14:49:12,JSMR,RG,3360,1,D,CC,DX,D
14:49:12,JSMR,RG,3360,100,D,DH,DX,D
14:49:12,JSMR,RG,3360,1,D,CC,DX,D
14:49:12,JSMR,RG,3360,5,D,YP,DX,D
14:49:12,JSMR,RG,3360,50,D,YP,DX,D
14:49:12,JSMR,RG,3360,2,D,PD,DX,D
14:49:12,JSMR,RG,3360,1,D,PD,DX,D
14:49:12,JSMR,RG,3360,100,D,CC,DX,D
14:49:12,JSMR,RG,3360,10,D,CC,DX,D
14:49:12,JSMR,RG,3360,25,D,PD,DX,D
14:49:12,JSMR,RG,3360,4,D,XC,DX,D
14:49:12,JSMR,RG,3360,1,D,YP,DX,D
14:49:12,JSMR,RG,3360,3,D,PD,DX,D
14:49:12,JSMR,RG,3360,56,D,YP,DX,D
14:49:12,JSMR,RG,3370,2,D,BB,AT,D
14:49:12,JSMR,RG,3370,1,F,KZ,AT,D
14:49:11,JSMR,RG,3370,5,D,XC,AT,D
14:49:06,JSMR,RG,3370,1,D,BB,AT,D
14:49:02,JSMR,RG,3370,1,F,KZ,AT,D
14:49:01,JSMR,RG,3370,10,D,ZP,AT,D
14:49:00,JSMR,RG,3360,1,D,YP,AK,F
14:48:58,JSMR,RG,3370,1,F,KZ,AT,D
14:48:57,JSMR,RG,3370,2,D,BB,AT,D
14:48:57,JSMR,RG,3370,5,D,YP,AT,D
14:48:49,JSMR,RG,3370,1,F,KZ,AT,D
14:48:48,JSMR,RG,3370,10,D,ZP,AT,D
14:48:48,JSMR,RG,3370,1,D,XC,AT,D
14:48:30,JSMR,RG,3370,1,D,BB,AT,D
14:48:24,JSMR,RG,3370,1,D,YP,AT,D
14:48:23,JSMR,RG,3370,1,F,KZ,AT,D
14:48:21,JSMR,RG,3370,1,D,YP,AT,D
14:48:21,JSMR,RG,3370,1,F,KZ,AT,D
14:48:20,JSMR,RG,3370,1,D,BB,AT,D
14:48:20,JSMR,RG,3370,10,D,GR,AT,D
14:48:20,JSMR,RG,3370,2,D,XC,AT,D
14:48:15,JSMR,RG,3380,2,F,KZ,CC,D
14:48:13,JSMR,RG,3370,3,F,KZ,AK,F
14:48:11,JSMR,RG,3370,18,D,YP,AK,F
14:48:11,JSMR,RG,3370,18,D,YP,AK,F
14:48:11,JSMR,RG,3370,14,D,YP,AK,F
14:48:11,JSMR,RG,3370,1,F,KZ,AK,F
14:48:10,JSMR,RG,3370,2,D,CC,AK,F
14:48:10,JSMR,RG,3370,8,D,CC,PD,D
14:48:09,JSMR,RG,3370,1,F,KZ,PD,D
14:48:08,JSMR,RG,3370,3,D,YP,PD,D
14:48:07,JSMR,RG,3370,2,D,YP,PD,D
14:48:07,JSMR,RG,3370,8,F,KZ,PD,D
14:48:05,JSMR,RG,3370,10,F,KZ,PD,D
14:48:05,JSMR,RG,3370,9,F,KZ,PD,D
14:48:05,JSMR,RG,3370,1,F,KZ,PD,D
14:48:05,JSMR,RG,3370,3,F,KZ,PD,D
14:48:05,JSMR,RG,3370,4,F,KZ,PD,D
14:48:05,JSMR,RG,3370,1,F,KZ,PD,D
14:48:04,JSMR,RG,3360,3,D,YP,YP,D
14:48:04,JSMR,RG,3360,74,D,YP,KZ,D
14:48:03,JSMR,RG,3370,56,F,KZ,KZ,D
14:48:02,JSMR,RG,3370,1,D,BB,KZ,D
14:48:01,JSMR,RG,3370,166,D,LG,KZ,D
14:48:01,JSMR,RG,3370,30,D,LG,YP,D
14:48:01,JSMR,RG,3370,5,D,LG,XC,D
14:48:01,JSMR,RG,3370,6,D,LG,NI,D
14:48:01,JSMR,RG,3370,14,D,LG,AK,F
14:48:01,JSMR,RG,3370,18,D,LG,AK,F
14:48:01,JSMR,RG,3370,1,D,LG,AK,F
14:48:01,JSMR,RG,3370,1,D,LG,AK,F
14:48:01,JSMR,RG,3370,28,D,LG,CC,F
14:48:01,JSMR,RG,3370,6,D,LG,EP,D
14:48:01,JSMR,RG,3370,225,D,LG,KZ,D
14:48:00,JSMR,RG,3360,1,D,YP,AK,F
14:47:58,JSMR,RG,3370,2,D,GR,KZ,D
14:47:54,JSMR,RG,3370,5,D,YP,KZ,D
14:47:48,JSMR,RG,3370,2,D,BB,KZ,D
14:47:45,JSMR,RG,3360,1,D,YP,AK,F
14:47:44,JSMR,RG,3370,1,D,XC,KZ,D
14:47:43,JSMR,RG,3360,28,D,YP,AK,F
14:47:42,JSMR,RG,3370,10,D,PD,KZ,D
14:47:34,JSMR,RG,3360,10,D,YP,CC,D
14:47:30,JSMR,RG,3360,9,D,YP,AK,F
14:47:14,JSMR,RG,3370,10,D,DH,KZ,D
14:47:04,JSMR,RG,3370,7,D,XC,KZ,D
14:47:02,JSMR,RG,3360,53,D,YP,PD,D
14:47:02,JSMR,RG,3360,2,D,GR,PD,D
14:47:02,JSMR,RG,3360,4,D,KK,PD,D
14:47:02,JSMR,RG,3360,6,D,KK,PD,D
14:47:02,JSMR,RG,3360,1,D,PD,PD,D
14:47:02,JSMR,RG,3360,8,D,KK,PD,D
14:47:01,JSMR,RG,3360,2,D,KK,EP,D
14:46:55,JSMR,RG,3370,14,D,YP,KZ,D
14:46:54,JSMR,RG,3370,3,D,BB,KZ,D
14:46:54,JSMR,RG,3370,8,F,KZ,KZ,D
14:46:53,JSMR,RG,3370,1,D,YP,YP,D
14:46:53,JSMR,RG,3370,1,D,YU,YP,D
14:46:53,JSMR,RG,3370,1,D,XC,YP,D
14:46:53,JSMR,RG,3370,1,D,XC,YP,D
14:46:53,JSMR,RG,3370,100,D,GR,YP,D
14:46:53,JSMR,RG,3370,10,D,YP,YP,D
14:46:53,JSMR,RG,3370,1,D,YP,YP,D
14:46:53,JSMR,RG,3370,1,D,BB,YP,D
14:46:53,JSMR,RG,3370,1,D,OD,YP,D
14:46:53,JSMR,RG,3370,4,D,XC,YP,D
14:46:53,JSMR,RG,3370,1,D,SQ,YP,D
14:46:53,JSMR,RG,3370,1,F,KZ,YP,D
14:46:53,JSMR,RG,3370,4,F,KZ,YP,D
14:46:53,JSMR,RG,3370,3,D,CC,YP,D
14:46:53,JSMR,RG,3370,11,F,KZ,YP,D
14:46:53,JSMR,RG,3370,100,D,KK,YP,D
14:46:53,JSMR,RG,3370,5,D,PD,YP,D
14:46:53,JSMR,RG,3370,3,D,NI,YP,D
14:46:53,JSMR,RG,3370,26,F,KZ,YP,D
14:46:53,JSMR,RG,3370,225,D,IF,YP,D
14:46:49,JSMR,RG,3370,25,D,IF,KZ,D
14:46:49,JSMR,RG,3370,5,D,NI,KZ,D
14:46:49,JSMR,RG,3370,10,D,YP,KZ,D
14:46:49,JSMR,RG,3370,5,D,PD,KZ,D
14:46:49,JSMR,RG,3370,5,D,YP,KZ,D
14:46:49,JSMR,RG,3370,1,D,XC,KZ,D
14:46:49,JSMR,RG,3370,6,F,KZ,KZ,D
14:46:49,JSMR,RG,3370,7,D,YP,KZ,D
14:46:49,JSMR,RG,3370,43,D,YP,KZ,D
14:46:49,JSMR,RG,3370,1,D,PD,KZ,D
14:46:49,JSMR,RG,3370,2,F,KZ,KZ,D
14:46:49,JSMR,RG,3370,15,D,CC,KZ,D
14:46:49,JSMR,RG,3370,10,D,NI,KZ,D
14:46:49,JSMR,RG,3370,1,D,YP,KZ,D
14:46:49,JSMR,RG,3370,10,D,CC,KZ,D
14:46:49,JSMR,RG,3370,3,D,SQ,KZ,D
14:46:49,JSMR,RG,3370,1,D,YP,KZ,D
14:46:49,JSMR,RG,3370,1,D,YP,KZ,D
14:46:49,JSMR,RG,3370,2,D,SQ,KZ,D
14:46:49,JSMR,RG,3370,2,D,PD,KZ,D
14:46:49,JSMR,RG,3370,2,F,KZ,KZ,D
14:46:49,JSMR,RG,3370,3,D,YU,KZ,D
14:46:49,JSMR,RG,3370,20,D,NI,KZ,D
14:46:49,JSMR,RG,3370,2,D,NI,KZ,D
14:46:49,JSMR,RG,3370,1,D,YP,KZ,D
14:46:49,JSMR,RG,3370,10,D,SQ,KZ,D
14:46:49,JSMR,RG,3370,1,F,KZ,KZ,D
14:46:49,JSMR,RG,3370,30,D,AZ,KZ,D
14:46:49,JSMR,RG,3370,1,D,PD,KZ,D
14:46:49,JSMR,RG,3370,1,D,PD,KZ,D
14:46:49,JSMR,RG,3370,10,D,YP,KZ,D
14:46:49,JSMR,RG,3370,1,F,KZ,KZ,D
14:46:49,JSMR,RG,3370,5,D,KK,KZ,D
14:46:49,JSMR,RG,3370,1,F,KZ,KZ,D
14:46:49,JSMR,RG,3370,50,D,YP,KZ,D
14:46:49,JSMR,RG,3370,10,D,YP,KZ,D
14:46:48,JSMR,RG,3370,20,D,YP,YU,D
14:46:48,JSMR,RG,3370,1,D,OD,YU,D
14:46:48,JSMR,RG,3370,1,D,PD,YU,D
14:46:48,JSMR,RG,3370,30,D,DU,YU,D
14:46:48,JSMR,RG,3370,28,D,AI,YU,D
14:46:46,JSMR,RG,3370,2,D,AI,LG,D
14:46:46,JSMR,RG,3370,1,D,LG,LG,D
14:46:46,JSMR,RG,3370,1,D,XC,LG,D
14:46:46,JSMR,RG,3370,1,D,XC,LG,D
14:46:46,JSMR,RG,3370,1,D,NI,LG,D
14:46:46,JSMR,RG,3370,5,D,PD,LG,D
14:46:46,JSMR,RG,3370,1,D,PD,LG,D
14:46:46,JSMR,RG,3370,3,D,EP,LG,D
14:46:46,JSMR,RG,3370,1,D,PD,LG,D
14:46:46,JSMR,RG,3370,1,D,NI,LG,D
14:46:46,JSMR,RG,3370,1,D,PD,LG,D
14:46:46,JSMR,RG,3370,30,D,YP,LG,D
14:46:46,JSMR,RG,3370,1,D,XC,LG,D
14:46:46,JSMR,RG,3370,1,D,PD,LG,D
14:46:46,JSMR,RG,3370,15,D,YP,LG,D
14:46:46,JSMR,RG,3370,35,F,KZ,LG,D
14:46:44,JSMR,RG,3380,3,D,BB,CC,D
14:46:35,JSMR,RG,3380,1,D,BB,CC,D
14:46:28,JSMR,RG,3370,2,F,KZ,YU,D
14:46:24,JSMR,RG,3380,6,F,KZ,CC,D
14:46:16,JSMR,RG,3370,3,F,KZ,YU,D
14:46:08,JSMR,RG,3380,1,D,PD,CC,D
14:46:04,JSMR,RG,3370,40,F,KZ,KZ,D
14:46:04,JSMR,RG,3370,1,D,XC,KZ,D
14:46:04,JSMR,RG,3370,15,D,YP,KZ,D
14:46:04,JSMR,RG,3370,1,D,XC,KZ,D
14:46:04,JSMR,RG,3370,8,D,GR,KZ,D
14:46:03,JSMR,RG,3370,2,D,YB,YU,D
14:45:59,JSMR,RG,3380,65,F,KZ,CC,D
14:45:49,JSMR,RG,3380,1,D,YU,CC,D
14:45:49,JSMR,RG,3380,3,D,BB,CC,D
14:45:47,JSMR,RG,3370,4,D,YB,YU,D
14:45:27,JSMR,RG,3370,2,D,YB,YU,D
14:45:27,JSMR,RG,3370,7,D,YB,OD,D
14:45:27,JSMR,RG,3370,5,D,YP,OD,D
14:45:27,JSMR,RG,3370,3,D,BB,OD,D
14:45:27,JSMR,RG,3370,3,F,KZ,OD,D
14:45:27,JSMR,RG,3370,1,D,YP,OD,D
14:45:27,JSMR,RG,3370,1,F,KZ,OD,D
14:45:27,JSMR,RG,3370,10,D,XC,OD,D
14:45:27,JSMR,RG,3370,3,D,YP,OD,D
14:45:27,JSMR,RG,3370,1,D,KK,OD,D
14:45:27,JSMR,RG,3370,100,D,HD,OD,D
14:45:27,JSMR,RG,3370,7,D,XC,OD,D
14:45:27,JSMR,RG,3370,15,D,CC,OD,D
14:45:27,JSMR,RG,3370,2,D,NI,OD,D
14:45:27,JSMR,RG,3370,2,D,NI,OD,D
14:45:27,JSMR,RG,3370,150,D,CC,OD,D
14:45:27,JSMR,RG,3370,25,D,XC,OD,D
14:45:27,JSMR,RG,3370,1,D,YP,OD,D
14:45:27,JSMR,RG,3370,10,D,YP,OD,D
14:45:27,JSMR,RG,3370,54,D,YP,OD,D
14:45:18,JSMR,RG,3370,2,D,YP,YU,D
14:45:09,JSMR,RG,3380,1,D,OD,CC,D
14:45:09,JSMR,RG,3380,15,F,KZ,CC,D
14:45:08,JSMR,RG,3370,50,D,YP,LG,D
14:45:06,JSMR,RG,3370,2,D,YP,YU,D
14:45:06,JSMR,RG,3380,10,D,YP,CC,D
14:44:54,JSMR,RG,3380,3,F,KZ,CC,D
14:44:52,JSMR,RG,3380,4,D,BB,CC,D
14:44:45,JSMR,RG,3370,2,D,YP,YU,D
14:44:42,JSMR,RG,3380,3,D,BB,CC,D
14:44:40,JSMR,RG,3370,94,D,YP,AK,F
14:44:39,JSMR,RG,3380,5,F,KZ,CC,D
14:44:36,JSMR,RG,3370,50,D,YP,OD,D
14:44:36,JSMR,RG,3370,17,D,YP,OD,D
14:44:36,JSMR,RG,3370,5,D,CC,OD,D
14:44:36,JSMR,RG,3370,3,D,HP,OD,D
14:44:36,JSMR,RG,3370,4,D,XL,OD,D
14:44:36,JSMR,RG,3370,21,D,XC,OD,D
14:44:32,JSMR,RG,3380,35,D,DR,CC,D
14:44:23,JSMR,RG,3380,1,D,XC,CC,D
14:44:19,JSMR,RG,3380,2,D,XC,CC,D
14:44:19,JSMR,RG,3370,1,D,XC,KZ,D
14:44:19,JSMR,RG,3370,4,D,NI,KZ,D
14:44:19,JSMR,RG,3370,3,D,PD,KZ,D
14:44:19,JSMR,RG,3370,50,D,SQ,KZ,D
14:44:19,JSMR,RG,3370,20,D,YP,KZ,D
14:44:19,JSMR,RG,3370,2,D,PD,KZ,D
14:44:19,JSMR,RG,3370,2,D,YP,KZ,D
14:44:19,JSMR,RG,3370,2,D,YP,KZ,D
14:44:19,JSMR,RG,3370,141,F,KZ,KZ,D
14:44:19,JSMR,RG,3370,1,D,CC,KZ,D
14:44:19,JSMR,RG,3370,10,D,PD,KZ,D
14:44:19,JSMR,RG,3370,10,D,XC,KZ,D
14:44:19,JSMR,RG,3370,10,D,XC,KZ,D
14:44:19,JSMR,RG,3370,5,D,NI,KZ,D
14:44:19,JSMR,RG,3370,50,D,YP,KZ,D
14:44:19,JSMR,RG,3370,5,D,SQ,KZ,D
14:44:19,JSMR,RG,3370,1,D,YP,KZ,D
14:44:19,JSMR,RG,3370,10,D,YP,KZ,D
14:44:19,JSMR,RG,3370,4,D,YP,KZ,D
14:44:19,JSMR,RG,3370,4,D,YP,KZ,D
14:44:19,JSMR,RG,3370,20,D,YP,KZ,D
14:44:19,JSMR,RG,3370,1,D,CC,KZ,D
14:44:19,JSMR,RG,3370,2,D,CC,KZ,D
14:44:19,JSMR,RG,3370,1,D,CC,KZ,D
14:44:19,JSMR,RG,3370,1,D,OD,KZ,D
14:44:19,JSMR,RG,3370,3,D,XC,KZ,D
14:44:19,JSMR,RG,3370,10,D,GR,KZ,D
14:44:19,JSMR,RG,3370,1,D,RO,KZ,D
14:44:19,JSMR,RG,3370,2,D,YP,KZ,D
14:44:19,JSMR,RG,3370,29,D,CC,KZ,D
14:44:19,JSMR,RG,3370,1,D,YP,KZ,D
14:44:19,JSMR,RG,3370,4,D,CC,KZ,D
14:44:18,JSMR,RG,3370,2,D,CC,YU,D
14:44:09,JSMR,RG,3380,2,F,KZ,CC,D
14:44:01,JSMR,RG,3370,3,D,CC,YU,D
14:43:59,JSMR,RG,3370,1,D,CC,CC,D
14:43:59,JSMR,RG,3370,1,D,KK,CC,D
14:43:59,JSMR,RG,3370,1,D,RO,CC,D
14:43:59,JSMR,RG,3370,1,D,NI,CC,D
14:43:59,JSMR,RG,3370,3,D,YP,CC,D
14:43:59,JSMR,RG,3370,2,D,YP,CC,D
14:43:46,JSMR,RG,3370,2,D,YP,YU,D
14:43:46,JSMR,RG,3370,5,D,YP,YU,D
14:43:34,JSMR,RG,3380,5,D,BB,CC,D
14:43:32,JSMR,RG,3370,5,D,YP,YU,D
14:43:30,JSMR,RG,3370,2,D,YP,YU,D
14:43:30,JSMR,RG,3370,5,D,YP,AK,F
14:43:26,JSMR,RG,3380,2,D,BB,CC,D
14:43:16,JSMR,RG,3370,2,D,YP,YU,D
14:43:16,JSMR,RG,3380,1,D,PD,CC,D
14:43:16,JSMR,RG,3370,2,D,YP,YU,D
14:43:00,JSMR,RG,3370,2,D,YP,YU,D
14:42:59,JSMR,RG,3380,2,F,KZ,CC,D
14:42:54,JSMR,RG,3370,8,D,YP,YP,D
14:42:46,JSMR,RG,3370,2,D,YP,YU,D
14:42:46,JSMR,RG,3370,3,D,YP,YU,D
14:42:26,JSMR,RG,3370,2,D,YP,YU,D
14:42:15,JSMR,RG,3370,1,D,YP,AK,F
14:42:13,JSMR,RG,3370,2,D,YP,YU,D
14:42:09,JSMR,RG,3370,2,D,YP,YU,D
14:42:04,JSMR,RG,3380,2,F,KZ,CC,D
14:41:56,JSMR,RG,3380,7,D,BB,CC,D
14:41:55,JSMR,RG,3370,3,D,YP,YU,D
14:41:43,JSMR,RG,3370,2,D,YP,YU,D
14:41:31,JSMR,RG,3370,3,D,YP,YU,D
14:41:21,JSMR,RG,3380,2,D,XC,CC,D
14:41:20,JSMR,RG,3380,10,D,BQ,CC,D
14:41:12,JSMR,RG,3370,2,D,YP,YU,D
14:41:11,JSMR,RG,3370,2,D,YP,YU,D
14:41:00,JSMR,RG,3370,1,D,YP,AK,F
14:40:59,JSMR,RG,3380,7,F,KZ,CC,D
14:40:54,JSMR,RG,3380,1,F,KZ,CC,D
14:40:53,JSMR,RG,3370,4,D,YP,YU,D
14:40:48,JSMR,RG,3370,2,D,YP,YU,D
14:40:25,JSMR,RG,3370,5,D,YP,YU,D
14:40:14,JSMR,RG,3380,1,D,YP,CC,D
14:40:14,JSMR,RG,3370,3,D,YP,YU,D
14:40:13,JSMR,RG,3380,50,D,AI,CC,D
14:40:03,JSMR,RG,3380,1,D,CC,CC,D
14:39:55,JSMR,RG,3370,6,D,YP,YU,D
14:39:53,JSMR,RG,3380,10,D,CC,CC,D
14:39:49,JSMR,RG,3370,20,D,YP,CC,D
14:39:36,JSMR,RG,3380,1,D,PD,CC,D
14:39:32,JSMR,RG,3370,4,D,YP,YU,D
14:39:31,JSMR,RG,3370,5,D,YP,YU,D
14:39:14,JSMR,RG,3370,51,D,YP,PD,D
14:39:13,JSMR,RG,3370,75,D,YP,DR,D
14:39:07,JSMR,RG,3380,17,D,BB,CC,D
14:39:05,JSMR,RG,3370,5,D,YP,YU,D
14:38:52,JSMR,RG,3370,150,D,YP,OD,D
14:38:52,JSMR,RG,3370,50,D,YP,OD,D
14:38:48,JSMR,RG,3370,100,D,YP,CC,D
14:38:35,JSMR,RG,3370,6,D,YP,YU,D
14:38:23,JSMR,RG,3370,6,D,YP,YU,D
14:38:13,JSMR,RG,3370,104,D,YP,AK,F
14:38:12,JSMR,RG,3370,3,D,YP,XC,D
14:37:55,JSMR,RG,3370,146,D,YP,LS,D
14:37:54,JSMR,RG,3380,10,D,YP,CC,D
14:37:48,JSMR,RG,3370,6,D,YP,YU,D
14:37:41,JSMR,RG,3370,22,D,YP,XL,D
14:37:22,JSMR,RG,3370,5,D,YP,YU,D
14:37:00,JSMR,RG,3370,6,D,YP,YU,D
14:37:00,JSMR,RG,3380,2,D,XC,CC,D
14:36:59,JSMR,RG,3380,1,D,PD,CC,D
14:36:58,JSMR,RG,3380,20,D,PD,CC,D
14:36:55,JSMR,RG,3370,5,D,YP,XC,D
14:36:51,JSMR,RG,3370,5,D,YP,XC,D
14:36:40,JSMR,RG,3370,5,D,YP,XC,D
14:36:15,JSMR,RG,3370,6,D,YP,YU,D
14:36:15,JSMR,RG,3370,40,D,YP,CC,D
14:36:15,JSMR,RG,3370,95,D,YP,YP,D
14:36:15,JSMR,RG,3370,1,D,KK,YP,D
14:36:15,JSMR,RG,3370,80,D,YP,YP,D
14:36:15,JSMR,RG,3370,3,D,CC,YP,D
14:36:15,JSMR,RG,3370,1,D,YP,YP,D
14:36:15,JSMR,RG,3370,1,D,YP,YP,D
14:36:15,JSMR,RG,3370,249,D,PD,YP,D
14:36:15,JSMR,RG,3370,51,D,PD,LS,D
14:36:15,JSMR,RG,3370,1,D,CC,LS,D
14:36:15,JSMR,RG,3370,1,D,PD,LS,D
14:36:15,JSMR,RG,3370,2,D,DH,LS,D
14:36:15,JSMR,RG,3370,3,D,PD,LS,D
14:36:15,JSMR,RG,3370,3,D,LG,LS,D
14:36:15,JSMR,RG,3370,15,D,SQ,LS,D
14:36:15,JSMR,RG,3370,30,D,YU,LS,D
14:36:15,JSMR,RG,3370,94,D,ZR,LS,D
14:36:14,JSMR,RG,3370,6,D,ZR,YU,D
14:35:55,JSMR,RG,3380,30,D,TP,CC,D
14:35:51,JSMR,RG,3380,1,D,DR,CC,D
14:35:50,JSMR,RG,3380,2,D,PD,CC,D
14:35:50,JSMR,RG,3380,2,D,YP,CC,D
14:35:50,JSMR,RG,3380,1,D,PD,CC,D
14:35:50,JSMR,RG,3380,1,D,AI,CC,D
14:35:50,JSMR,RG,3380,2,D,EP,CC,D
14:35:50,JSMR,RG,3380,1,F,KZ,CC,D
14:35:50,JSMR,RG,3380,2,F,KZ,CC,D
14:35:50,JSMR,RG,3380,10,D,PC,CC,D
14:35:50,JSMR,RG,3380,1,D,XC,CC,D
14:35:50,JSMR,RG,3380,14,F,KZ,CC,D
14:35:39,JSMR,RG,3380,36,F,KZ,SQ,D
14:35:39,JSMR,RG,3380,9,D,BB,SQ,D
14:35:34,JSMR,RG,3390,2,D,XL,AK,F
14:35:29,JSMR,RG,3380,2,D,BB,XC,D
14:35:27,JSMR,RG,3390,14,D,YJ,AK,F
14:35:27,JSMR,RG,3390,1,D,YJ,AK,F
14:35:27,JSMR,RG,3390,3,D,YJ,YU,D
14:35:27,JSMR,RG,3390,2,D,YJ,YU,D
14:35:18,JSMR,RG,3380,3,D,BB,YU,D
14:35:18,JSMR,RG,3380,2,F,KZ,YU,D
14:35:11,JSMR,RG,3390,1,D,YU,YU,D
14:34:59,JSMR,RG,3380,47,F,KZ,KZ,D
14:34:59,JSMR,RG,3380,1,D,KK,KZ,D
14:34:59,JSMR,RG,3380,1,D,PD,KZ,D
14:34:59,JSMR,RG,3380,1,D,KK,KZ,D
14:34:59,JSMR,RG,3380,20,D,XC,KZ,D
14:34:59,JSMR,RG,3380,1,D,AO,KZ,D
14:34:59,JSMR,RG,3380,1,D,NI,KZ,D
14:34:59,JSMR,RG,3380,1,D,PD,KZ,D
14:34:59,JSMR,RG,3380,1,D,NI,KZ,D
14:34:59,JSMR,RG,3380,15,D,XC,KZ,D
14:34:59,JSMR,RG,3380,2,D,CC,KZ,D
14:34:59,JSMR,RG,3380,1,D,PD,KZ,D
14:34:59,JSMR,RG,3380,2,D,YU,KZ,D
14:34:59,JSMR,RG,3380,5,D,XC,KZ,D
14:34:59,JSMR,RG,3380,2,D,DR,KZ,D
14:34:59,JSMR,RG,3380,10,D,CC,KZ,D
14:34:59,JSMR,RG,3380,10,D,DR,KZ,D
14:34:59,JSMR,RG,3380,107,D,CC,KZ,D
14:34:56,JSMR,RG,3380,193,D,CC,CC,D
14:34:56,JSMR,RG,3380,3,D,SQ,CC,D
14:34:56,JSMR,RG,3380,5,D,XC,CC,D
14:34:56,JSMR,RG,3380,17,D,LG,CC,D
14:34:56,JSMR,RG,3380,3,D,YP,CC,D
14:34:56,JSMR,RG,3380,7,D,XC,CC,D
14:34:56,JSMR,RG,3380,1,D,PD,CC,D
14:34:56,JSMR,RG,3380,1,D,PD,CC,D
14:34:56,JSMR,RG,3380,1,F,KZ,CC,D
14:34:56,JSMR,RG,3380,12,D,BB,CC,D
14:34:56,JSMR,RG,3380,10,F,YP,CC,D
14:34:56,JSMR,RG,3380,5,D,CP,CC,D
14:34:56,JSMR,RG,3380,1,D,KK,CC,D
14:34:56,JSMR,RG,3380,50,D,CC,CC,D
14:34:56,JSMR,RG,3380,2,D,PD,CC,D
14:34:56,JSMR,RG,3380,5,D,PD,CC,D
14:34:56,JSMR,RG,3380,3,D,HP,CC,D
14:34:56,JSMR,RG,3380,2,D,XC,CC,D
14:34:56,JSMR,RG,3380,10,D,SQ,CC,D
14:34:56,JSMR,RG,3380,250,D,IF,CC,D
14:34:56,JSMR,RG,3380,3,D,SQ,CC,D
14:34:56,JSMR,RG,3380,5,D,YP,CC,D
14:34:56,JSMR,RG,3380,1,D,PD,CC,D
14:34:56,JSMR,RG,3380,250,D,GR,CC,D
14:34:56,JSMR,RG,3380,20,D,SQ,CC,D
14:34:56,JSMR,RG,3380,2,D,XC,CC,D
14:34:56,JSMR,RG,3380,500,D,YU,CC,D
14:34:56,JSMR,RG,3380,2,F,KZ,CC,D
14:34:56,JSMR,RG,3380,20,D,XC,CC,D
14:34:56,JSMR,RG,3380,2,F,KZ,CC,D
14:34:56,JSMR,RG,3380,20,D,TP,CC,D
14:34:56,JSMR,RG,3380,1,F,KZ,CC,D
14:34:56,JSMR,RG,3380,3,D,PD,CC,D
14:34:56,JSMR,RG,3380,2,F,KZ,CC,D
14:34:56,JSMR,RG,3380,1,F,KZ,CC,D
14:34:56,JSMR,RG,3380,1,F,KZ,CC,D
14:34:56,JSMR,RG,3380,2,D,YP,CC,D
14:34:56,JSMR,RG,3380,1,F,KZ,CC,D
14:34:56,JSMR,RG,3380,1,F,KZ,CC,D
14:34:56,JSMR,RG,3380,2,F,KZ,CC,D
14:34:56,JSMR,RG,3380,30,D,PD,CC,D
14:34:56,JSMR,RG,3380,1,D,PD,CC,D
14:34:56,JSMR,RG,3380,49,F,KZ,CC,D
14:34:54,JSMR,RG,3390,2,F,KZ,YU,D
14:34:50,JSMR,RG,3390,1,D,EP,YU,D
14:34:50,JSMR,RG,3390,4,D,EP,CC,D
14:34:50,JSMR,RG,3390,3,D,EP,CC,D
14:34:50,JSMR,RG,3390,92,D,EP,KZ,D
14:34:49,JSMR,RG,3390,1,D,KK,KZ,D
14:34:39,JSMR,RG,3390,1,F,KZ,KZ,D
14:34:34,JSMR,RG,3380,6,F,KZ,YU,D
14:34:15,JSMR,RG,3390,1,D,PD,KZ,D
14:34:13,JSMR,RG,3380,6,F,KZ,YU,D
14:34:12,JSMR,RG,3390,1,D,IF,KZ,D
14:33:45,JSMR,RG,3390,10,D,CC,KZ,D
14:33:45,JSMR,RG,3380,6,F,KZ,YU,D
14:33:45,JSMR,RG,3380,18,F,KZ,AK,F
14:33:45,JSMR,RG,3380,1,D,YP,AK,F
14:33:45,JSMR,RG,3380,5,D,YP,AK,F
14:33:45,JSMR,RG,3380,1,D,YP,AK,F
14:33:45,JSMR,RG,3380,1,D,PD,AK,F
14:33:45,JSMR,RG,3380,2,D,YP,AK,F
14:33:45,JSMR,RG,3380,2,D,PD,AK,F
14:33:45,JSMR,RG,3380,1,D,PD,AK,F
14:33:45,JSMR,RG,3380,2,D,AG,AK,F
14:33:44,JSMR,RG,3390,2,F,KZ,KZ,D
14:33:14,JSMR,RG,3390,1,F,KZ,KZ,D
14:33:14,JSMR,RG,3390,2,F,KZ,KZ,D
14:33:14,JSMR,RG,3390,15,F,KZ,KZ,D
14:33:14,JSMR,RG,3390,41,F,KZ,KZ,D
14:33:09,JSMR,RG,3380,6,D,AG,YU,D
14:33:08,JSMR,RG,3390,5,D,YP,KZ,D
14:32:50,JSMR,RG,3380,2,D,AG,BQ,D
14:32:50,JSMR,RG,3380,5,D,AG,BQ,D
14:32:50,JSMR,RG,3380,1,D,YU,BQ,D
14:32:50,JSMR,RG,3380,20,D,AI,BQ,D
14:32:50,JSMR,RG,3380,1,D,XC,BQ,D
14:32:50,JSMR,RG,3380,1,D,XC,BQ,D
14:32:50,JSMR,RG,3380,4,D,LG,BQ,D
14:32:50,JSMR,RG,3380,1,D,CC,BQ,D
14:32:50,JSMR,RG,3380,1,D,CC,BQ,D
14:32:50,JSMR,RG,3380,2,D,YP,BQ,D
14:32:50,JSMR,RG,3380,1,D,CC,BQ,D
14:32:50,JSMR,RG,3380,16,D,DR,BQ,D
14:32:50,JSMR,RG,3380,1,D,CC,BQ,D
14:32:50,JSMR,RG,3380,1,D,KK,BQ,D
14:32:50,JSMR,RG,3380,3,D,YP,BQ,D
14:32:50,JSMR,RG,3380,15,D,CC,BQ,D
14:32:49,JSMR,RG,3380,15,D,CC,XA,D
14:32:36,JSMR,RG,3380,6,D,CC,YU,D
14:32:19,JSMR,RG,3380,6,D,CC,YU,D
14:32:19,JSMR,RG,3380,58,D,CC,KZ,D
14:32:19,JSMR,RG,3380,5,D,CP,KZ,D
14:32:19,JSMR,RG,3380,3,D,NI,KZ,D
14:32:19,JSMR,RG,3380,10,D,YP,KZ,D
14:32:19,JSMR,RG,3380,5,D,PD,KZ,D
14:32:19,JSMR,RG,3380,2,D,PD,KZ,D
14:32:19,JSMR,RG,3380,10,D,DR,KZ,D
14:32:19,JSMR,RG,3380,20,D,LG,KZ,D
14:32:19,JSMR,RG,3380,25,D,CC,KZ,D
14:32:19,JSMR,RG,3380,7,D,NI,KZ,D
14:32:19,JSMR,RG,3380,2,D,YP,KZ,D
14:32:19,JSMR,RG,3380,5,D,YP,KZ,D
14:32:19,JSMR,RG,3380,2,D,YP,KZ,D
14:32:19,JSMR,RG,3380,3,D,NI,KZ,D
14:32:19,JSMR,RG,3380,2,D,PD,KZ,D
14:32:19,JSMR,RG,3380,51,D,HP,KZ,D
14:31:39,JSMR,RG,3380,9,D,HP,CC,D
14:31:33,JSMR,RG,3380,6,D,HP,YU,D
14:31:12,JSMR,RG,3380,33,D,HP,AK,F
14:31:12,JSMR,RG,3380,6,D,HP,YU,D
14:31:11,JSMR,RG,3390,5,D,CC,KZ,D
14:30:52,JSMR,RG,3380,6,D,HP,YU,D
14:30:51,JSMR,RG,3380,10,D,HP,GR,D
14:30:38,JSMR,RG,3380,27,D,HP,CC,D
14:30:25,JSMR,RG,3380,30,D,HP,KK,D
14:30:14,JSMR,RG,3380,1,D,HP,YU,D
14:30:14,JSMR,RG,3380,3,D,EP,YU,D
14:30:14,JSMR,RG,3380,1,D,PD,YU,D
14:30:14,JSMR,RG,3380,1,D,PD,YU,D
14:30:00,JSMR,RG,3380,2,D,YP,AK,F
14:29:48,JSMR,RG,3380,13,D,YP,XC,D
14:29:48,JSMR,RG,3380,5,D,YP,XC,D
14:29:48,JSMR,RG,3380,10,D,CC,XC,D
14:29:48,JSMR,RG,3380,2,D,PD,XC,D
14:29:45,JSMR,RG,3380,8,D,PD,AK,F
14:29:45,JSMR,RG,3380,5,D,LS,AK,F
14:29:45,JSMR,RG,3380,5,D,PD,AK,F
14:29:35,JSMR,RG,3390,2,D,EP,KZ,D
14:29:31,JSMR,RG,3380,5,D,PD,YU,D
14:29:31,JSMR,RG,3380,1,D,PD,YU,D
14:29:14,JSMR,RG,3380,2,D,PD,YU,D
14:29:14,JSMR,RG,3380,3,D,PD,YU,D
14:29:14,JSMR,RG,3380,1,D,KK,YU,D
14:28:39,JSMR,RG,3390,2,D,CC,KZ,D
14:28:23,JSMR,RG,3380,1,D,KK,YU,D
14:28:23,JSMR,RG,3380,1,D,DR,YU,D
14:28:23,JSMR,RG,3380,4,D,EP,YU,D
14:28:15,JSMR,RG,3380,1,D,AI,AK,F
14:28:09,JSMR,RG,3390,10,D,YP,KZ,D
14:28:09,JSMR,RG,3390,1,D,PD,KZ,D
14:28:09,JSMR,RG,3390,1,D,PD,KZ,D
14:28:09,JSMR,RG,3390,1,D,PD,KZ,D
14:28:09,JSMR,RG,3390,1,D,PD,KZ,D
14:28:09,JSMR,RG,3390,10,D,XL,KZ,D
14:28:09,JSMR,RG,3390,20,D,CC,KZ,D
14:28:09,JSMR,RG,3390,1,D,AZ,KZ,D
14:28:09,JSMR,RG,3390,2,D,PD,KZ,D
14:28:09,JSMR,RG,3390,10,D,GR,KZ,D
14:28:09,JSMR,RG,3390,1,D,XC,KZ,D
14:28:09,JSMR,RG,3390,10,D,ZP,KZ,D
14:28:09,JSMR,RG,3390,5,D,CC,KZ,D
14:28:09,JSMR,RG,3390,5,D,PD,KZ,D
14:28:09,JSMR,RG,3390,1,F,KZ,KZ,D
14:28:09,JSMR,RG,3390,3,D,HP,KZ,D
14:28:09,JSMR,RG,3390,2,F,KZ,KZ,D
14:28:09,JSMR,RG,3390,1,F,KZ,KZ,D
14:28:09,JSMR,RG,3390,10,D,TP,KZ,D
14:28:09,JSMR,RG,3390,1,F,KZ,KZ,D
14:28:09,JSMR,RG,3390,1,D,YP,KZ,D
14:28:09,JSMR,RG,3390,1,D,PD,KZ,D
14:28:06,JSMR,RG,3390,87,F,KZ,AK,F
14:28:06,JSMR,RG,3390,2,D,YP,AK,F
14:28:06,JSMR,RG,3390,1,D,YP,AK,F
14:28:06,JSMR,RG,3390,2,D,DH,AK,F
14:28:06,JSMR,RG,3390,1,D,DH,AK,F
14:28:06,JSMR,RG,3390,2,D,PD,AK,F
14:28:06,JSMR,RG,3390,5,D,YP,AK,F
14:28:06,JSMR,RG,3390,1,D,AI,AK,F
14:28:06,JSMR,RG,3390,1,D,PD,AK,F
14:28:06,JSMR,RG,3390,1,D,PD,AK,F
14:28:06,JSMR,RG,3390,5,D,PD,AK,F
14:28:06,JSMR,RG,3390,3,D,SQ,AK,F
14:28:06,JSMR,RG,3390,2,D,KK,AK,F
14:28:06,JSMR,RG,3390,2,D,CC,AK,F
14:28:06,JSMR,RG,3390,4,D,XC,AK,F
14:28:05,JSMR,RG,3390,1,D,XC,GR,D
14:28:05,JSMR,RG,3390,4,D,BB,GR,D
14:28:05,JSMR,RG,3390,106,D,BB,OD,D
14:28:05,JSMR,RG,3390,194,D,YP,OD,D
14:27:36,JSMR,RG,3390,27,D,YP,AK,F
14:27:34,JSMR,RG,3390,6,D,YP,YU,D
14:27:34,JSMR,RG,3390,6,D,YP,YU,D
14:26:43,JSMR,RG,3390,6,D,YP,YU,D
14:26:15,JSMR,RG,3390,1,D,YP,AK,F
14:25:50,JSMR,RG,3390,6,D,YP,YU,D
14:25:50,JSMR,RG,3390,7,D,YP,YU,D
14:25:50,JSMR,RG,3390,1,D,YP,YP,D
14:25:33,JSMR,RG,3390,7,D,YP,CC,D
14:24:51,JSMR,RG,3390,6,D,YP,YU,D
14:24:31,JSMR,RG,3390,2,D,YP,XC,D
14:24:30,JSMR,RG,3390,22,D,YP,AK,F
14:24:19,JSMR,RG,3390,107,D,YP,KZ,D
14:24:15,JSMR,RG,3390,1,D,YP,AK,F
14:23:59,JSMR,RG,3390,1,D,YP,HP,D
14:23:48,JSMR,RG,3390,14,D,BB,HP,D
14:23:48,JSMR,RG,3390,2,D,DH,HP,D
14:23:48,JSMR,RG,3390,100,D,IF,HP,D
14:23:47,JSMR,RG,3390,6,D,IF,YU,D
14:23:46,JSMR,RG,3390,10,D,IF,YP,D
14:23:44,JSMR,RG,3390,34,D,IF,KZ,D
14:23:44,JSMR,RG,3390,3,F,KZ,KZ,D
14:23:44,JSMR,RG,3390,3,D,XC,KZ,D
14:23:44,JSMR,RG,3390,70,F,YP,KZ,D
14:23:44,JSMR,RG,3390,25,D,AZ,KZ,D
14:23:44,JSMR,RG,3390,1,D,NI,KZ,D
14:23:44,JSMR,RG,3390,13,D,BQ,KZ,D
14:23:44,JSMR,RG,3390,10,D,CC,KZ,D
14:23:44,JSMR,RG,3390,1,D,XL,KZ,D
14:23:44,JSMR,RG,3390,5,D,PD,KZ,D
14:23:44,JSMR,RG,3390,1,D,KK,KZ,D
14:23:44,JSMR,RG,3390,1,D,KK,KZ,D
14:23:44,JSMR,RG,3390,1,D,XC,KZ,D
14:23:44,JSMR,RG,3390,5,D,GR,KZ,D
14:23:44,JSMR,RG,3390,5,D,NI,KZ,D
14:23:44,JSMR,RG,3390,2,D,NI,KZ,D
14:23:44,JSMR,RG,3390,2,F,KZ,KZ,D
14:23:44,JSMR,RG,3390,30,D,CC,KZ,D
14:23:41,JSMR,RG,3390,1,D,YP,KK,D
14:23:41,JSMR,RG,3390,1,F,KZ,KK,D
14:23:41,JSMR,RG,3390,15,D,PD,KK,D
14:23:41,JSMR,RG,3390,17,F,KZ,KK,D
14:23:41,JSMR,RG,3390,150,D,CC,KK,D
14:23:41,JSMR,RG,3390,1,D,XL,KK,D
14:23:41,JSMR,RG,3390,1,D,XC,KK,D
14:23:41,JSMR,RG,3390,11,F,KZ,KK,D
14:23:41,JSMR,RG,3390,1,D,YP,KK,D
14:23:41,JSMR,RG,3390,1,D,YP,KK,D
14:23:41,JSMR,RG,3390,1,D,CC,KK,D
14:23:41,JSMR,RG,3390,1,D,CC,HP,D
14:23:41,JSMR,RG,3390,2,D,CC,HP,D
14:23:41,JSMR,RG,3390,18,D,XC,HP,D
14:23:41,JSMR,RG,3390,2,D,YP,HP,D
14:23:41,JSMR,RG,3390,7,D,LS,HP,D
14:23:33,JSMR,RG,3390,3,D,LS,PD,D
14:23:33,JSMR,RG,3390,1,D,PD,PD,D
14:23:33,JSMR,RG,3390,5,D,DH,PD,D
14:23:33,JSMR,RG,3390,10,D,OD,PD,D
14:23:33,JSMR,RG,3390,1,D,SQ,PD,D
14:23:19,JSMR,RG,3400,1,F,KZ,KZ,D
14:23:01,JSMR,RG,3390,3,D,SQ,YU,D
14:23:01,JSMR,RG,3390,2,D,XC,YU,D
14:23:01,JSMR,RG,3390,1,D,AG,YU,D
14:23:00,JSMR,RG,3400,3,D,HP,KZ,D
14:22:37,JSMR,RG,3400,20,D,ZP,KZ,D
14:22:27,JSMR,RG,3400,1,D,YP,KZ,D
14:22:10,JSMR,RG,3390,4,D,AG,YU,D
14:22:10,JSMR,RG,3390,2,D,HP,YU,D
14:22:09,JSMR,RG,3400,11,F,KZ,KZ,D
14:21:57,JSMR,RG,3390,8,D,HP,PD,D
14:21:43,JSMR,RG,3390,1,F,KZ,HP,D
14:21:34,JSMR,RG,3390,4,F,KZ,YP,D
14:21:34,JSMR,RG,3390,5,D,YP,YP,D
14:21:34,JSMR,RG,3390,45,D,YP,NI,D
14:21:34,JSMR,RG,3390,1,F,KZ,NI,D
14:21:34,JSMR,RG,3390,10,D,XL,NI,D
14:21:34,JSMR,RG,3390,4,D,LG,NI,D
14:21:34,JSMR,RG,3390,2,D,YP,NI,D
14:21:34,JSMR,RG,3390,3,F,KZ,NI,D
14:21:34,JSMR,RG,3390,23,F,KZ,NI,D
14:21:34,JSMR,RG,3390,12,D,YP,NI,D
14:21:28,JSMR,RG,3390,175,D,YP,HP,D
14:21:13,JSMR,RG,3390,7,D,YP,YU,D
14:21:12,JSMR,RG,3400,3,D,PD,KZ,D
14:20:49,JSMR,RG,3390,42,D,YP,KZ,D
14:20:49,JSMR,RG,3390,1,D,YP,KZ,D
14:20:49,JSMR,RG,3390,4,F,KZ,KZ,D
14:20:49,JSMR,RG,3390,29,D,XC,KZ,D
14:20:49,JSMR,RG,3390,1,D,KK,KZ,D
14:20:49,JSMR,RG,3390,20,D,YP,KZ,D
14:20:49,JSMR,RG,3390,2,D,NI,KZ,D
14:20:49,JSMR,RG,3390,5,D,CP,KZ,D
14:20:49,JSMR,RG,3390,1,D,SQ,KZ,D
14:20:49,JSMR,RG,3390,25,F,KZ,KZ,D
14:20:49,JSMR,RG,3390,2,D,NI,KZ,D
14:20:49,JSMR,RG,3390,1,D,CC,KZ,D
14:20:49,JSMR,RG,3390,1,D,CC,KZ,D
14:20:49,JSMR,RG,3390,2,D,YP,KZ,D
14:20:49,JSMR,RG,3390,1,D,PD,KZ,D
14:20:49,JSMR,RG,3390,5,D,NI,KZ,D
14:20:49,JSMR,RG,3390,10,D,CC,KZ,D
14:20:49,JSMR,RG,3390,1,D,RO,KZ,D
14:20:49,JSMR,RG,3390,25,D,CC,KZ,D
14:20:49,JSMR,RG,3390,14,D,PD,KZ,D
14:20:45,JSMR,RG,3390,6,D,PD,AK,F
14:20:45,JSMR,RG,3390,1,D,XC,AK,F
14:20:45,JSMR,RG,3390,6,D,PD,AK,F
14:20:45,JSMR,RG,3390,1,D,YP,AK,F
14:20:45,JSMR,RG,3390,1,D,CC,AK,F
14:20:45,JSMR,RG,3390,10,D,SQ,AK,F
14:20:45,JSMR,RG,3390,4,D,SQ,AK,F
14:20:45,JSMR,RG,3390,1,D,XC,AK,F
14:20:45,JSMR,RG,3390,5,D,CC,AK,F
14:20:45,JSMR,RG,3390,7,D,TP,AK,F
14:20:07,JSMR,RG,3390,3,D,TP,YU,D
14:20:07,JSMR,RG,3390,1,D,YP,YU,D
14:20:07,JSMR,RG,3390,2,D,PD,YU,D
14:19:58,JSMR,RG,3400,60,D,CP,KZ,D
14:19:37,JSMR,RG,3390,1,D,YP,HP,D
14:19:37,JSMR,RG,3390,1,D,XC,HP,D
14:19:37,JSMR,RG,3390,1,D,EP,HP,D
14:19:18,JSMR,RG,3390,8,D,YP,CC,D
14:19:00,JSMR,RG,3390,1,D,YP,AK,F
14:18:49,JSMR,RG,3390,11,D,YP,AK,F
14:18:49,JSMR,RG,3390,1,D,YP,AK,F
14:18:49,JSMR,RG,3390,5,D,YP,AK,F
14:18:49,JSMR,RG,3390,2,D,XC,AK,F
14:18:49,JSMR,RG,3390,2,D,XL,AK,F
14:18:15,JSMR,RG,3400,5,D,NI,KZ,D
14:18:15,JSMR,RG,3400,4,D,NI,YU,D
14:18:15,JSMR,RG,3400,1,D,NI,CC,F
14:17:59,JSMR,RG,3400,3,F,KZ,CC,F
14:17:48,JSMR,RG,3400,1,D,KK,CC,F
14:17:23,JSMR,RG,3390,5,D,XL,CP,D
14:17:14,JSMR,RG,3400,3,F,KZ,CC,F
14:17:14,JSMR,RG,3400,1,F,KZ,CC,F
14:17:09,JSMR,RG,3400,2,F,KZ,CC,F
14:17:09,JSMR,RG,3400,1,F,KZ,CC,F
14:17:09,JSMR,RG,3400,1,F,KZ,CC,F
14:17:09,JSMR,RG,3400,3,F,KZ,CC,F
14:17:04,JSMR,RG,3400,1,F,KZ,CC,F
14:16:45,JSMR,RG,3390,3,D,XL,AK,F
14:16:45,JSMR,RG,3390,2,D,LS,AK,F
14:16:45,JSMR,RG,3390,2,D,PD,AK,F
14:16:45,JSMR,RG,3390,14,D,PD,AK,F
14:16:45,JSMR,RG,3390,1,D,PD,AK,F
14:16:27,JSMR,RG,3400,2,D,YP,CC,F
14:14:57,JSMR,RG,3400,5,D,XC,CC,F
14:14:45,JSMR,RG,3390,1,D,AI,AK,F
14:14:04,JSMR,RG,3400,22,D,IF,CC,F
14:14:04,JSMR,RG,3400,3,D,IF,YU,D
14:14:04,JSMR,RG,3400,3,D,IF,YU,D
14:14:04,JSMR,RG,3400,3,D,IF,YU,D
14:14:04,JSMR,RG,3400,24,D,IF,YU,D
14:14:04,JSMR,RG,3400,3,D,IF,YU,D
14:14:04,JSMR,RG,3400,3,D,IF,YU,D
14:14:04,JSMR,RG,3400,3,D,IF,YU,D
14:14:04,JSMR,RG,3400,28,D,IF,YU,D
14:14:04,JSMR,RG,3400,6,D,IF,PD,D
14:14:04,JSMR,RG,3400,2,D,IF,CC,D
14:13:49,JSMR,RG,3400,3,D,SQ,CC,D
14:13:46,JSMR,RG,3400,44,F,KZ,AK,F
14:13:46,JSMR,RG,3400,28,D,BB,AK,F
14:13:43,JSMR,RG,3400,5,D,GR,AK,F
14:13:43,JSMR,RG,3400,3,D,XC,AK,F
14:13:43,JSMR,RG,3400,5,D,GR,AK,F
14:13:43,JSMR,RG,3400,50,D,GR,AK,F
14:13:43,JSMR,RG,3400,3,D,CC,AK,F
14:13:43,JSMR,RG,3400,200,D,TF,AK,F
14:13:43,JSMR,RG,3400,1,D,XC,AK,F
14:13:43,JSMR,RG,3400,30,D,AI,AK,F
14:13:43,JSMR,RG,3400,10,D,EP,AK,F
14:13:43,JSMR,RG,3400,47,D,CC,AK,F
14:13:43,JSMR,RG,3400,5,D,YP,AK,F
14:13:43,JSMR,RG,3400,1,F,KZ,AK,F
14:13:43,JSMR,RG,3400,6,D,XC,AK,F
14:13:43,JSMR,RG,3400,1,D,PD,AK,F
14:13:43,JSMR,RG,3400,4,F,KZ,AK,F
14:13:43,JSMR,RG,3400,1,D,SQ,AK,F
14:13:43,JSMR,RG,3400,4,F,KZ,AK,F
14:13:43,JSMR,RG,3400,6,D,NI,AK,F
14:13:42,JSMR,RG,3400,15,D,NI,YP,D
14:13:42,JSMR,RG,3400,2,D,NI,YP,D
14:13:42,JSMR,RG,3400,3,D,XC,YP,D
14:13:42,JSMR,RG,3400,2,F,KZ,YP,D
14:13:42,JSMR,RG,3400,16,D,XC,YP,D
14:13:42,JSMR,RG,3400,5,D,PD,YP,D
14:13:42,JSMR,RG,3400,2,F,KZ,YP,D
14:13:42,JSMR,RG,3400,15,D,SQ,YP,D
14:13:42,JSMR,RG,3400,2,F,KZ,YP,D
14:13:42,JSMR,RG,3400,1,F,KZ,YP,D
14:13:42,JSMR,RG,3400,10,D,YP,YP,D
14:13:42,JSMR,RG,3400,1,D,DH,YP,D
14:13:42,JSMR,RG,3400,1,D,NI,YP,D
14:13:42,JSMR,RG,3400,3,F,KZ,YP,D
14:13:42,JSMR,RG,3400,10,D,PD,YP,D
14:13:42,JSMR,RG,3400,5,D,PD,YP,D
14:13:42,JSMR,RG,3400,2,D,CC,YP,D
14:13:42,JSMR,RG,3400,1,D,PD,YP,D
14:13:42,JSMR,RG,3400,3,D,NI,YP,D
14:13:42,JSMR,RG,3400,8,F,KZ,YP,D
14:13:42,JSMR,RG,3400,1,D,XC,YP,D
14:13:42,JSMR,RG,3400,200,D,KK,YP,D
14:13:42,JSMR,RG,3400,1,D,PD,YP,D
14:13:42,JSMR,RG,3400,1,D,PD,YP,D
14:13:42,JSMR,RG,3400,1,D,XL,YP,D
14:13:42,JSMR,RG,3400,5,D,CC,YP,D
14:13:42,JSMR,RG,3400,1,D,PD,YP,D
14:13:42,JSMR,RG,3400,1,D,PD,YP,D
14:13:42,JSMR,RG,3400,1,D,PD,YP,D
14:13:42,JSMR,RG,3400,1,D,NI,YP,D
14:13:42,JSMR,RG,3400,10,D,OD,YP,D
14:13:42,JSMR,RG,3400,1,D,SQ,YP,D
14:13:42,JSMR,RG,3400,1,D,PD,YP,D
14:13:42,JSMR,RG,3400,8,D,XC,YP,D
14:13:42,JSMR,RG,3400,2,D,PD,YP,D
14:13:42,JSMR,RG,3400,1,D,XC,YP,D
14:13:42,JSMR,RG,3400,2,D,XL,YP,D
14:13:42,JSMR,RG,3400,1,D,KK,YP,D
14:13:42,JSMR,RG,3400,11,F,KZ,YP,D
14:13:42,JSMR,RG,3400,2,D,NI,YP,D
14:13:42,JSMR,RG,3400,3,D,YP,YP,D
14:13:42,JSMR,RG,3400,10,D,YP,YP,D
14:13:42,JSMR,RG,3400,5,D,YP,YP,D
14:13:42,JSMR,RG,3400,1,D,YP,YP,D
14:13:42,JSMR,RG,3400,2,D,NI,YP,D
14:13:42,JSMR,RG,3400,1,D,YU,YP,D
14:13:42,JSMR,RG,3400,10,D,PD,YP,D
14:13:42,JSMR,RG,3400,15,D,XC,YP,D
14:13:42,JSMR,RG,3400,1,D,KK,YP,D
14:13:42,JSMR,RG,3400,2,D,NI,YP,D
14:13:42,JSMR,RG,3400,1,D,CC,YP,D
14:13:42,JSMR,RG,3400,10,D,CC,YP,D
14:13:42,JSMR,RG,3400,7,D,PD,YP,D
14:13:42,JSMR,RG,3400,1,D,SQ,YP,D
14:13:42,JSMR,RG,3400,4,D,XC,YP,D
14:13:42,JSMR,RG,3400,2,D,CC,YP,D
14:13:42,JSMR,RG,3400,1,D,XC,YP,D
14:13:42,JSMR,RG,3400,1,D,AI,YP,D
14:13:42,JSMR,RG,3400,1,D,BB,YP,D
14:13:42,JSMR,RG,3400,1,D,XL,YP,D
14:13:42,JSMR,RG,3400,1,D,EP,YP,D
14:13:42,JSMR,RG,3400,3,D,YP,YP,D
14:13:42,JSMR,RG,3400,2,D,SQ,YP,D
14:13:42,JSMR,RG,3400,5,D,CP,YP,D
14:13:42,JSMR,RG,3400,1,D,XC,YP,D
14:13:42,JSMR,RG,3400,8,D,SQ,YP,D
14:13:42,JSMR,RG,3400,10,D,PD,YP,D
14:13:42,JSMR,RG,3400,2,D,NI,YP,D
14:13:39,JSMR,RG,3400,1,D,PD,YU,D
14:13:39,JSMR,RG,3400,5,D,PD,YU,D
14:13:28,JSMR,RG,3400,5,D,PD,PD,D
14:13:28,JSMR,RG,3400,5,D,NI,PD,D
14:13:15,JSMR,RG,3400,21,D,NI,AK,F
14:12:42,JSMR,RG,3400,4,D,NI,YU,D
14:12:42,JSMR,RG,3400,2,D,YP,YU,D
14:12:30,JSMR,RG,3400,1,D,YP,AK,F
14:12:09,JSMR,RG,3400,1,D,YP,YU,D
14:12:09,JSMR,RG,3400,5,D,YP,YU,D
14:12:07,JSMR,RG,3400,10,D,YP,DX,D
14:12:07,JSMR,RG,3400,5,D,CC,DX,D
14:12:07,JSMR,RG,3400,1,D,CC,DX,D
14:12:07,JSMR,RG,3400,1,D,PD,DX,D
14:12:07,JSMR,RG,3400,7,D,CC,DX,D
14:11:42,JSMR,RG,3400,33,D,CC,PD,D
14:11:42,JSMR,RG,3400,1,D,YP,PD,D
14:11:42,JSMR,RG,3400,3,D,PD,PD,D
14:11:42,JSMR,RG,3400,1,D,XC,PD,D
14:11:42,JSMR,RG,3400,10,D,XC,PD,D
14:11:42,JSMR,RG,3400,5,D,XL,PD,D
14:11:42,JSMR,RG,3400,5,D,LG,PD,D
14:11:42,JSMR,RG,3400,60,D,AT,PD,D
14:11:39,JSMR,RG,3400,40,D,AT,KZ,D
14:11:39,JSMR,RG,3400,1,D,XC,KZ,D
14:11:39,JSMR,RG,3400,2,D,XC,KZ,D
14:11:39,JSMR,RG,3400,2,D,XL,KZ,D
14:11:39,JSMR,RG,3400,1,D,XC,KZ,D
14:11:39,JSMR,RG,3400,1,D,YP,KZ,D
14:11:39,JSMR,RG,3400,121,D,DX,KZ,D
14:11:36,JSMR,RG,3400,6,D,DX,YU,D
14:11:35,JSMR,RG,3400,83,D,DX,OD,D
14:11:35,JSMR,RG,3400,2,D,CC,OD,D
14:11:35,JSMR,RG,3400,3,D,PD,OD,D
14:11:35,JSMR,RG,3400,3,D,PD,OD,D
14:11:35,JSMR,RG,3400,10,D,AT,OD,D
14:11:35,JSMR,RG,3400,1,D,PD,OD,D
14:11:35,JSMR,RG,3400,15,D,SQ,OD,D
14:11:35,JSMR,RG,3400,2,D,SQ,OD,D
14:11:35,JSMR,RG,3400,1,D,OD,OD,D
14:11:35,JSMR,RG,3400,1,D,SQ,OD,D
14:11:35,JSMR,RG,3400,1,D,SQ,OD,D
14:11:35,JSMR,RG,3400,1,D,KK,OD,D
14:11:35,JSMR,RG,3400,1,D,XC,OD,D
14:11:35,JSMR,RG,3400,10,D,KK,OD,D
14:11:35,JSMR,RG,3400,2,D,KK,OD,D
14:11:35,JSMR,RG,3400,10,D,KK,OD,D
14:11:35,JSMR,RG,3400,5,D,KK,OD,D
14:11:35,JSMR,RG,3400,2,D,LG,OD,D
14:11:35,JSMR,RG,3400,1,D,PD,OD,D
14:11:35,JSMR,RG,3400,7,D,XC,OD,D
14:11:35,JSMR,RG,3400,1,D,XC,OD,D
14:11:35,JSMR,RG,3400,5,D,XC,OD,D
14:11:35,JSMR,RG,3400,10,D,GR,OD,D
14:11:35,JSMR,RG,3400,300,D,GR,OD,D
14:11:35,JSMR,RG,3400,10,D,DR,OD,D
14:11:35,JSMR,RG,3400,10,D,AI,OD,D
14:11:35,JSMR,RG,3400,1,D,OD,OD,D
14:11:35,JSMR,RG,3400,1,D,XC,OD,D
14:11:35,JSMR,RG,3400,1,D,XC,OD,D
14:11:30,JSMR,RG,3400,10,D,CC,AK,F
14:11:30,JSMR,RG,3400,1,D,YP,AK,F
14:11:30,JSMR,RG,3400,1,D,XC,AK,F
14:11:30,JSMR,RG,3400,5,D,YP,AK,F
14:11:30,JSMR,RG,3400,1,D,XL,AK,F
14:11:30,JSMR,RG,3400,1,D,PD,AK,F
14:11:30,JSMR,RG,3400,1,D,XL,AK,F
14:11:18,JSMR,RG,3400,9,D,XL,YP,D
14:11:18,JSMR,RG,3400,1,D,XC,YP,D
14:11:18,JSMR,RG,3400,2,D,DH,YP,D
14:11:18,JSMR,RG,3400,88,D,BQ,YP,D
14:11:10,JSMR,RG,3410,21,D,BB,DX,D
14:11:10,JSMR,RG,3410,10,D,GR,DX,D
14:11:04,JSMR,RG,3400,197,D,BQ,KZ,D
14:10:45,JSMR,RG,3410,10,D,YP,DX,D
14:10:36,JSMR,RG,3400,6,D,BQ,YU,D
14:10:16,JSMR,RG,3410,2,D,XC,DX,D
14:10:02,JSMR,RG,3400,6,D,BQ,YU,D
14:10:02,JSMR,RG,3400,8,D,BQ,CC,D
14:09:45,JSMR,RG,3400,6,D,BQ,YU,D
14:09:45,JSMR,RG,3400,20,D,BQ,AK,F
14:09:31,JSMR,RG,3410,1,D,KK,DX,D
14:09:15,JSMR,RG,3400,1,D,BQ,AK,F
14:08:45,JSMR,RG,3400,5,D,BQ,CC,D
14:08:44,JSMR,RG,3400,163,D,BQ,KZ,D
14:08:44,JSMR,RG,3400,20,D,CC,KZ,D
14:08:44,JSMR,RG,3400,8,D,XC,KZ,D
14:08:43,JSMR,RG,3400,4,D,XC,YU,D
14:08:43,JSMR,RG,3400,2,D,YP,YU,D
14:08:42,JSMR,RG,3400,1,D,PD,YU,D
14:08:42,JSMR,RG,3400,50,D,KI,YU,D
14:08:42,JSMR,RG,3400,3,D,XC,YU,D
14:08:42,JSMR,RG,3400,1,D,CC,YU,D
14:08:42,JSMR,RG,3400,1,D,YU,YU,D
14:08:42,JSMR,RG,3400,1,D,YP,YU,D
14:08:42,JSMR,RG,3400,1,D,CC,YU,D
14:08:42,JSMR,RG,3400,1,D,YP,YU,D
14:08:42,JSMR,RG,3400,1,D,XL,YU,D
14:08:42,JSMR,RG,3400,1,D,XC,YU,D
14:08:42,JSMR,RG,3400,2,D,PD,YU,D
14:08:42,JSMR,RG,3400,15,D,XC,YU,D
14:08:42,JSMR,RG,3400,1,D,PD,YU,D
14:08:42,JSMR,RG,3400,1,D,KK,YU,D
14:08:42,JSMR,RG,3400,2,D,PD,YU,D
14:08:42,JSMR,RG,3400,18,D,KK,YU,D
14:08:30,JSMR,RG,3400,1,D,KK,PD,D
14:08:01,JSMR,RG,3400,6,D,KK,YU,D
14:07:41,JSMR,RG,3400,1,D,KK,YU,D
14:07:41,JSMR,RG,3400,2,D,YP,YU,D
14:07:41,JSMR,RG,3400,97,D,DR,YU,D
14:07:36,JSMR,RG,3410,19,D,BB,DX,D
14:07:32,JSMR,RG,3400,6,D,DR,YU,D
14:07:31,JSMR,RG,3410,20,D,ZP,DX,D
14:07:30,JSMR,RG,3400,19,D,DR,AK,F
14:07:09,JSMR,RG,3410,1,F,KZ,DX,D
14:07:09,JSMR,RG,3400,9,D,DR,AT,D
14:06:31,JSMR,RG,3400,6,D,DR,YU,D
14:06:24,JSMR,RG,3410,1,F,KZ,DX,D
14:06:22,JSMR,RG,3410,10,D,ZP,DX,D
14:06:09,JSMR,RG,3410,2,F,KZ,DX,D
14:05:55,JSMR,RG,3410,25,D,NI,DX,D
14:05:53,JSMR,RG,3400,6,D,DR,YU,D
14:05:44,JSMR,RG,3410,1,F,KZ,DX,D
14:05:39,JSMR,RG,3410,1,F,KZ,DX,D
14:05:31,JSMR,RG,3400,6,D,DR,YU,D
14:05:19,JSMR,RG,3410,2,F,KZ,DX,D
14:04:51,JSMR,RG,3400,200,D,DR,AG,D
14:04:30,JSMR,RG,3400,6,D,DR,YU,D
14:04:24,JSMR,RG,3400,145,D,DR,KZ,D
14:04:24,JSMR,RG,3400,20,D,PD,KZ,D
14:04:24,JSMR,RG,3400,5,D,PD,KZ,D
14:04:24,JSMR,RG,3400,1,D,XC,KZ,D
14:04:24,JSMR,RG,3400,1,D,XC,KZ,D
14:04:24,JSMR,RG,3400,7,D,CC,KZ,D
14:04:24,JSMR,RG,3400,1,F,KZ,KZ,D
14:04:12,JSMR,RG,3410,21,D,BB,DX,D
14:04:09,JSMR,RG,3410,3,F,KZ,DX,D
14:04:00,JSMR,RG,3400,16,F,KZ,AK,F
14:04:00,JSMR,RG,3400,1,F,KZ,AK,F
14:03:56,JSMR,RG,3400,8,F,KZ,CC,D
14:03:29,JSMR,RG,3400,6,F,KZ,YU,D
14:03:27,JSMR,RG,3400,50,F,KZ,OD,D
14:02:53,JSMR,RG,3400,195,F,KZ,OD,D
14:02:53,JSMR,RG,3400,5,D,NI,OD,D
14:02:44,JSMR,RG,3400,5,D,NI,KZ,D
14:02:44,JSMR,RG,3400,2,D,OD,KZ,D
14:02:44,JSMR,RG,3400,6,D,YP,KZ,D
14:02:44,JSMR,RG,3400,100,D,NI,KZ,D
14:02:44,JSMR,RG,3400,20,D,PD,KZ,D
14:02:44,JSMR,RG,3400,1,D,PD,KZ,D
14:02:44,JSMR,RG,3400,1,D,CC,KZ,D
14:02:44,JSMR,RG,3400,10,D,DR,KZ,D
14:02:44,JSMR,RG,3400,3,D,XC,KZ,D
14:02:44,JSMR,RG,3400,9,D,LG,KZ,D
14:02:44,JSMR,RG,3400,1,D,YP,KZ,D
14:02:44,JSMR,RG,3400,33,D,CC,KZ,D
14:02:31,JSMR,RG,3400,6,D,CC,YU,D
14:02:04,JSMR,RG,3410,1,D,PD,DX,D
14:02:00,JSMR,RG,3400,17,D,CC,AK,F
14:01:31,JSMR,RG,3400,6,D,CC,YU,D
14:01:24,JSMR,RG,3410,2,F,KZ,DX,D
14:01:23,JSMR,RG,3410,10,D,PD,DX,D
14:01:12,JSMR,RG,3400,10,D,CC,YP,D
14:01:09,JSMR,RG,3410,3,F,KZ,DX,D
14:01:06,JSMR,RG,3410,25,D,AG,DX,D
14:00:40,JSMR,RG,3410,20,D,BB,DX,D
14:00:33,JSMR,RG,3410,5,D,KK,DX,D
14:00:31,JSMR,RG,3400,6,D,CC,YU,D
14:00:14,JSMR,RG,3410,1,F,KZ,DX,D
13:59:27,JSMR,RG,3400,6,D,CC,YU,D
13:59:26,JSMR,RG,3410,1,D,PD,DX,D
13:59:04,JSMR,RG,3410,2,F,KZ,DX,D
13:58:23,JSMR,RG,3400,3,D,CC,XC,D
13:58:20,JSMR,RG,3410,20,D,EP,DX,D
13:58:19,JSMR,RG,3410,1,F,KZ,DX,D
13:58:14,JSMR,RG,3410,5,F,KZ,DX,D
13:58:14,JSMR,RG,3410,2,F,KZ,DX,D
13:58:14,JSMR,RG,3410,1,F,KZ,DX,D
13:58:14,JSMR,RG,3410,1,F,KZ,DX,D
13:58:04,JSMR,RG,3410,2,F,KZ,DX,D
13:57:36,JSMR,RG,3400,8,D,CC,CC,D
13:57:12,JSMR,RG,3410,20,D,BB,DX,D
13:57:03,JSMR,RG,3410,1,D,PD,DX,D
13:56:59,JSMR,RG,3410,4,F,KZ,DX,D
13:56:59,JSMR,RG,3410,3,F,KZ,GR,D
13:56:50,JSMR,RG,3410,1,D,PD,GR,D
13:56:44,JSMR,RG,3410,1,D,PD,GR,D
13:56:00,JSMR,RG,3410,1,D,PD,GR,D
13:55:59,JSMR,RG,3410,1,F,KZ,GR,D
13:55:13,JSMR,RG,3410,5,D,PD,GR,D
13:55:13,JSMR,RG,3410,3,D,PD,YU,D
13:55:13,JSMR,RG,3410,50,D,PD,PD,D
13:55:13,JSMR,RG,3410,3,D,PD,YU,D
13:55:13,JSMR,RG,3410,5,D,PD,CC,D
13:55:13,JSMR,RG,3410,10,D,PD,CC,D
13:55:13,JSMR,RG,3410,3,D,PD,YU,D
13:55:13,JSMR,RG,3410,5,D,PD,YU,D
13:55:13,JSMR,RG,3410,50,D,PD,OD,D
13:55:13,JSMR,RG,3410,2,D,PD,CC,D
13:55:13,JSMR,RG,3410,14,D,PD,AK,F
13:55:04,JSMR,RG,3410,2,F,KZ,AK,F
13:55:01,JSMR,RG,3410,3,D,PD,AK,F
13:55:01,JSMR,RG,3410,1,D,PD,AK,F
13:55:01,JSMR,RG,3410,11,D,PD,CC,D
13:54:59,JSMR,RG,3410,2,F,KZ,CC,D
13:54:59,JSMR,RG,3410,2,F,KZ,CC,D
13:54:59,JSMR,RG,3410,1,F,KZ,CC,D
13:54:55,JSMR,RG,3410,1,D,PD,CC,D
13:54:39,JSMR,RG,3410,1,F,KZ,CC,D
13:54:30,JSMR,RG,3410,1,D,PD,CC,D
13:54:16,JSMR,RG,3410,2,D,CC,CC,D
13:54:11,JSMR,RG,3410,1,D,PD,CC,D
13:54:09,JSMR,RG,3410,4,F,KZ,CC,D
13:54:06,JSMR,RG,3410,1,D,PD,CC,D
13:53:54,JSMR,RG,3410,1,F,KZ,CC,D
13:53:48,JSMR,RG,3410,1,D,PD,CC,D
13:53:44,JSMR,RG,3410,5,D,NI,CC,D
13:53:44,JSMR,RG,3410,20,D,BB,CC,D
13:53:38,JSMR,RG,3410,1,D,PD,CC,D
13:53:16,JSMR,RG,3410,1,D,PD,CC,D
13:53:10,JSMR,RG,3410,1,D,PD,CC,D
13:52:54,JSMR,RG,3410,108,F,KZ,CC,D
13:52:45,JSMR,RG,3400,14,D,CC,XL,D
13:52:44,JSMR,RG,3410,2,D,XC,CC,D
13:51:59,JSMR,RG,3410,2,F,KZ,CC,D
13:51:54,JSMR,RG,3410,281,D,OD,CC,D
13:51:54,JSMR,RG,3410,5,D,OD,YU,D
13:51:54,JSMR,RG,3410,3,D,OD,YU,D
13:51:54,JSMR,RG,3410,196,D,OD,KZ,D
13:51:54,JSMR,RG,3410,18,D,OD,AK,F
13:51:54,JSMR,RG,3410,1,D,OD,AK,F
13:51:54,JSMR,RG,3410,150,D,OD,NI,D
13:51:54,JSMR,RG,3410,200,D,OD,YP,D
13:51:54,JSMR,RG,3410,6,D,OD,YU,D
13:51:54,JSMR,RG,3410,50,D,OD,PD,D
13:51:54,JSMR,RG,3410,7,D,OD,YU,D
13:51:54,JSMR,RG,3410,5,D,OD,CC,D
13:51:54,JSMR,RG,3410,6,D,OD,YU,D
13:51:54,JSMR,RG,3410,3,D,OD,YU,D
13:51:54,JSMR,RG,3410,18,D,OD,AK,F
13:51:54,JSMR,RG,3410,1,D,OD,AK,F
13:51:54,JSMR,RG,3410,13,D,OD,YU,D
13:51:54,JSMR,RG,3410,3,D,OD,YU,D
13:51:54,JSMR,RG,3410,5,D,OD,YU,D
13:51:54,JSMR,RG,3410,20,D,OD,AK,F
13:51:54,JSMR,RG,3410,1,D,OD,AK,F
13:51:54,JSMR,RG,3410,8,D,OD,AZ,D
13:51:54,JSMR,RG,3410,26,F,KZ,AZ,D
13:51:54,JSMR,RG,3410,4,F,KZ,KZ,D
13:51:39,JSMR,RG,3400,5,D,CC,YU,D
13:51:36,JSMR,RG,3410,40,D,XC,KZ,D
13:51:31,JSMR,RG,3400,25,D,CC,YP,D
13:51:30,JSMR,RG,3400,1,D,CC,AK,F
13:51:26,JSMR,RG,3400,200,D,CC,OD,D
13:51:24,JSMR,RG,3410,2,F,KZ,KZ,D
13:51:20,JSMR,RG,3410,2,D,KK,KZ,D
13:51:09,JSMR,RG,3410,2,F,KZ,KZ,D
13:51:04,JSMR,RG,3410,22,F,KZ,KZ,D
13:51:00,JSMR,RG,3400,17,D,CC,AK,F
13:50:49,JSMR,RG,3410,7,F,KZ,KZ,D
13:50:49,JSMR,RG,3410,10,F,KZ,KZ,D
13:50:40,JSMR,RG,3400,6,D,CC,YU,D
13:50:29,JSMR,RG,3400,176,D,CC,KZ,D
13:50:20,JSMR,RG,3410,20,D,BB,KZ,D
13:49:50,JSMR,RG,3410,25,D,AR,KZ,D
13:49:30,JSMR,RG,3400,13,D,CC,AK,F
13:49:29,JSMR,RG,3400,6,D,CC,YU,D
13:49:09,JSMR,RG,3400,43,D,CC,PD,D
13:49:06,JSMR,RG,3400,6,D,CC,YU,D
13:48:49,JSMR,RG,3410,22,F,KZ,KZ,D
13:48:38,JSMR,RG,3400,9,D,CC,CC,D
13:48:07,JSMR,RG,3400,6,D,CC,YU,D
13:48:07,JSMR,RG,3400,6,D,CC,XA,D
13:48:00,JSMR,RG,3400,15,D,CC,AK,F
13:47:43,JSMR,RG,3400,9,D,CC,CC,D
13:47:37,JSMR,RG,3400,10,D,CC,XC,D
13:47:00,JSMR,RG,3400,5,D,CC,YU,D
13:46:52,JSMR,RG,3410,8,D,BB,KZ,D
13:46:50,JSMR,RG,3400,5,D,CC,YU,D
13:46:48,JSMR,RG,3400,1,D,CC,AK,F
13:46:29,JSMR,RG,3400,182,D,CC,KZ,D
13:46:21,JSMR,RG,3410,3,D,NI,KZ,D
13:46:15,JSMR,RG,3400,17,D,CC,AK,F
13:46:06,JSMR,RG,3410,20,D,YP,KZ,D
13:46:01,JSMR,RG,3410,12,D,GR,KZ,D
13:45:44,JSMR,RG,3410,13,F,KZ,KZ,D
13:45:44,JSMR,RG,3410,3,F,KZ,YU,D
13:45:44,JSMR,RG,3410,38,F,KZ,YP,D
13:45:19,JSMR,RG,3400,5,D,CC,NI,F
13:45:15,JSMR,RG,3400,6,D,CC,YU,D
13:44:29,JSMR,RG,3400,6,D,CC,YU,D
13:44:22,JSMR,RG,3400,4,D,CC,PD,D
13:44:17,JSMR,RG,3400,6,D,CC,YU,D
13:43:44,JSMR,RG,3410,2,F,KZ,YP,D
13:43:30,JSMR,RG,3400,16,D,CC,AK,F
13:43:16,JSMR,RG,3400,6,D,CC,YU,D
13:43:16,JSMR,RG,3400,14,D,CC,YP,D
13:42:29,JSMR,RG,3400,65,D,CC,KZ,D
13:42:29,JSMR,RG,3400,75,D,DR,KZ,D
13:42:29,JSMR,RG,3400,50,D,YP,KZ,D
13:42:28,JSMR,RG,3400,6,D,YP,YU,D
13:42:18,JSMR,RG,3400,7,D,YP,CC,D
13:41:53,JSMR,RG,3400,38,D,YP,OD,D
13:41:53,JSMR,RG,3400,9,D,CC,OD,D
13:41:28,JSMR,RG,3400,1,D,CC,YU,D
13:41:28,JSMR,RG,3400,2,D,EP,YU,D
13:41:28,JSMR,RG,3400,2,D,PD,YU,D
13:41:28,JSMR,RG,3400,2,D,YP,YU,D
13:40:41,JSMR,RG,3400,200,D,YP,SQ,D
13:40:39,JSMR,RG,3410,3,F,KZ,YP,D
13:40:18,JSMR,RG,3400,5,D,YP,YU,D
13:39:28,JSMR,RG,3400,6,D,YP,YU,D
13:38:59,JSMR,RG,3410,1,F,KZ,YP,D
13:38:59,JSMR,RG,3410,7,F,KZ,YP,D
13:38:54,JSMR,RG,3410,2,D,YP,YP,D
13:38:42,JSMR,RG,3410,1,D,XL,YP,D
13:38:41,JSMR,RG,3400,6,D,YP,YU,D
13:38:01,JSMR,RG,3400,2,D,YP,YP,D
13:37:59,JSMR,RG,3400,36,D,YP,XC,D
13:37:34,JSMR,RG,3400,1,D,YP,CC,D
13:36:50,JSMR,RG,3400,20,D,YP,CC,D
13:36:15,JSMR,RG,3400,1,D,YP,XC,D
13:36:02,JSMR,RG,3410,1,D,YP,YP,D
13:35:36,JSMR,RG,3410,3,D,NI,YP,D
13:34:05,JSMR,RG,3410,2,D,XC,YP,D
13:33:54,JSMR,RG,3410,1,D,XC,YP,D
13:33:54,JSMR,RG,3410,1,D,PD,YP,D
13:33:54,JSMR,RG,3410,7,F,KZ,YP,D
13:33:54,JSMR,RG,3410,31,D,BB,YP,D
13:33:50,JSMR,RG,3410,31,D,BB,PD,D
13:33:50,JSMR,RG,3410,18,F,KZ,PD,D
13:33:50,JSMR,RG,3410,6,F,KZ,PD,D
13:33:50,JSMR,RG,3410,145,D,CC,PD,D
13:33:46,JSMR,RG,3410,9,D,CC,NI,D
13:32:55,JSMR,RG,3410,1,D,CC,HP,D
13:32:49,JSMR,RG,3410,15,D,CC,DR,D
13:32:37,JSMR,RG,3410,3,D,CC,YU,D
13:32:37,JSMR,RG,3410,7,D,CC,YU,D
13:32:37,JSMR,RG,3410,3,D,CC,YU,D
13:32:37,JSMR,RG,3410,5,D,CC,CC,F
13:32:37,JSMR,RG,3410,4,D,CC,YU,D
13:32:37,JSMR,RG,3410,5,D,CC,YU,D
13:32:37,JSMR,RG,3410,103,D,CC,KZ,D
13:32:01,JSMR,RG,3400,1,D,YP,YP,D
13:31:52,JSMR,RG,3400,100,D,YP,MG,D
13:30:21,JSMR,RG,3410,11,F,KZ,KZ,D
13:30:19,JSMR,RG,3410,80,F,KZ,KZ,D
13:30:19,JSMR,RG,3420,10,F,KZ,DX,D
13:30:18,JSMR,RG,3410,12,F,KZ,PD,D
13:30:14,JSMR,RG,3410,1,F,KZ,PD,D
13:30:14,JSMR,RG,3410,1,D,YP,PD,D
13:30:10,JSMR,RG,3400,1,D,YP,YP,D
13:30:10,JSMR,RG,3410,1,F,KZ,PD,D
13:30:10,JSMR,RG,3410,44,F,KZ,PD,D
13:30:10,JSMR,RG,3410,1,F,KZ,PD,D
13:30:08,JSMR,RG,3410,3,F,KZ,PD,D
13:30:07,JSMR,RG,3400,4,D,YP,YP,D
13:30:05,JSMR,RG,3410,81,D,YP,PD,D
13:30:05,JSMR,RG,3410,44,D,YP,AK,F
13:30:05,JSMR,RG,3410,168,D,YP,DP,D
13:30:04,JSMR,RG,3400,1,D,YP,XC,D
13:30:04,JSMR,RG,3400,2,D,YP,AK,F
13:30:03,JSMR,RG,3400,12,D,YP,PD,D
13:30:03,JSMR,RG,3400,1,D,CC,PD,D
13:30:03,JSMR,RG,3400,1,D,YU,PD,D
13:30:03,JSMR,RG,3400,25,D,CC,PD,D
13:30:03,JSMR,RG,3400,1,D,PD,PD,D
13:30:03,JSMR,RG,3400,1,D,CC,PD,D
13:30:03,JSMR,RG,3400,14,D,YP,PD,D
13:30:03,JSMR,RG,3400,1,D,YP,PD,D
13:30:03,JSMR,RG,3400,16,D,IF,PD,D
13:30:03,JSMR,RG,3410,3,D,PD,PD,D
13:30:03,JSMR,RG,3410,27,D,PD,YU,D
13:30:03,JSMR,RG,3400,18,D,IF,PD,D
13:30:03,JSMR,RG,3410,11,D,OD,PD,D
13:30:03,JSMR,RG,3410,9,D,OD,OD,D
13:30:03,JSMR,RG,3410,12,D,GR,OD,D
13:30:01,JSMR,RG,3410,12,D,GR,XC,D
13:30:01,JSMR,RG,3410,5,D,GR,XC,D
13:30:01,JSMR,RG,3410,5,D,GR,KK,D
13:30:01,JSMR,RG,3410,1,D,GR,YU,D
13:30:01,JSMR,RG,3410,5,D,GR,YU,D
13:30:01,JSMR,RG,3410,5,D,GR,YU,D
13:30:01,JSMR,RG,3410,3,D,GR,YU,D
13:30:01,JSMR,RG,3410,4,D,GR,YU,D
13:30:01,JSMR,RG,3410,3,D,GR,YU,D
13:30:01,JSMR,RG,3410,3,D,GR,YU,D
13:30:01,JSMR,RG,3410,4,D,GR,YU,D
13:30:01,JSMR,RG,3410,6,D,GR,YU,D
13:30:01,JSMR,RG,3410,182,D,GR,DX,D
13:30:01,JSMR,RG,3400,80,D,IF,SQ,D
13:30:01,JSMR,RG,3400,3,D,IF,CC,D
13:30:01,JSMR,RG,3400,20,D,IF,SQ,D
13:30:01,JSMR,RG,3410,2,D,PD,DX,D
11:29:53,JSMR,RG,3400,1,D,IF,AK,F
11:29:53,JSMR,RG,3400,1,D,IF,AK,F
11:29:53,JSMR,RG,3400,1,D,IF,AK,F
11:29:48,JSMR,RG,3410,9,D,ZP,DX,D
11:29:44,JSMR,RG,3410,15,F,KZ,DX,D
11:29:29,JSMR,RG,3400,110,D,IF,KZ,D
11:29:29,JSMR,RG,3400,1,D,SQ,KZ,D
11:29:29,JSMR,RG,3400,2,D,YP,KZ,D
11:29:29,JSMR,RG,3400,1,D,YP,KZ,D
11:29:29,JSMR,RG,3400,2,D,XC,KZ,D
11:29:29,JSMR,RG,3400,10,D,YP,KZ,D
11:29:29,JSMR,RG,3400,1,D,NI,KZ,D
11:29:29,JSMR,RG,3400,37,D,XC,KZ,D
11:29:29,JSMR,RG,3400,3,D,LG,KZ,D
11:29:29,JSMR,RG,3400,4,D,PD,KZ,D
11:29:29,JSMR,RG,3400,1,D,YP,KZ,D
11:29:29,JSMR,RG,3400,20,D,OD,KZ,D
11:29:29,JSMR,RG,3400,1,D,SQ,KZ,D
11:29:29,JSMR,RG,3400,1,D,CC,KZ,D
11:29:24,JSMR,RG,3400,20,D,CC,KZ,D
11:29:20,JSMR,RG,3400,5,D,CC,YU,D
11:29:19,JSMR,RG,3400,12,D,CC,KZ,D
11:29:19,JSMR,RG,3400,42,D,CC,KZ,D
11:29:19,JSMR,RG,3400,2,D,PD,KZ,D
11:29:19,JSMR,RG,3400,124,D,OD,KZ,D
11:29:14,JSMR,RG,3410,1,D,BB,DX,D
11:29:04,JSMR,RG,3410,2,D,YP,DX,D
11:28:40,JSMR,RG,3410,4,F,KZ,DX,D
11:28:24,JSMR,RG,3400,11,D,OD,KZ,D
11:28:24,JSMR,RG,3400,21,D,OD,KZ,D
11:28:23,JSMR,RG,3400,14,D,OD,AK,F
11:28:23,JSMR,RG,3400,1,D,OD,AK,F
11:28:09,JSMR,RG,3400,29,D,OD,KZ,D
11:28:09,JSMR,RG,3400,1,D,YP,KZ,D
11:28:09,JSMR,RG,3400,5,D,CP,KZ,D
11:28:09,JSMR,RG,3400,51,D,YP,KZ,D
11:28:08,JSMR,RG,3400,3,D,YP,AK,F
11:28:03,JSMR,RG,3410,1,D,BB,DX,D
11:27:08,JSMR,RG,3400,2,D,YP,PD,D
11:26:53,JSMR,RG,3400,14,D,YP,AK,F
11:26:45,JSMR,RG,3400,1,D,YP,AK,F
11:26:08,JSMR,RG,3400,12,D,YP,AK,F
11:25:53,JSMR,RG,3400,4,D,YP,AK,F
11:25:27,JSMR,RG,3410,1,D,BB,DX,D
11:25:08,JSMR,RG,3400,8,D,YP,AK,F
11:25:00,JSMR,RG,3400,1,D,YP,AK,F
11:24:40,JSMR,RG,3410,8,D,YP,DX,D
11:23:43,JSMR,RG,3410,2,D,YP,DX,D
11:23:36,JSMR,RG,3410,50,D,DR,DX,D
11:23:36,JSMR,RG,3400,2,D,YP,YP,D
11:22:14,JSMR,RG,3400,25,D,YP,KK,D
11:21:19,JSMR,RG,3400,11,D,YP,AR,D
11:21:14,JSMR,RG,3410,1,F,KZ,DX,D
11:21:12,JSMR,RG,3410,3,D,YP,DX,D
11:20:53,JSMR,RG,3410,3,D,XC,DX,D
11:18:14,JSMR,RG,3410,2,D,YP,DX,D
11:18:10,JSMR,RG,3410,1,D,XC,DX,D
11:17:09,JSMR,RG,3410,7,F,KZ,DX,D
11:17:04,JSMR,RG,3410,1,F,KZ,DX,D
11:16:40,JSMR,RG,3410,5,D,KK,DX,D
11:16:40,JSMR,RG,3410,68,D,KK,KZ,D
11:16:25,JSMR,RG,3410,1,D,YP,KZ,D
11:15:54,JSMR,RG,3410,1,D,YP,KZ,D
11:15:54,JSMR,RG,3410,60,D,PD,KZ,D
11:15:54,JSMR,RG,3410,11,F,KZ,KZ,D
11:15:54,JSMR,RG,3410,2,D,YP,KZ,D
11:15:54,JSMR,RG,3410,2,F,KZ,KZ,D
11:15:54,JSMR,RG,3410,38,F,KZ,KZ,D
11:15:54,JSMR,RG,3410,11,F,KZ,KZ,D
11:15:54,JSMR,RG,3410,1,F,KZ,KZ,D
11:15:54,JSMR,RG,3410,31,D,BB,KZ,D
11:15:38,JSMR,RG,3420,62,D,KK,DX,D
11:15:24,JSMR,RG,3410,5,D,KK,YP,D
11:15:11,JSMR,RG,3410,6,D,KK,DH,D
11:14:56,JSMR,RG,3410,1,D,KK,HP,D
11:14:54,JSMR,RG,3410,3,D,KK,YU,D
11:14:54,JSMR,RG,3410,12,D,KK,AK,F
11:14:54,JSMR,RG,3410,9,D,KK,AK,F
11:14:54,JSMR,RG,3410,10,D,KK,AK,F
11:14:54,JSMR,RG,3410,1,D,KK,AK,F
11:14:45,JSMR,RG,3410,1,D,YP,AK,F
11:12:54,JSMR,RG,3410,1,F,KZ,AK,F
11:12:53,JSMR,RG,3410,7,D,YU,AK,F
11:12:53,JSMR,RG,3410,11,D,YU,AK,F
11:12:53,JSMR,RG,3410,1,D,YU,AK,F
11:12:53,JSMR,RG,3410,1,D,YU,AK,F
11:12:53,JSMR,RG,3410,11,D,YU,AK,F
11:12:53,JSMR,RG,3410,3,D,YU,YU,D
11:12:53,JSMR,RG,3410,3,D,YU,YU,D
11:12:53,JSMR,RG,3410,3,D,YU,YU,D
11:12:53,JSMR,RG,3410,16,D,YU,YU,D
11:12:53,JSMR,RG,3410,12,D,YU,AK,F
11:12:53,JSMR,RG,3410,1,D,YU,AK,F
11:12:53,JSMR,RG,3410,197,D,YU,KZ,D
11:12:53,JSMR,RG,3410,1,D,YU,AK,F
11:12:53,JSMR,RG,3410,76,D,YU,KZ,D
11:12:53,JSMR,RG,3410,7,D,YU,AK,F
11:12:51,JSMR,RG,3410,1,D,PD,AK,F
11:12:38,JSMR,RG,3410,2,D,XL,AK,F
11:12:22,JSMR,RG,3410,1,D,CC,AK,F
11:11:39,JSMR,RG,3410,1,D,XC,AK,F
11:11:38,JSMR,RG,3400,13,D,YP,AK,F
11:11:21,JSMR,RG,3410,1,F,KZ,AK,F
11:11:21,JSMR,RG,3410,15,D,PD,AK,F
11:11:21,JSMR,RG,3410,3,D,XC,AK,F
11:11:21,JSMR,RG,3410,13,F,KZ,AK,F
11:11:21,JSMR,RG,3410,7,D,SQ,AK,F
11:11:21,JSMR,RG,3410,18,D,IF,AK,F
11:11:19,JSMR,RG,3410,132,D,IF,DX,D
11:11:19,JSMR,RG,3410,100,D,IF,DX,D
11:11:19,JSMR,RG,3410,1,D,PD,DX,D
11:11:19,JSMR,RG,3410,3,D,OD,DX,D
11:11:19,JSMR,RG,3410,3,D,XC,DX,D
11:11:19,JSMR,RG,3410,2,D,XL,DX,D
11:11:19,JSMR,RG,3410,2,D,PD,DX,D
11:11:19,JSMR,RG,3410,50,D,YP,DX,D
11:11:19,JSMR,RG,3410,10,D,KK,DX,D
11:11:19,JSMR,RG,3410,103,F,KZ,DX,D
11:11:19,JSMR,RG,3410,9,D,BB,DX,D
11:11:19,JSMR,RG,3410,585,D,CC,DX,D
11:10:54,JSMR,RG,3420,22,F,KZ,DX,D
11:10:33,JSMR,RG,3420,13,D,BB,DX,D
11:09:34,JSMR,RG,3410,174,D,CC,KZ,D
11:07:36,JSMR,RG,3410,5,D,CC,CC,D
11:06:43,JSMR,RG,3410,1,D,CC,IP,D
11:06:29,JSMR,RG,3420,2,D,YP,DX,D
11:06:23,JSMR,RG,3420,2,D,XC,DX,D
11:05:53,JSMR,RG,3420,14,D,BB,DX,D
11:05:34,JSMR,RG,3410,205,D,CC,KZ,D
11:05:05,JSMR,RG,3410,10,D,CC,KK,D
11:03:54,JSMR,RG,3410,20,D,CC,KZ,D
11:03:54,JSMR,RG,3410,3,D,NI,KZ,D
11:03:54,JSMR,RG,3410,15,F,KZ,KZ,D
11:03:54,JSMR,RG,3410,10,D,SQ,KZ,D
11:03:54,JSMR,RG,3410,5,F,KZ,KZ,D
11:03:54,JSMR,RG,3410,77,F,KZ,KZ,D
11:03:54,JSMR,RG,3410,29,F,KZ,KZ,D
11:03:54,JSMR,RG,3410,29,D,CC,KZ,D
11:02:39,JSMR,RG,3420,14,F,KZ,DX,D
11:02:34,JSMR,RG,3420,1,F,KZ,DX,D
11:01:56,JSMR,RG,3420,11,D,GR,DX,D
11:01:23,JSMR,RG,3420,125,D,PD,DX,D
11:01:13,JSMR,RG,3420,5,D,BB,DX,D
11:01:04,JSMR,RG,3420,6,F,KZ,DX,D
11:01:04,JSMR,RG,3420,1,F,KZ,DX,D
11:00:59,JSMR,RG,3420,1,F,KZ,DX,D
10:59:34,JSMR,RG,3420,1,F,KZ,DX,D
10:59:30,JSMR,RG,3410,9,D,CC,PD,D
10:59:29,JSMR,RG,3420,1,F,KZ,YP,D
10:57:44,JSMR,RG,3410,3,D,CC,NI,D
10:56:57,JSMR,RG,3420,9,D,YP,YP,D
10:56:49,JSMR,RG,3420,1,D,XC,YP,D
10:56:48,JSMR,RG,3420,8,D,GR,YP,D
10:55:59,JSMR,RG,3420,50,D,KI,YP,D
10:55:17,JSMR,RG,3410,5,D,CC,CC,D
10:54:27,JSMR,RG,3410,7,D,CC,AK,F
10:54:27,JSMR,RG,3410,22,D,CC,PD,D
10:54:27,JSMR,RG,3410,3,D,CC,YU,D
10:54:27,JSMR,RG,3410,10,D,CC,OD,D
10:54:27,JSMR,RG,3410,7,D,CC,AK,F
10:54:27,JSMR,RG,3410,500,D,CC,CC,D
10:54:27,JSMR,RG,3410,6,D,CC,AK,F
10:54:27,JSMR,RG,3410,127,D,CC,KZ,D
10:54:27,JSMR,RG,3410,3,D,CC,YU,D
10:54:27,JSMR,RG,3410,6,D,CC,AK,F
10:54:27,JSMR,RG,3410,1,D,CC,AK,F
10:54:27,JSMR,RG,3410,262,D,CC,DX,D
10:53:29,JSMR,RG,3410,1,F,KZ,DX,D
10:53:04,JSMR,RG,3410,10,D,DH,DX,D
10:52:49,JSMR,RG,3410,1,F,KZ,DX,D
10:52:29,JSMR,RG,3410,1,F,KZ,DX,D
10:52:25,JSMR,RG,3410,8,D,XC,DX,D
10:52:06,JSMR,RG,3410,10,D,YP,DX,D
10:51:59,JSMR,RG,3410,2,F,KZ,DX,D
10:51:54,JSMR,RG,3410,4,F,KZ,DX,D
10:51:34,JSMR,RG,3410,2,F,KZ,DX,D
10:51:33,JSMR,RG,3410,20,D,NI,DX,D
10:51:29,JSMR,RG,3410,40,D,CC,DX,D
10:51:10,JSMR,RG,3410,10,D,PD,DX,D
10:51:03,JSMR,RG,3410,1,D,XL,DX,D
10:50:49,JSMR,RG,3410,1,D,KK,DX,D
10:50:14,JSMR,RG,3410,11,F,KZ,DX,D
10:49:53,JSMR,RG,3410,100,D,KI,DX,D
10:49:27,JSMR,RG,3410,1,F,KZ,DX,D
10:49:27,JSMR,RG,3410,15,F,KZ,DX,D
10:49:15,JSMR,RG,3410,1,F,KZ,PD,D
10:49:08,JSMR,RG,3410,3,F,KZ,YU,D
10:49:08,JSMR,RG,3410,6,F,KZ,AK,F
10:49:08,JSMR,RG,3410,27,F,KZ,DX,D
10:49:06,JSMR,RG,3410,473,D,DX,DX,D
10:49:06,JSMR,RG,3410,7,D,DX,KZ,D
10:48:40,JSMR,RG,3410,6,F,KZ,KZ,D
10:48:14,JSMR,RG,3410,1,F,KZ,KZ,D
10:48:14,JSMR,RG,3410,10,D,YP,KZ,D
10:48:14,JSMR,RG,3410,11,F,KZ,KZ,D
10:48:14,JSMR,RG,3410,7,F,KZ,KZ,D
10:48:14,JSMR,RG,3410,22,F,KZ,KZ,D
10:48:14,JSMR,RG,3410,19,D,BB,KZ,D
10:48:14,JSMR,RG,3410,45,D,DX,KZ,D
10:48:13,JSMR,RG,3410,1,D,DX,DX,D
10:47:02,JSMR,RG,3410,7,D,DX,AK,F
10:47:01,JSMR,RG,3410,3,D,DX,YU,D
10:47:01,JSMR,RG,3410,22,D,DX,CC,F
10:47:01,JSMR,RG,3410,11,D,DX,AK,F
10:47:01,JSMR,RG,3410,8,D,DX,AK,F
10:47:01,JSMR,RG,3410,1,D,DX,AK,F
10:47:01,JSMR,RG,3410,197,D,DX,FZ,D
10:46:45,JSMR,RG,3410,3,F,KZ,FZ,D
10:46:40,JSMR,RG,3410,25,D,PD,FZ,D
10:46:20,JSMR,RG,3410,100,D,YP,FZ,D
10:46:14,JSMR,RG,3410,1,F,KZ,FZ,D
10:46:10,JSMR,RG,3410,1,F,KZ,FZ,D
10:46:09,JSMR,RG,3410,1,F,KZ,FZ,D
10:46:04,JSMR,RG,3410,2,D,XC,FZ,D
10:45:52,JSMR,RG,3410,10,D,CC,FZ,D
10:45:44,JSMR,RG,3410,1,F,KZ,FZ,D
10:45:44,JSMR,RG,3410,10,D,CC,FZ,D
10:45:30,JSMR,RG,3410,5,F,KZ,FZ,D
10:45:30,JSMR,RG,3410,13,F,KZ,FZ,D
10:45:26,JSMR,RG,3410,14,F,KZ,FZ,D
10:45:25,JSMR,RG,3410,1,F,KZ,FZ,D
10:45:24,JSMR,RG,3410,1,F,KZ,FZ,D
10:45:24,JSMR,RG,3410,1,F,KZ,FZ,D
10:45:24,JSMR,RG,3410,1,F,KZ,FZ,D
10:45:24,JSMR,RG,3410,50,D,CC,FZ,D
10:45:23,JSMR,RG,3410,63,D,SQ,FZ,D
10:45:23,JSMR,RG,3410,3,D,SQ,YU,D
10:45:23,JSMR,RG,3410,3,D,SQ,YU,D
10:45:23,JSMR,RG,3410,9,D,SQ,YU,D
10:45:23,JSMR,RG,3410,10,D,SQ,AK,F
10:45:23,JSMR,RG,3410,12,D,SQ,KZ,D
10:45:03,JSMR,RG,3410,49,F,KZ,KZ,D
10:45:02,JSMR,RG,3410,3,F,KZ,KZ,D
10:45:01,JSMR,RG,3410,88,D,YP,KZ,D
10:45:01,JSMR,RG,3410,1,D,YP,AK,F
10:45:01,JSMR,RG,3410,50,D,YP,CC,F
10:45:01,JSMR,RG,3410,100,D,YP,AZ,D
10:45:01,JSMR,RG,3410,202,D,YP,KZ,D
10:45:01,JSMR,RG,3410,22,D,YP,AK,F
10:45:01,JSMR,RG,3410,8,D,YP,AK,F
10:45:01,JSMR,RG,3410,9,D,YP,AK,F
10:45:01,JSMR,RG,3410,120,D,YP,DX,D
10:45:00,JSMR,RG,3410,50,D,YJ,DX,D
10:44:59,JSMR,RG,3410,1,D,CC,DX,D
10:44:29,JSMR,RG,3410,1,F,KZ,DX,D
10:44:15,JSMR,RG,3410,16,F,KZ,DX,D
10:44:06,JSMR,RG,3410,150,D,IF,DX,D
10:43:54,JSMR,RG,3410,11,F,KZ,DX,D
10:43:49,JSMR,RG,3410,1,D,CC,DX,D
10:43:49,JSMR,RG,3410,100,D,IF,DX,D
10:43:34,JSMR,RG,3410,2,F,KZ,DX,D
10:43:31,JSMR,RG,3410,10,D,PD,DX,D
10:43:12,JSMR,RG,3410,10,D,CC,DX,D
10:43:04,JSMR,RG,3410,23,F,KZ,DX,D
10:43:04,JSMR,RG,3410,200,D,YP,DX,D
10:43:04,JSMR,RG,3410,1,D,NI,DX,D
10:43:04,JSMR,RG,3410,10,F,KZ,DX,D
10:43:04,JSMR,RG,3410,1,F,KZ,DX,D
10:43:04,JSMR,RG,3410,10,D,YP,DX,D
10:43:04,JSMR,RG,3410,1,D,XC,DX,D
10:43:04,JSMR,RG,3410,1,D,XC,DX,D
10:43:04,JSMR,RG,3410,1,D,EP,DX,D
10:43:04,JSMR,RG,3410,1,D,EP,DX,D
10:43:04,JSMR,RG,3410,5,F,KZ,DX,D
10:43:04,JSMR,RG,3410,50,D,BB,DX,D
10:43:04,JSMR,RG,3410,1,F,KZ,DX,D
10:43:04,JSMR,RG,3410,5,D,PD,DX,D
10:43:04,JSMR,RG,3410,1,F,KZ,DX,D
10:43:04,JSMR,RG,3410,2,D,PD,DX,D
10:43:04,JSMR,RG,3410,3,F,KZ,DX,D
10:43:04,JSMR,RG,3410,30,D,CC,DX,D
10:43:04,JSMR,RG,3410,1,F,KZ,DX,D
10:43:04,JSMR,RG,3410,10,D,YP,DX,D
10:43:04,JSMR,RG,3410,3,D,XC,DX,D
10:43:04,JSMR,RG,3410,1,F,KZ,DX,D
10:43:04,JSMR,RG,3410,10,D,KK,DX,D
10:43:04,JSMR,RG,3410,280,F,KZ,DX,D
10:43:04,JSMR,RG,3410,10,D,KK,DX,D
10:43:04,JSMR,RG,3410,80,D,AT,DX,D
10:43:04,JSMR,RG,3410,1,D,XC,DX,D
10:43:04,JSMR,RG,3410,1,D,CC,DX,D
10:43:04,JSMR,RG,3410,5,D,YP,DX,D
10:43:04,JSMR,RG,3410,1,D,XL,DX,D
10:43:04,JSMR,RG,3410,20,D,DH,DX,D
10:43:04,JSMR,RG,3410,7,D,EP,DX,D
10:43:04,JSMR,RG,3410,1000,D,CC,DX,D
10:43:04,JSMR,RG,3410,1,D,CC,DX,D
10:43:04,JSMR,RG,3410,1,D,KK,DX,D
10:43:04,JSMR,RG,3410,1,D,XC,DX,D
10:43:04,JSMR,RG,3410,15,D,XL,DX,D
10:43:04,JSMR,RG,3410,50,D,YP,DX,D
10:43:04,JSMR,RG,3410,20,D,NI,DX,D
10:43:04,JSMR,RG,3410,10,D,PD,DX,D
10:43:04,JSMR,RG,3410,1,D,CC,DX,D
10:43:04,JSMR,RG,3410,1,D,NI,DX,D
10:43:04,JSMR,RG,3410,5,D,DX,DX,D
10:43:04,JSMR,RG,3410,1,D,DH,DX,D
10:43:04,JSMR,RG,3410,5,D,NI,DX,D
10:43:04,JSMR,RG,3410,1,D,PD,DX,D
10:43:04,JSMR,RG,3410,322,D,YJ,DX,D
10:43:04,JSMR,RG,3410,5,D,LS,DX,D
10:43:04,JSMR,RG,3410,20,D,PD,DX,D
10:43:04,JSMR,RG,3410,10,D,PD,DX,D
10:43:04,JSMR,RG,3410,100,D,NI,DX,D
10:43:04,JSMR,RG,3410,1,D,CC,DX,D
10:43:04,JSMR,RG,3410,1,D,YU,DX,D
10:43:04,JSMR,RG,3410,1,D,YP,DX,D
10:43:04,JSMR,RG,3410,15,D,DR,DX,D
10:43:04,JSMR,RG,3410,165,D,IF,DX,D
10:43:01,JSMR,RG,3410,85,D,IF,YP,D
10:43:01,JSMR,RG,3410,10,D,SQ,YP,D
10:43:01,JSMR,RG,3410,5,D,YP,YP,D
10:43:01,JSMR,RG,3410,25,D,CC,YP,D
10:43:01,JSMR,RG,3410,4,D,PD,YP,D
10:43:01,JSMR,RG,3410,1,D,DR,YP,D
10:43:01,JSMR,RG,3410,1,D,CC,YP,D
10:43:01,JSMR,RG,3410,1,D,YP,YP,D
10:43:01,JSMR,RG,3410,50,D,YP,YP,D
10:43:01,JSMR,RG,3410,278,D,YP,YP,D
10:43:01,JSMR,RG,3410,183,D,PD,YP,D
10:41:54,JSMR,RG,3420,100,D,YP,YP,D
10:41:49,JSMR,RG,3420,2,D,XL,YP,D
10:41:22,JSMR,RG,3420,15,D,CC,YP,D
10:40:56,JSMR,RG,3430,1,D,YP,AK,F
10:40:53,JSMR,RG,3420,2,F,KZ,AK,F
10:40:53,JSMR,RG,3420,62,F,KZ,AK,F
10:40:53,JSMR,RG,3420,15,D,XC,AK,F
10:40:53,JSMR,RG,3420,3,D,NI,AK,F
10:40:53,JSMR,RG,3420,4,F,KZ,AK,F
10:40:53,JSMR,RG,3420,1,F,KZ,AK,F
10:40:53,JSMR,RG,3420,1,D,EP,AK,F
10:40:53,JSMR,RG,3420,100,D,PD,AK,F
10:40:53,JSMR,RG,3420,1,D,CC,AK,F
10:40:53,JSMR,RG,3420,1,D,EP,AK,F
10:40:53,JSMR,RG,3420,2,D,BB,AK,F
10:40:53,JSMR,RG,3420,1,D,XC,AK,F
10:40:53,JSMR,RG,3420,1,D,XC,AK,F
10:40:53,JSMR,RG,3420,25,D,DR,AK,F
10:40:53,JSMR,RG,3420,80,F,KZ,AK,F
10:40:53,JSMR,RG,3420,5,D,YP,AK,F
10:40:53,JSMR,RG,3420,1,D,CC,AK,F
10:40:53,JSMR,RG,3420,2,D,LG,AK,F
10:40:53,JSMR,RG,3420,10,D,YP,AK,F
10:40:53,JSMR,RG,3420,1,D,KK,AK,F
10:40:53,JSMR,RG,3420,1,D,YB,AK,F
10:40:53,JSMR,RG,3420,23,D,CC,AK,F
10:40:51,JSMR,RG,3420,500,D,CC,AG,D
10:40:49,JSMR,RG,3430,1,F,KZ,AK,F
10:40:40,JSMR,RG,3420,16,D,CC,AK,F
10:40:39,JSMR,RG,3430,1,F,KZ,AK,F
10:40:34,JSMR,RG,3430,5,F,KZ,AK,F
10:40:34,JSMR,RG,3430,1,F,KZ,AK,F
10:40:34,JSMR,RG,3430,5,F,KZ,AK,F
10:40:34,JSMR,RG,3430,3,F,KZ,YU,D
10:40:34,JSMR,RG,3430,5,F,KZ,YP,D
10:40:34,JSMR,RG,3430,10,F,KZ,CC,D
10:40:22,JSMR,RG,3420,250,D,CC,AK,F
10:40:21,JSMR,RG,3420,211,D,CC,AK,F
10:40:21,JSMR,RG,3420,1,D,CC,AK,F
10:40:21,JSMR,RG,3420,1,D,KK,AK,F
10:40:21,JSMR,RG,3420,5,D,CC,AK,F
10:40:21,JSMR,RG,3420,32,D,AZ,AK,F
10:39:46,JSMR,RG,3420,7,D,AZ,CC,D
10:39:34,JSMR,RG,3420,22,D,AZ,DH,D
10:39:31,JSMR,RG,3420,20,D,AZ,NI,D
10:39:05,JSMR,RG,3420,15,D,AZ,OD,D
10:38:27,JSMR,RG,3420,4,D,AZ,YP,D
10:38:27,JSMR,RG,3420,11,D,YP,YP,D
10:36:38,JSMR,RG,3430,1,D,KK,CC,D
10:36:37,JSMR,RG,3430,1,D,YP,CC,D
10:35:45,JSMR,RG,3430,1,F,KZ,CC,D
10:35:44,JSMR,RG,3420,9,D,YP,KZ,D
10:35:44,JSMR,RG,3420,4,D,DR,KZ,D
10:35:44,JSMR,RG,3420,15,D,XL,KZ,D
10:35:44,JSMR,RG,3420,20,D,PD,KZ,D
10:35:44,JSMR,RG,3420,5,D,DX,KZ,D
10:35:44,JSMR,RG,3420,1,D,PD,KZ,D
10:35:44,JSMR,RG,3420,59,D,YP,KZ,D
10:35:44,JSMR,RG,3420,5,D,NI,KZ,D
10:35:44,JSMR,RG,3420,50,D,DR,KZ,D
10:35:44,JSMR,RG,3420,5,D,PD,KZ,D
10:35:44,JSMR,RG,3420,10,D,YP,KZ,D
10:35:44,JSMR,RG,3420,10,D,PD,KZ,D
10:35:44,JSMR,RG,3420,9,D,NI,KZ,D
10:35:30,JSMR,RG,3430,38,D,YP,CC,D
10:35:30,JSMR,RG,3430,4,D,YP,YU,D
10:35:30,JSMR,RG,3430,1,D,YP,AK,F
10:35:30,JSMR,RG,3430,1,D,YP,AK,F
10:35:30,JSMR,RG,3430,3,D,YP,YU,D
10:35:30,JSMR,RG,3430,1,D,YP,AK,F
10:35:30,JSMR,RG,3430,10,D,YP,AK,F
10:35:30,JSMR,RG,3430,42,D,YP,KZ,D
10:35:23,JSMR,RG,3430,14,D,CC,KZ,D
10:33:49,JSMR,RG,3430,10,F,KZ,KZ,D
10:33:41,JSMR,RG,3430,1,D,YP,KZ,D
10:33:30,JSMR,RG,3430,7,F,KZ,KZ,D
10:33:29,JSMR,RG,3430,9,F,KZ,KZ,D
10:33:29,JSMR,RG,3430,10,F,KZ,KZ,D
10:33:28,JSMR,RG,3430,2,F,KZ,KZ,D
10:33:28,JSMR,RG,3430,40,D,EP,KZ,D
10:33:28,JSMR,RG,3430,10,D,EP,AK,F
10:33:28,JSMR,RG,3430,3,D,EP,YU,D
10:33:28,JSMR,RG,3430,3,D,EP,YU,D
10:33:28,JSMR,RG,3430,3,D,EP,YU,D
10:33:28,JSMR,RG,3430,21,D,EP,YU,D
10:33:28,JSMR,RG,3430,1,D,EP,AK,F
10:33:28,JSMR,RG,3430,76,D,EP,KZ,D
10:33:28,JSMR,RG,3430,93,D,EP,DX,D
10:33:03,JSMR,RG,3430,3,D,NI,DX,D
10:32:20,JSMR,RG,3420,50,D,NI,PD,D
10:32:20,JSMR,RG,3420,34,D,NI,AK,F
10:32:19,JSMR,RG,3430,6,F,KZ,DX,D
10:32:08,JSMR,RG,3430,1,D,YP,DX,D
10:31:55,JSMR,RG,3430,50,D,NI,DX,D
10:31:46,JSMR,RG,3430,10,D,OD,DX,D
10:31:04,JSMR,RG,3430,1,D,CC,DX,D
10:30:41,JSMR,RG,3430,1,D,BB,DX,D
10:29:41,JSMR,RG,3430,28,F,KZ,DX,D
10:29:41,JSMR,RG,3430,1,F,KZ,DX,D
10:29:41,JSMR,RG,3430,1,F,KZ,DX,D
10:29:41,JSMR,RG,3430,16,D,XC,DX,D
10:29:41,JSMR,RG,3430,1,F,KZ,DX,D
10:29:41,JSMR,RG,3430,5,D,CC,DX,D
10:29:41,JSMR,RG,3430,1,F,KZ,DX,D
10:29:41,JSMR,RG,3430,3,F,KZ,DX,D
10:29:41,JSMR,RG,3430,1,D,XC,DX,D
10:29:41,JSMR,RG,3430,1,D,CC,DX,D
10:29:41,JSMR,RG,3430,1,D,YP,DX,D
10:29:41,JSMR,RG,3430,3,D,EP,DX,D
10:29:41,JSMR,RG,3430,4,D,XC,DX,D
10:29:41,JSMR,RG,3430,2,D,BB,DX,D
10:29:41,JSMR,RG,3430,5,D,NI,DX,D
10:29:41,JSMR,RG,3430,200,D,HP,DX,D
10:29:41,JSMR,RG,3430,1,D,CC,DX,D
10:29:41,JSMR,RG,3430,81,F,KZ,DX,D
10:29:41,JSMR,RG,3430,6,D,PD,DX,D
10:29:41,JSMR,RG,3430,1,D,KK,DX,D
10:29:41,JSMR,RG,3430,2,D,DR,DX,D
10:29:41,JSMR,RG,3430,2,D,YP,DX,D
10:29:41,JSMR,RG,3430,469,D,CC,DX,D
10:29:36,JSMR,RG,3440,3,D,BB,AZ,D
10:29:34,JSMR,RG,3430,125,D,CC,KZ,D
10:29:34,JSMR,RG,3430,117,D,CC,KZ,D
10:29:23,JSMR,RG,3430,10,D,CC,AK,F
10:29:22,JSMR,RG,3440,10,D,CC,AZ,D
10:29:07,JSMR,RG,3440,10,D,DH,AZ,D
10:28:40,JSMR,RG,3440,2,D,BB,AZ,D
10:28:00,JSMR,RG,3440,8,D,CC,AZ,D
10:28:00,JSMR,RG,3430,1,D,CC,AK,F
10:27:50,JSMR,RG,3440,3,D,BB,AZ,D
10:27:03,JSMR,RG,3440,2,D,BB,AZ,D
10:26:07,JSMR,RG,3440,3,D,BB,AZ,D
10:25:39,JSMR,RG,3430,25,D,CC,DR,D
10:25:14,JSMR,RG,3440,2,D,BB,AZ,D
10:24:45,JSMR,RG,3440,1,F,KZ,AZ,D
10:24:22,JSMR,RG,3440,3,D,BB,AZ,D
10:24:14,JSMR,RG,3440,1,F,KZ,AZ,D
10:23:52,JSMR,RG,3440,7,D,NI,AZ,D
10:23:49,JSMR,RG,3440,1,F,KZ,AZ,D
10:23:35,JSMR,RG,3440,5,D,PD,AZ,D
10:23:30,JSMR,RG,3440,3,F,KZ,AZ,D
10:23:29,JSMR,RG,3440,1,F,KZ,AZ,D
10:23:28,JSMR,RG,3440,1,D,BB,AZ,D
10:23:28,JSMR,RG,3440,1,D,BB,KZ,D
10:23:24,JSMR,RG,3440,1,F,KZ,KZ,D
10:23:24,JSMR,RG,3440,5,D,PD,KZ,D
10:22:56,JSMR,RG,3440,1,D,CC,KZ,D
10:22:36,JSMR,RG,3440,3,D,BB,KZ,D
10:21:57,JSMR,RG,3440,2,D,YP,KZ,D
10:21:41,JSMR,RG,3440,2,D,BB,KZ,D
10:21:31,JSMR,RG,3440,1,D,PD,KZ,D
10:20:54,JSMR,RG,3440,3,D,BB,KZ,D
10:20:05,JSMR,RG,3440,2,D,BB,KZ,D
10:19:09,JSMR,RG,3440,3,D,BB,KZ,D
10:18:46,JSMR,RG,3430,2,D,CC,AK,F
10:18:45,JSMR,RG,3430,20,D,CC,XC,D
10:18:25,JSMR,RG,3440,1,D,MG,KZ,D
10:18:23,JSMR,RG,3440,5,D,XA,KZ,D
10:18:19,JSMR,RG,3440,1,D,BB,KZ,D
10:18:14,JSMR,RG,3440,3,D,MG,KZ,D
10:16:38,JSMR,RG,3440,2,F,KZ,KZ,D
10:16:38,JSMR,RG,3440,1,D,BB,KZ,D
10:16:34,JSMR,RG,3440,11,F,KZ,AK,F
10:16:34,JSMR,RG,3440,18,D,YP,AK,F
10:16:33,JSMR,RG,3440,7,D,YP,KZ,D
10:16:33,JSMR,RG,3440,5,D,PD,KZ,D
10:16:33,JSMR,RG,3440,52,F,KZ,KZ,D
10:16:33,JSMR,RG,3440,1,F,KZ,KZ,D
10:16:33,JSMR,RG,3440,14,F,KZ,KZ,D
10:16:33,JSMR,RG,3440,9,F,KZ,KZ,D
10:16:33,JSMR,RG,3440,20,D,XC,KZ,D
10:16:33,JSMR,RG,3440,1,D,PD,KZ,D
10:16:33,JSMR,RG,3440,1,D,NI,KZ,D
10:16:33,JSMR,RG,3440,2,D,CC,KZ,D
10:16:33,JSMR,RG,3440,5,D,BB,KZ,D
10:16:33,JSMR,RG,3440,64,D,YP,KZ,D
10:16:32,JSMR,RG,3440,36,D,YP,AK,F
10:16:32,JSMR,RG,3440,1,D,CC,AK,F
10:16:32,JSMR,RG,3440,6,D,PD,AK,F
10:16:32,JSMR,RG,3440,47,D,NI,AK,F
10:16:31,JSMR,RG,3440,53,D,NI,AK,F
10:16:31,JSMR,RG,3440,6,D,SQ,AK,F
10:16:31,JSMR,RG,3440,2,D,CC,AK,F
10:16:31,JSMR,RG,3440,1,D,KK,AK,F
10:16:31,JSMR,RG,3440,1,D,YP,AK,F
10:16:31,JSMR,RG,3440,27,F,KZ,AK,F
10:16:31,JSMR,RG,3450,10,D,XL,KZ,D
10:16:30,JSMR,RG,3440,23,F,KZ,CC,D
10:16:30,JSMR,RG,3440,177,D,CC,CC,D
10:16:21,JSMR,RG,3450,4,D,BB,KZ,D
10:15:14,JSMR,RG,3440,100,D,CC,KK,D
10:14:55,JSMR,RG,3450,4,D,BB,KZ,D
10:14:45,JSMR,RG,3440,1,D,CC,PD,D
10:14:38,JSMR,RG,3440,3,D,CC,YP,D
10:14:35,JSMR,RG,3440,90,D,CC,AK,F
10:14:34,JSMR,RG,3440,90,D,CC,AK,F
10:14:33,JSMR,RG,3440,90,D,CC,AK,F
10:14:32,JSMR,RG,3440,90,D,CC,AK,F
10:14:31,JSMR,RG,3440,100,D,CC,GR,D
10:14:12,JSMR,RG,3450,1,D,YJ,KZ,D
10:14:06,JSMR,RG,3440,2,D,CC,DH,D
10:13:25,JSMR,RG,3450,5,D,BB,KZ,D
10:12:55,JSMR,RG,3440,200,D,CC,AG,D
10:12:08,JSMR,RG,3450,1,D,XC,KZ,D
10:11:51,JSMR,RG,3450,4,D,BB,KZ,D
10:11:32,JSMR,RG,3450,1,D,YP,KZ,D
10:10:44,JSMR,RG,3450,1,F,KZ,KZ,D
10:10:20,JSMR,RG,3450,4,D,BB,KZ,D
10:09:14,JSMR,RG,3450,1,F,KZ,KZ,D
10:09:10,JSMR,RG,3450,4,F,KZ,KZ,D
10:09:09,JSMR,RG,3450,1,F,KZ,KZ,D
10:08:54,JSMR,RG,3450,8,D,BB,KZ,D
10:08:44,JSMR,RG,3450,16,D,GR,KZ,D
10:08:44,JSMR,RG,3450,34,D,GR,CC,D
10:08:44,JSMR,RG,3450,1,F,KZ,CC,D
10:08:20,JSMR,RG,3450,5,D,YP,CC,D
10:07:39,JSMR,RG,3450,1,F,KZ,CC,D
10:07:22,JSMR,RG,3450,3,D,BB,CC,D
10:07:15,JSMR,RG,3450,1,D,BB,CC,D
10:07:15,JSMR,RG,3450,1,F,KZ,CC,D
10:07:15,JSMR,RG,3450,1,D,CC,CC,D
10:07:15,JSMR,RG,3450,3,D,PD,CC,D
10:07:02,JSMR,RG,3450,2,D,PD,CC,D
10:07:02,JSMR,RG,3450,1,F,KZ,CC,D
10:07:02,JSMR,RG,3450,1,F,KZ,CC,D
10:07:02,JSMR,RG,3450,7,D,NI,CC,D
10:07:02,JSMR,RG,3450,1,F,KZ,CC,D
10:07:02,JSMR,RG,3450,5,D,PD,CC,D
10:07:02,JSMR,RG,3450,1,F,KZ,CC,D
10:07:02,JSMR,RG,3450,2,D,BB,CC,D
10:07:02,JSMR,RG,3450,2,F,KZ,CC,D
10:07:02,JSMR,RG,3450,6,F,KZ,CC,D
10:07:02,JSMR,RG,3450,1,F,KZ,CC,D
10:07:02,JSMR,RG,3450,2,D,YP,CC,D
10:06:29,JSMR,RG,3460,13,D,PD,CC,D
10:06:29,JSMR,RG,3460,2,D,PD,YP,D
10:06:29,JSMR,RG,3460,5,D,PD,MK,D
10:06:21,JSMR,RG,3460,5,D,PD,MK,D
10:06:01,JSMR,RG,3450,2,D,BB,IP,D
10:06:01,JSMR,RG,3450,8,F,KZ,IP,D
10:05:22,JSMR,RG,3450,1,F,KZ,PD,D
10:05:22,JSMR,RG,3450,3,F,KZ,YU,D
10:05:22,JSMR,RG,3450,1,F,KZ,KZ,D
10:05:21,JSMR,RG,3450,2,F,KZ,KZ,D
10:05:19,JSMR,RG,3450,119,D,HP,KZ,D
10:05:19,JSMR,RG,3450,1,D,HP,AK,F
10:05:19,JSMR,RG,3450,3,D,HP,CC,D
10:05:19,JSMR,RG,3450,20,D,HP,CP,D
10:05:19,JSMR,RG,3450,1,D,HP,XL,D
10:05:19,JSMR,RG,3450,56,D,HP,CC,D
10:05:15,JSMR,RG,3450,16,D,LG,CC,D
10:05:09,JSMR,RG,3450,3,D,NI,CC,D
10:05:05,JSMR,RG,3450,2,D,GR,CC,D
10:05:01,JSMR,RG,3450,1,D,ZP,CC,D
10:04:54,JSMR,RG,3450,2,F,KZ,CC,D
10:04:33,JSMR,RG,3450,16,D,LG,CC,D
10:03:05,JSMR,RG,3440,2,D,CC,XL,D
10:02:44,JSMR,RG,3450,1,F,KZ,CC,D
10:02:19,JSMR,RG,3450,5,D,CC,CC,D
10:02:19,JSMR,RG,3450,1,D,CC,CC,D
10:02:19,JSMR,RG,3450,1,F,KZ,CC,D
10:02:19,JSMR,RG,3450,1,D,GR,CC,D
10:02:19,JSMR,RG,3450,7,D,BB,CC,D
10:02:19,JSMR,RG,3450,1,D,XC,CC,D
10:02:19,JSMR,RG,3460,37,F,KZ,CC,D
10:02:15,JSMR,RG,3460,3,F,KZ,YU,D
10:02:15,JSMR,RG,3460,5,F,KZ,XC,D
10:02:15,JSMR,RG,3460,3,F,KZ,YU,D
10:02:15,JSMR,RG,3460,2,F,KZ,SQ,D
10:02:15,JSMR,RG,3460,35,F,KZ,CC,D
10:02:13,JSMR,RG,3460,1,D,CC,CC,D
10:02:09,JSMR,RG,3460,1,F,KZ,CC,D
10:02:09,JSMR,RG,3460,13,F,KZ,CC,D
10:02:09,JSMR,RG,3460,5,F,KZ,XC,D
10:02:09,JSMR,RG,3460,1,F,KZ,XC,D
10:02:05,JSMR,RG,3460,2,D,HP,XC,D
10:01:25,JSMR,RG,3450,1,F,KZ,YP,D
10:01:08,JSMR,RG,3450,1,F,KZ,DH,D
10:00:37,JSMR,RG,3450,1,F,AK,AK,F
10:00:37,JSMR,RG,3450,20,F,AK,SQ,D
10:00:37,JSMR,RG,3450,29,F,AK,KZ,D
10:00:37,JSMR,RG,3450,88,D,YP,KZ,D
10:00:37,JSMR,RG,3450,30,D,YP,XC,D
10:00:37,JSMR,RG,3450,782,D,YP,OD,D
10:00:15,JSMR,RG,3450,1,F,KZ,OD,D
10:00:15,JSMR,RG,3450,10,D,CC,OD,D
10:00:15,JSMR,RG,3450,22,F,KZ,OD,D
10:00:15,JSMR,RG,3450,200,D,CC,OD,D
10:00:15,JSMR,RG,3450,1,F,KZ,OD,D
10:00:15,JSMR,RG,3450,7,D,BB,OD,D
10:00:15,JSMR,RG,3450,10,D,CC,OD,D
10:00:15,JSMR,RG,3450,1,D,CC,OD,D
10:00:15,JSMR,RG,3450,2,F,KZ,OD,D
10:00:15,JSMR,RG,3450,30,D,OD,OD,D
10:00:15,JSMR,RG,3450,25,D,YP,OD,D
10:00:15,JSMR,RG,3450,1,D,CC,OD,D
10:00:15,JSMR,RG,3450,6,D,SQ,OD,D
10:00:15,JSMR,RG,3450,34,F,KZ,OD,D
10:00:15,JSMR,RG,3450,300,D,IU,OD,D
10:00:15,JSMR,RG,3450,2,D,PD,OD,D
10:00:15,JSMR,RG,3450,2,D,CC,OD,D
10:00:15,JSMR,RG,3450,1,D,YP,OD,D
10:00:15,JSMR,RG,3450,1,D,KK,OD,D
10:00:15,JSMR,RG,3450,6,F,KZ,OD,D
10:00:15,JSMR,RG,3450,1,D,CC,OD,D
10:00:02,JSMR,RG,3450,5,D,CC,XC,D
9:58:36,JSMR,RG,3460,1,D,BB,OD,D
9:58:31,JSMR,RG,3460,6,F,KZ,OD,D
9:58:31,JSMR,RG,3460,1,F,KZ,OD,D
9:58:31,JSMR,RG,3460,1,D,CC,OD,D
9:58:31,JSMR,RG,3460,21,F,KZ,OD,D
9:58:31,JSMR,RG,3460,6,F,KZ,OD,D
9:58:31,JSMR,RG,3460,1,F,KZ,OD,D
9:58:31,JSMR,RG,3460,4,F,KZ,OD,D
9:58:20,JSMR,RG,3460,2,F,KZ,DR,D
9:58:07,JSMR,RG,3460,1,F,KZ,PD,D
9:58:07,JSMR,RG,3460,1,F,KZ,PD,D
9:58:07,JSMR,RG,3460,1,D,BB,PD,D
9:58:07,JSMR,RG,3460,47,D,XA,PD,D
9:58:07,JSMR,RG,3460,6,D,XA,XC,D
9:57:57,JSMR,RG,3460,4,D,XA,XC,D
9:57:54,JSMR,RG,3460,5,D,XA,YP,D
9:57:50,JSMR,RG,3460,3,D,XA,XC,D
9:57:34,JSMR,RG,3460,1,D,XA,XL,D
9:57:27,JSMR,RG,3460,3,D,XA,YU,D
9:57:27,JSMR,RG,3460,1,D,XA,XC,D
9:57:27,JSMR,RG,3460,4,D,XA,PD,D
9:57:27,JSMR,RG,3460,3,D,XA,PD,D
9:57:27,JSMR,RG,3460,10,D,XA,PD,D
9:57:27,JSMR,RG,3460,7,D,XA,CC,D
9:57:27,JSMR,RG,3460,4,D,XA,YU,D
9:57:27,JSMR,RG,3460,217,D,XA,KZ,D
9:57:27,JSMR,RG,3460,1,D,XA,XC,D
9:57:27,JSMR,RG,3460,9,D,XA,OD,D
9:57:23,JSMR,RG,3460,3,D,BB,OD,D
9:56:41,JSMR,RG,3460,6,D,CC,OD,D
9:56:33,JSMR,RG,3460,1,D,KK,OD,D
9:56:29,JSMR,RG,3450,3,D,CC,PD,D
9:56:12,JSMR,RG,3450,3,D,CC,PD,D
9:55:51,JSMR,RG,3450,38,D,CC,ZP,D
9:55:51,JSMR,RG,3450,4,D,BB,ZP,D
9:55:42,JSMR,RG,3460,5,D,YP,OD,D
9:55:10,JSMR,RG,3460,2,D,BB,OD,D
9:55:04,JSMR,RG,3460,7,D,SQ,OD,D
9:55:04,JSMR,RG,3460,3,F,KZ,OD,D
9:55:04,JSMR,RG,3460,5,D,CC,OD,D
9:55:04,JSMR,RG,3460,9,D,YP,OD,D
9:55:00,JSMR,RG,3460,6,D,YP,KK,D
9:55:00,JSMR,RG,3460,1,F,KZ,KK,D
9:55:00,JSMR,RG,3460,3,F,KZ,KK,D
9:55:00,JSMR,RG,3460,4,F,KZ,KK,D
9:55:00,JSMR,RG,3460,1,F,KZ,KK,D
9:54:57,JSMR,RG,3470,1,D,YU,KK,D
9:54:55,JSMR,RG,3460,2,F,KZ,NI,D
9:54:42,JSMR,RG,3460,1,F,KZ,XC,D
9:54:42,JSMR,RG,3460,3,D,BB,XC,D
9:54:42,JSMR,RG,3460,1,D,YP,XC,D
9:54:39,JSMR,RG,3460,20,D,YP,OD,D
9:54:36,JSMR,RG,3460,10,D,YP,NI,D
9:54:26,JSMR,RG,3460,30,D,YP,YP,D
9:54:26,JSMR,RG,3460,1,D,YP,OD,D
9:54:26,JSMR,RG,3460,38,D,YP,DX,D
9:54:20,JSMR,RG,3460,1,F,KZ,DX,D
9:54:06,JSMR,RG,3460,3,D,BB,DX,D
9:53:57,JSMR,RG,3460,3,D,EP,DX,D
9:53:57,JSMR,RG,3460,17,F,KZ,DX,D
9:53:57,JSMR,RG,3460,3,F,KZ,DX,D
9:53:53,JSMR,RG,3460,4,F,KZ,YP,D
9:53:43,JSMR,RG,3460,4,F,KZ,TF,D
9:53:38,JSMR,RG,3460,6,F,KZ,DH,D
9:53:38,JSMR,RG,3460,5,D,BB,DH,D
9:53:38,JSMR,RG,3460,9,F,KZ,DH,D
9:53:20,JSMR,RG,3460,2,F,KZ,YP,D
9:53:14,JSMR,RG,3460,10,F,KZ,PD,D
9:53:09,JSMR,RG,3460,3,F,KZ,YU,D
9:53:09,JSMR,RG,3460,8,F,KZ,PD,D
9:53:07,JSMR,RG,3460,1,F,KZ,PD,D
9:53:06,JSMR,RG,3460,1,D,YP,PD,D
9:53:06,JSMR,RG,3460,1,D,YP,YP,D
9:53:06,JSMR,RG,3460,1,D,YP,PD,D
9:53:06,JSMR,RG,3460,53,D,YP,PD,D
9:53:06,JSMR,RG,3460,100,D,YP,DH,D
9:53:06,JSMR,RG,3460,5,D,YP,LG,D
9:53:06,JSMR,RG,3460,100,D,YP,CC,D
9:53:06,JSMR,RG,3460,1,D,YP,YP,D
9:53:06,JSMR,RG,3460,15,D,YP,XL,D
9:53:06,JSMR,RG,3460,5,D,YP,YU,D
9:53:06,JSMR,RG,3460,3,D,YP,PD,D
9:53:06,JSMR,RG,3460,1,D,YP,YP,D
9:53:06,JSMR,RG,3460,10,D,YP,XC,D
9:53:06,JSMR,RG,3460,2,D,YP,XC,D
9:53:06,JSMR,RG,3460,1,D,YP,YP,D
9:53:06,JSMR,RG,3460,1,D,YP,YP,D
9:53:02,JSMR,RG,3450,1,F,KZ,PD,D
9:53:02,JSMR,RG,3450,16,F,KZ,KZ,D
9:53:01,JSMR,RG,3450,112,D,AZ,KZ,D
9:53:01,JSMR,RG,3450,1,D,AZ,AK,F
9:53:01,JSMR,RG,3450,2,D,AZ,XC,D
9:53:01,JSMR,RG,3450,27,D,AZ,YU,D
9:53:01,JSMR,RG,3450,4,D,AZ,XC,D
9:53:01,JSMR,RG,3450,10,D,AZ,SQ,D
9:53:01,JSMR,RG,3450,5,D,AZ,XC,D
9:53:01,JSMR,RG,3450,5,D,AZ,PD,D
9:53:01,JSMR,RG,3450,1,D,AZ,PD,D
9:53:01,JSMR,RG,3450,1,D,AZ,XL,D
9:53:01,JSMR,RG,3450,23,D,AZ,CC,D
9:53:01,JSMR,RG,3450,9,D,AZ,KK,D
9:52:59,JSMR,RG,3450,1,F,KZ,KK,D
9:52:59,JSMR,RG,3450,1,F,KZ,HD,D
9:52:59,JSMR,RG,3450,1,F,KZ,GR,D
9:52:59,JSMR,RG,3450,11,F,KZ,PD,D
9:52:59,JSMR,RG,3450,19,D,OD,PD,D
9:52:59,JSMR,RG,3450,40,D,OD,XC,D
9:52:59,JSMR,RG,3450,2,D,OD,DR,D
9:52:59,JSMR,RG,3450,5,D,OD,XC,D
9:52:59,JSMR,RG,3450,3,D,OD,PD,D
9:52:59,JSMR,RG,3450,1,D,OD,YP,D
9:52:59,JSMR,RG,3450,10,D,OD,YP,D
9:52:59,JSMR,RG,3450,1,D,OD,XC,D
9:52:59,JSMR,RG,3450,3,D,OD,PD,D
9:52:59,JSMR,RG,3450,1,D,OD,PD,D
9:52:59,JSMR,RG,3450,2,D,OD,PD,D
9:52:59,JSMR,RG,3450,1,D,OD,YP,D
9:52:59,JSMR,RG,3450,1,D,OD,YP,D
9:52:59,JSMR,RG,3450,1,D,OD,YP,D
9:52:59,JSMR,RG,3450,10,D,OD,CC,D
9:52:54,JSMR,RG,3450,1,F,KZ,KK,D
9:52:54,JSMR,RG,3450,1,F,KZ,KK,D
9:52:54,JSMR,RG,3450,1,F,KZ,KK,D
9:52:51,JSMR,RG,3450,1,F,KZ,KK,D
9:52:50,JSMR,RG,3450,1,F,KZ,KK,D
9:52:50,JSMR,RG,3450,1,F,KZ,XC,D
9:52:50,JSMR,RG,3450,2,F,KZ,CD,D
9:52:50,JSMR,RG,3450,5,F,KZ,YP,D
9:52:49,JSMR,RG,3450,10,D,PD,YP,D
9:52:49,JSMR,RG,3450,85,D,YP,YP,D
9:52:49,JSMR,RG,3450,2,D,YP,CC,D
9:52:49,JSMR,RG,3450,1,D,YP,YP,D
9:52:49,JSMR,RG,3450,1,D,YP,YP,D
9:52:49,JSMR,RG,3450,1,D,YP,PD,D
9:52:49,JSMR,RG,3450,1,D,YP,PD,D
9:52:49,JSMR,RG,3450,4,D,YP,AT,D
9:52:49,JSMR,RG,3450,5,D,YP,KK,D
9:51:20,JSMR,RG,3450,5,D,BB,KK,D
9:50:35,JSMR,RG,3440,1,D,CC,YP,D
9:49:56,JSMR,RG,3440,3,D,CC,PD,D
9:49:56,JSMR,RG,3440,10,D,CC,OD,D
9:49:56,JSMR,RG,3440,5,D,CC,XC,D
9:49:56,JSMR,RG,3440,5,D,CC,PD,D
9:49:56,JSMR,RG,3440,2,D,CC,XC,D
9:49:56,JSMR,RG,3440,1,D,CC,PD,D
9:49:56,JSMR,RG,3440,28,D,CC,GR,D
9:49:52,JSMR,RG,3430,5,D,CC,YP,D
9:49:52,JSMR,RG,3430,126,D,CC,KZ,D
9:49:52,JSMR,RG,3430,1,D,CC,AK,F
9:49:52,JSMR,RG,3430,1,D,CC,AK,F
9:49:52,JSMR,RG,3430,98,D,CC,KZ,D
9:49:31,JSMR,RG,3430,1,D,YP,KZ,D
9:49:27,JSMR,RG,3430,5,D,BB,KZ,D
9:49:02,JSMR,RG,3420,3,D,NI,XC,D
9:48:37,JSMR,RG,3420,29,D,NI,PD,D
9:48:37,JSMR,RG,3420,5,F,KZ,PD,D
9:47:07,JSMR,RG,3420,1,D,ZP,NI,D
9:45:56,JSMR,RG,3430,10,D,PD,KZ,D
9:45:37,JSMR,RG,3430,2,D,BB,KZ,D
9:45:37,JSMR,RG,3430,1,D,XC,KZ,D
9:45:37,JSMR,RG,3430,2,F,KZ,KZ,D
9:45:37,JSMR,RG,3430,1,D,DR,KZ,D
9:45:37,JSMR,RG,3430,10,D,KK,KZ,D
9:45:37,JSMR,RG,3430,1,F,KZ,KZ,D
9:45:37,JSMR,RG,3430,3,D,YP,KZ,D
9:45:37,JSMR,RG,3430,1,F,KZ,KZ,D
9:45:37,JSMR,RG,3430,14,D,XL,KZ,D
9:45:32,JSMR,RG,3430,1,D,XL,KZ,D
9:45:32,JSMR,RG,3430,5,F,KZ,KZ,D
9:45:32,JSMR,RG,3430,3,F,KZ,KZ,D
9:45:32,JSMR,RG,3430,1,D,XC,KZ,D
9:45:32,JSMR,RG,3430,10,D,KK,KZ,D
9:45:32,JSMR,RG,3430,28,F,KZ,KZ,D
9:45:32,JSMR,RG,3430,20,D,YP,KZ,D
9:45:32,JSMR,RG,3430,4,D,BB,KZ,D
9:45:32,JSMR,RG,3430,2,D,YP,KZ,D
9:45:32,JSMR,RG,3430,50,D,DR,KZ,D
9:45:32,JSMR,RG,3430,5,D,PD,KZ,D
9:45:32,JSMR,RG,3430,15,D,XL,KZ,D
9:45:32,JSMR,RG,3430,1,D,DX,KZ,D
9:45:32,JSMR,RG,3430,4,D,DX,CP,D
9:45:32,JSMR,RG,3430,14,F,KZ,CP,D
9:45:32,JSMR,RG,3430,2,F,KZ,CP,D
9:45:29,JSMR,RG,3440,1,F,KZ,GR,D
9:45:13,JSMR,RG,3430,3,F,KZ,KZ,D
9:45:13,JSMR,RG,3430,47,F,CC,KZ,D
9:45:01,JSMR,RG,3440,3,D,BB,GR,D
9:44:42,JSMR,RG,3430,4,F,CC,XC,D
9:43:53,JSMR,RG,3440,3,D,BB,GR,D
9:43:16,JSMR,RG,3440,1,D,YP,GR,D
9:42:45,JSMR,RG,3440,4,D,BB,GR,D
9:42:10,JSMR,RG,3440,1,D,NI,GR,D
9:41:58,JSMR,RG,3430,5,F,CC,PD,D
9:41:56,JSMR,RG,3430,43,F,CC,KI,D
9:41:35,JSMR,RG,3440,3,D,BB,GR,D
9:41:34,JSMR,RG,3440,2,D,PD,GR,D
9:41:18,JSMR,RG,3430,5,F,CC,CC,D
9:40:56,JSMR,RG,3430,20,F,CC,XC,D
9:40:27,JSMR,RG,3440,7,D,BB,GR,D
9:39:21,JSMR,RG,3430,71,F,CC,LG,D
9:39:21,JSMR,RG,3440,4,F,KZ,LG,D
9:39:21,JSMR,RG,3440,5,D,BB,LG,D
9:39:21,JSMR,RG,3440,149,D,IU,LG,D
9:39:20,JSMR,RG,3440,20,D,IU,YP,D
9:39:20,JSMR,RG,3440,31,D,IU,OD,D
9:39:09,JSMR,RG,3440,1,F,KZ,OD,D
9:39:08,JSMR,RG,3440,4,F,KZ,OD,D
9:39:06,JSMR,RG,3440,7,F,KZ,OD,D
9:39:05,JSMR,RG,3440,16,D,YP,OD,D
9:39:05,JSMR,RG,3440,4,D,YP,CC,D
9:39:05,JSMR,RG,3440,2,D,YP,YP,D
9:39:05,JSMR,RG,3440,7,D,YP,KK,D
9:39:05,JSMR,RG,3440,5,D,YP,PD,D
9:39:05,JSMR,RG,3440,62,D,YP,KZ,D
9:39:05,JSMR,RG,3440,1,D,YP,AK,F
9:39:05,JSMR,RG,3440,3,D,YP,LG,D
9:39:04,JSMR,RG,3440,1,F,KZ,LG,D
9:39:01,JSMR,RG,3440,1,F,KZ,LG,D
9:38:43,JSMR,RG,3440,1,F,KZ,LG,D
9:38:42,JSMR,RG,3440,1,D,GR,LG,D
9:38:42,JSMR,RG,3440,3,D,GR,NI,D
9:38:42,JSMR,RG,3440,1,D,GR,XC,D
9:38:42,JSMR,RG,3440,10,D,GR,CC,D
9:38:42,JSMR,RG,3440,15,D,GR,XC,D
9:38:42,JSMR,RG,3440,1,D,GR,CC,D
9:38:37,JSMR,RG,3440,1,D,YP,CC,D
9:38:34,JSMR,RG,3430,5,F,CC,TP,D
9:37:54,JSMR,RG,3440,11,F,KZ,CC,D
9:37:50,JSMR,RG,3440,1,F,KZ,CC,D
9:37:49,JSMR,RG,3440,5,D,BB,CC,D
9:37:27,JSMR,RG,3440,5,D,PD,CC,D
9:37:17,JSMR,RG,3430,62,F,CC,LG,D
9:37:17,JSMR,RG,3430,38,D,YP,LG,D
9:37:15,JSMR,RG,3440,1,F,KZ,CC,D
9:37:10,JSMR,RG,3440,2,F,KZ,CC,D
9:37:07,JSMR,RG,3440,1,F,KZ,CC,D
9:37:05,JSMR,RG,3440,5,D,DX,CC,D
9:37:05,JSMR,RG,3440,2,F,KZ,CC,D
9:37:04,JSMR,RG,3440,2,F,KZ,CC,D
9:37:04,JSMR,RG,3440,1,F,KZ,CC,D
9:37:02,JSMR,RG,3440,2,F,KZ,CC,D
9:37:01,JSMR,RG,3440,22,D,GR,CC,D
9:36:48,JSMR,RG,3440,5,D,DR,CC,D
9:36:39,JSMR,RG,3440,20,F,KZ,CC,D
9:36:39,JSMR,RG,3440,15,D,XL,CC,D
9:35:35,JSMR,RG,3440,14,F,KZ,CC,D
9:35:34,JSMR,RG,3440,98,D,YP,CC,D
9:35:34,JSMR,RG,3440,10,D,YP,EP,D
9:35:34,JSMR,RG,3440,24,D,YP,KZ,D
9:35:34,JSMR,RG,3440,45,D,YP,XA,D
9:35:34,JSMR,RG,3440,1,D,YP,YP,D
9:35:34,JSMR,RG,3440,3,D,YP,PD,D
9:35:34,JSMR,RG,3440,3,D,YP,YP,D
9:35:34,JSMR,RG,3440,128,D,YP,IF,D
9:35:15,JSMR,RG,3440,14,D,YP,IF,D
9:35:06,JSMR,RG,3440,4,D,BB,IF,D
9:34:51,JSMR,RG,3430,12,D,YP,YP,D
9:34:51,JSMR,RG,3430,1,D,BB,YP,D
9:34:51,JSMR,RG,3430,1,F,KZ,YP,D
9:34:51,JSMR,RG,3430,6,F,KZ,YP,D
9:33:44,JSMR,RG,3430,3,F,KZ,DR,D
9:33:44,JSMR,RG,3430,1,F,KZ,EP,D
9:33:43,JSMR,RG,3430,16,D,YP,EP,D
9:33:43,JSMR,RG,3430,84,D,YP,KZ,D
9:33:36,JSMR,RG,3430,8,D,OD,KZ,D
9:33:36,JSMR,RG,3430,1,D,OD,AK,F
9:33:36,JSMR,RG,3430,1,D,OD,KZ,D
9:33:21,JSMR,RG,3430,3,D,BB,KZ,D
9:32:20,JSMR,RG,3430,3,F,KZ,KZ,D
9:32:18,JSMR,RG,3430,1,F,KZ,KZ,D
9:32:17,JSMR,RG,3430,10,D,CC,XA,D
9:32:14,JSMR,RG,3430,5,F,KZ,XA,D
9:32:10,JSMR,RG,3430,4,F,KZ,XA,D
9:32:10,JSMR,RG,3430,1,F,KZ,XA,D
9:32:09,JSMR,RG,3430,7,F,KZ,XA,D
9:32:09,JSMR,RG,3430,3,F,KZ,XA,D
9:32:09,JSMR,RG,3430,8,F,KZ,XA,D
9:32:07,JSMR,RG,3430,3,F,KZ,XA,D
9:32:06,JSMR,RG,3430,69,D,KK,XA,D
9:32:06,JSMR,RG,3430,31,D,KK,CC,D
9:32:06,JSMR,RG,3430,25,D,YP,CC,D
9:31:41,JSMR,RG,3430,60,D,NI,CC,D
9:31:24,JSMR,RG,3430,34,D,NI,CC,D
9:31:24,JSMR,RG,3430,16,D,NI,XA,D
9:31:23,JSMR,RG,3430,1,D,PD,XA,D
9:31:21,JSMR,RG,3420,40,D,ZP,CC,D
9:31:06,JSMR,RG,3430,25,D,NI,XA,D
9:30:45,JSMR,RG,3420,1,D,ZP,OD,D
9:30:44,JSMR,RG,3420,1,F,KZ,OD,D
9:30:40,JSMR,RG,3420,1,D,YP,KZ,D
9:30:39,JSMR,RG,3420,1,D,CC,KZ,D
9:30:35,JSMR,RG,3420,1,D,XC,KZ,D
9:30:29,JSMR,RG,3420,1,F,KZ,KZ,D
9:30:29,JSMR,RG,3420,3,F,KZ,KZ,D
9:30:28,JSMR,RG,3420,25,D,CC,KZ,D
9:30:27,JSMR,RG,3420,1,F,KZ,KZ,D
9:30:26,JSMR,RG,3420,10,D,XC,KZ,D
9:30:24,JSMR,RG,3420,5,D,YP,KZ,D
9:30:19,JSMR,RG,3420,1,D,XC,KZ,D
9:30:18,JSMR,RG,3420,1,D,XC,KZ,D
9:30:16,JSMR,RG,3420,1,D,XC,KZ,D
9:30:13,JSMR,RG,3420,1,D,XC,KZ,D
9:30:11,JSMR,RG,3420,1,D,XC,KZ,D
9:30:05,JSMR,RG,3420,2,D,XC,KZ,D
9:30:02,JSMR,RG,3420,8,D,OD,KZ,D
9:30:02,JSMR,RG,3420,5,D,YU,KZ,D
9:30:02,JSMR,RG,3420,2,D,XC,KZ,D
9:30:02,JSMR,RG,3430,1,D,PD,XA,D
9:29:32,JSMR,RG,3420,7,D,PD,KZ,D
9:29:32,JSMR,RG,3420,1,D,CC,KZ,D
9:29:32,JSMR,RG,3420,146,D,LS,KZ,D
9:29:32,JSMR,RG,3420,10,D,KK,KZ,D
9:29:32,JSMR,RG,3420,18,F,KZ,KZ,D
9:29:32,JSMR,RG,3420,1,F,KZ,KZ,D
9:29:32,JSMR,RG,3420,10,D,BB,KZ,D
9:29:32,JSMR,RG,3420,1,D,YP,KZ,D
9:29:32,JSMR,RG,3420,7,F,KZ,KZ,D
9:29:32,JSMR,RG,3420,54,D,DR,KZ,D
9:29:26,JSMR,RG,3430,1,D,PD,XA,D
9:29:20,JSMR,RG,3430,1,F,KZ,XA,D
9:29:19,JSMR,RG,3430,1,F,KZ,KZ,D
9:29:19,JSMR,RG,3430,1,F,KZ,KZ,D
9:29:19,JSMR,RG,3430,1,F,KZ,KZ,D
9:29:19,JSMR,RG,3430,15,F,KZ,KZ,D
9:29:19,JSMR,RG,3430,50,D,CC,KZ,D
9:29:19,JSMR,RG,3430,100,D,DR,KZ,D
9:29:19,JSMR,RG,3430,1,F,KZ,KZ,D
9:29:17,JSMR,RG,3440,5,D,CC,IF,D
9:28:56,JSMR,RG,3440,5,D,NI,IF,D
9:28:49,JSMR,RG,3440,4,D,BB,IF,D
9:28:29,JSMR,RG,3440,2,D,BB,IF,D
9:28:29,JSMR,RG,3440,1,D,CC,IF,D
9:28:29,JSMR,RG,3440,1,F,KZ,IF,D
9:28:29,JSMR,RG,3440,11,F,KZ,IF,D
9:28:29,JSMR,RG,3440,75,D,KK,IF,D
9:28:28,JSMR,RG,3440,1,D,KK,YP,D
9:28:23,JSMR,RG,3440,1,D,KK,HP,D
9:28:21,JSMR,RG,3440,1,D,KK,YP,D
9:28:21,JSMR,RG,3440,1,D,KK,YP,D
9:28:14,JSMR,RG,3440,1,D,KK,XC,D
9:27:59,JSMR,RG,3440,20,D,KK,CC,D
9:27:58,JSMR,RG,3440,2,D,BB,YP,D
9:27:58,JSMR,RG,3440,1,F,KZ,YP,D
9:27:58,JSMR,RG,3440,2,F,KZ,YP,D
9:27:23,JSMR,RG,3440,5,F,KZ,YP,D
9:27:23,JSMR,RG,3450,7,D,SQ,KI,D
9:27:23,JSMR,RG,3450,5,D,SQ,OD,D
9:27:14,JSMR,RG,3440,3,F,KZ,PD,D
9:27:13,JSMR,RG,3450,1,D,CC,OD,D
9:26:49,JSMR,RG,3450,4,D,YP,OD,D
9:26:49,JSMR,RG,3450,4,D,YP,EP,D
9:26:49,JSMR,RG,3450,2,D,YP,KK,D
9:26:40,JSMR,RG,3450,6,F,KZ,KK,D
9:26:39,JSMR,RG,3450,2,F,KZ,KK,D
9:26:39,JSMR,RG,3450,8,F,KZ,KK,D
9:26:39,JSMR,RG,3450,2,F,KZ,KK,D
9:26:37,JSMR,RG,3440,2,F,KZ,XC,D
9:26:37,JSMR,RG,3440,10,F,AK,YP,D
9:26:37,JSMR,RG,3440,2,F,AK,PD,D
9:26:37,JSMR,RG,3440,2,F,AK,XC,D
9:26:37,JSMR,RG,3440,1,F,AK,XC,D
9:26:37,JSMR,RG,3440,10,F,AK,PD,D
9:26:37,JSMR,RG,3440,1,F,AK,YP,D
9:26:37,JSMR,RG,3440,10,F,AK,DH,D
9:26:37,JSMR,RG,3440,13,F,AK,KZ,D
9:26:37,JSMR,RG,3440,1,F,AK,CC,D
9:26:37,JSMR,RG,3440,1,F,AK,SQ,D
9:26:36,JSMR,RG,3440,109,F,AK,SQ,D
9:26:35,JSMR,RG,3440,90,F,AK,SQ,D
9:26:35,JSMR,RG,3440,19,F,AK,CC,D
9:26:34,JSMR,RG,3440,11,F,KZ,CC,D
9:26:34,JSMR,RG,3440,25,F,KZ,CC,D
9:26:34,JSMR,RG,3440,1,F,KZ,YP,D
9:26:34,JSMR,RG,3440,1,F,KZ,YP,D
9:26:33,JSMR,RG,3430,1,F,AK,XC,D
9:26:33,JSMR,RG,3430,40,F,AK,CC,F
9:26:33,JSMR,RG,3430,10,F,AK,YP,D
9:26:33,JSMR,RG,3430,1,F,AK,AK,F
9:26:33,JSMR,RG,3430,68,F,AK,LG,D
9:26:33,JSMR,RG,3430,91,F,AK,LG,D
9:26:33,JSMR,RG,3430,2,F,AK,PD,D
9:26:33,JSMR,RG,3430,16,F,AK,OD,D
9:26:32,JSMR,RG,3430,59,F,AK,OD,D
9:26:32,JSMR,RG,3430,19,F,AK,EP,D
9:26:32,JSMR,RG,3430,6,F,AK,PD,D
9:26:32,JSMR,RG,3430,1,F,AK,XC,D
9:26:32,JSMR,RG,3430,1,F,AK,PD,D
9:26:32,JSMR,RG,3430,3,F,AK,XC,D
9:26:32,JSMR,RG,3430,2,F,AK,CC,D
9:26:32,JSMR,RG,3430,18,F,AK,CC,D
9:26:32,JSMR,RG,3430,2,F,KZ,CC,D
9:26:31,JSMR,RG,3430,5,D,BB,CC,D
9:26:31,JSMR,RG,3430,1,D,BB,XC,D
9:25:57,JSMR,RG,3420,13,D,DR,PD,D
9:25:38,JSMR,RG,3430,4,D,NI,XC,D
9:25:38,JSMR,RG,3430,1,D,NI,KZ,D
9:24:58,JSMR,RG,3430,3,F,KZ,KZ,D
9:24:57,JSMR,RG,3430,22,D,DH,KZ,D
9:24:44,JSMR,RG,3430,3,F,KZ,KZ,D
9:24:44,JSMR,RG,3420,33,D,DR,KZ,D
9:24:25,JSMR,RG,3420,3,D,PD,KZ,D
9:24:18,JSMR,RG,3420,1,D,BB,KZ,D
9:24:06,JSMR,RG,3420,10,D,PD,KZ,D
9:23:55,JSMR,RG,3420,5,D,GR,KZ,D
9:23:55,JSMR,RG,3420,1,D,BB,KZ,D
9:23:55,JSMR,RG,3420,20,D,CP,KZ,D
9:23:55,JSMR,RG,3420,1,D,CC,KZ,D
9:23:55,JSMR,RG,3420,6,D,SQ,KZ,D
9:23:55,JSMR,RG,3420,5,D,PD,KZ,D
9:23:42,JSMR,RG,3420,1,D,PD,XC,D
9:23:31,JSMR,RG,3430,4,D,BB,KZ,D
9:23:28,JSMR,RG,3420,3,D,PD,YP,D
9:23:28,JSMR,RG,3420,5,D,CC,YP,D
9:23:28,JSMR,RG,3420,10,D,PD,YP,D
9:23:28,JSMR,RG,3420,1,D,YP,YP,D
9:23:28,JSMR,RG,3420,3,D,CC,YP,D
9:23:28,JSMR,RG,3420,1,D,BB,YP,D
9:23:28,JSMR,RG,3420,2,D,KI,YP,D
9:23:28,JSMR,RG,3420,25,D,DX,YP,D
9:23:04,JSMR,RG,3430,1,D,CC,KZ,D
9:22:20,JSMR,RG,3430,1,D,YP,KZ,D
9:21:32,JSMR,RG,3430,1,D,BB,CC,D
9:21:32,JSMR,RG,3430,1,D,BB,YP,D
9:21:32,JSMR,RG,3430,1,D,BB,YP,D
9:21:32,JSMR,RG,3430,4,D,BB,EP,D
9:21:03,JSMR,RG,3410,2,D,PD,PD,D
9:20:22,JSMR,RG,3420,83,F,AK,KZ,D
9:20:22,JSMR,RG,3420,9,F,AK,BQ,D
9:20:22,JSMR,RG,3420,1,F,AK,AK,F
9:20:22,JSMR,RG,3420,10,F,AK,YP,D
9:20:22,JSMR,RG,3420,66,F,AK,KZ,D
9:20:21,JSMR,RG,3420,42,D,IF,KZ,D
9:20:21,JSMR,RG,3420,85,D,IF,NI,D
9:20:21,JSMR,RG,3420,7,D,IF,LG,D
9:20:21,JSMR,RG,3420,116,D,IF,CC,D
9:19:35,JSMR,RG,3420,10,D,XC,CC,D
9:18:47,JSMR,RG,3410,15,D,PD,YP,D
9:17:50,JSMR,RG,3420,5,D,YP,CC,D
9:15:37,JSMR,RG,3420,69,D,OD,CC,D
9:15:37,JSMR,RG,3420,50,D,OD,PD,D
9:15:37,JSMR,RG,3420,20,D,OD,KZ,D
9:15:37,JSMR,RG,3420,61,D,OD,XA,D
9:15:32,JSMR,RG,3420,20,D,SQ,XA,D
9:15:30,JSMR,RG,3410,40,D,DX,YP,D
9:15:30,JSMR,RG,3410,10,D,KI,YP,D
9:14:55,JSMR,RG,3420,7,D,LG,XA,D
9:14:55,JSMR,RG,3420,8,D,LG,DH,D
9:14:26,JSMR,RG,3420,10,D,CC,DH,D
9:14:06,JSMR,RG,3410,15,D,KI,YP,D
9:14:06,JSMR,RG,3410,10,D,KI,CC,D
9:14:06,JSMR,RG,3410,105,D,KI,KZ,D
9:14:06,JSMR,RG,3410,5,D,KI,DR,D
9:13:29,JSMR,RG,3410,6,D,YP,DR,D
9:13:29,JSMR,RG,3410,19,D,YP,CC,D
9:13:28,JSMR,RG,3410,1,D,PD,CC,D
9:12:53,JSMR,RG,3410,3,D,XC,CC,D
9:12:29,JSMR,RG,3410,2,D,XC,CC,D
9:12:29,JSMR,RG,3410,1,D,XC,AK,F
9:12:29,JSMR,RG,3410,2,D,XC,YP,D
9:12:21,JSMR,RG,3400,9,D,GR,YP,D
9:11:55,JSMR,RG,3410,7,D,NI,YP,D
9:11:55,JSMR,RG,3410,2,D,AI,YP,D
9:11:47,JSMR,RG,3410,6,D,XC,YP,D
9:11:37,JSMR,RG,3410,13,D,YP,YP,D
9:11:37,JSMR,RG,3410,7,D,YP,AZ,D
9:10:25,JSMR,RG,3410,1,D,YP,AZ,D
9:10:25,JSMR,RG,3410,1,D,XC,AZ,D
9:10:01,JSMR,RG,3410,3,D,XC,AZ,D
9:10:01,JSMR,RG,3410,188,D,OD,AZ,D
9:09:55,JSMR,RG,3410,12,D,OD,YP,D
9:09:55,JSMR,RG,3410,1,D,YP,YP,D
9:08:51,JSMR,RG,3410,1,F,AK,XC,D
9:08:25,JSMR,RG,3410,6,F,AK,OD,D
9:08:25,JSMR,RG,3410,112,F,AK,KZ,D
9:08:25,JSMR,RG,3410,50,F,AK,OD,D
9:07:58,JSMR,RG,3410,149,F,AK,KZ,D
9:07:30,JSMR,RG,3410,1,F,AK,YP,D
9:07:19,JSMR,RG,3400,4,D,GR,PD,D
9:07:19,JSMR,RG,3400,2,D,XC,PD,D
9:07:08,JSMR,RG,3410,7,F,AK,LG,D
9:07:08,JSMR,RG,3410,23,F,AK,XC,D
9:07:08,JSMR,RG,3410,3,F,AK,NI,D
9:07:08,JSMR,RG,3410,120,F,AK,KZ,D
9:07:08,JSMR,RG,3410,1,F,AK,AK,F
9:07:08,JSMR,RG,3410,143,F,AK,CC,D
9:07:07,JSMR,RG,3410,250,F,AK,CC,D
9:07:02,JSMR,RG,3400,5,D,XC,PD,D
9:07:02,JSMR,RG,3400,1,D,OD,PD,D
9:07:02,JSMR,RG,3400,1,D,PD,PD,D
9:07:02,JSMR,RG,3400,3,D,CC,PD,D
9:07:02,JSMR,RG,3400,10,D,CC,PD,D
9:07:02,JSMR,RG,3400,1,D,PD,PD,D
9:07:02,JSMR,RG,3400,1,D,EP,PD,D
9:07:02,JSMR,RG,3400,1,D,XC,PD,D
9:07:02,JSMR,RG,3400,1,D,PD,PD,D
9:07:02,JSMR,RG,3400,1,D,YP,PD,D
9:07:02,JSMR,RG,3400,10,D,CC,PD,D
9:07:02,JSMR,RG,3400,5,D,YP,PD,D
9:07:02,JSMR,RG,3400,15,D,PD,PD,D
9:07:01,JSMR,RG,3400,1,D,KK,PD,D
9:06:43,JSMR,RG,3400,3,D,KK,YP,D
9:06:43,JSMR,RG,3400,7,D,XC,YP,D
9:06:41,JSMR,RG,3400,1,D,XC,XL,D
9:06:36,JSMR,RG,3400,2,D,XC,SQ,D
9:06:33,JSMR,RG,3400,10,D,PD,XC,D
9:06:32,JSMR,RG,3400,1,D,PD,BQ,D
9:05:53,JSMR,RG,3400,9,D,PD,CC,D
9:05:53,JSMR,RG,3400,7,D,AT,CC,D
9:05:52,JSMR,RG,3400,1,D,AT,XC,D
9:05:47,JSMR,RG,3400,2,D,AT,CC,D
9:05:47,JSMR,RG,3400,13,D,PD,CC,D
9:05:35,JSMR,RG,3400,2,D,PD,LG,D
9:05:35,JSMR,RG,3400,4,D,EP,LG,D
9:05:35,JSMR,RG,3400,1,D,YU,LG,D
9:05:10,JSMR,RG,3410,300,D,OD,CC,D
9:05:10,JSMR,RG,3410,2,D,AZ,CC,D
9:05:10,JSMR,RG,3410,1,D,EP,CC,D
9:05:10,JSMR,RG,3410,1,D,XC,CC,D
9:05:10,JSMR,RG,3410,2,D,CC,CC,D
9:05:10,JSMR,RG,3410,3,D,XL,CC,D
9:05:10,JSMR,RG,3410,1,D,XC,CC,D
9:05:10,JSMR,RG,3410,1,D,PD,CC,D
9:05:10,JSMR,RG,3410,246,D,OD,CC,D
9:04:14,JSMR,RG,3410,6,D,OD,XC,D
9:04:02,JSMR,RG,3420,1,D,CP,DH,D
9:03:27,JSMR,RG,3420,1,D,CP,DH,D
9:03:11,JSMR,RG,3410,50,D,OD,YP,D
9:03:11,JSMR,RG,3410,1,D,OD,PD,D
9:03:11,JSMR,RG,3410,97,D,OD,KZ,D
9:02:37,JSMR,RG,3410,15,D,YP,KZ,D
9:02:37,JSMR,RG,3410,5,D,YP,YP,D
9:02:16,JSMR,RG,3410,1,D,YP,AK,F
9:02:16,JSMR,RG,3410,2,D,YP,AK,F
9:02:16,JSMR,RG,3410,20,D,YP,AK,F
9:02:16,JSMR,RG,3410,5,D,YP,AK,F
9:02:16,JSMR,RG,3410,5,D,YP,AK,F
9:02:16,JSMR,RG,3410,1,D,XC,AK,F
9:02:16,JSMR,RG,3410,1,D,YP,AK,F
9:02:16,JSMR,RG,3410,15,D,XC,AK,F
9:02:16,JSMR,RG,3410,19,D,PD,AK,F
9:02:15,JSMR,RG,3410,80,D,PD,YP,D
9:01:38,JSMR,RG,3420,2,D,YP,KZ,D
9:01:32,JSMR,RG,3420,9,D,OD,KZ,D
9:01:32,JSMR,RG,3420,91,D,OD,MG,D
9:01:25,JSMR,RG,3410,1,D,PD,PD,D
9:01:25,JSMR,RG,3410,3,D,XC,PD,D
9:01:25,JSMR,RG,3410,4,D,PD,PD,D
9:01:17,JSMR,RG,3420,10,D,NI,MG,D
9:01:17,JSMR,RG,3420,199,D,OD,MG,D
9:01:04,JSMR,RG,3420,1,D,OD,YP,D
9:00:28,JSMR,RG,3420,21,F,AK,CC,F
9:00:28,JSMR,RG,3420,1,F,AK,YP,D
9:00:28,JSMR,RG,3420,1,F,AK,AK,F
9:00:28,JSMR,RG,3420,1,F,AK,YP,D
9:00:28,JSMR,RG,3420,19,F,AK,KZ,D
9:00:28,JSMR,RG,3420,15,F,AK,AT,D
9:00:28,JSMR,RG,3420,1,F,AK,PD,D
9:00:28,JSMR,RG,3420,4,F,AK,DR,D
9:00:18,JSMR,RG,3410,11,D,PD,XC,D
9:00:18,JSMR,RG,3410,3,D,PD,XC,D
9:00:18,JSMR,RG,3410,1,D,CC,XC,D
9:00:18,JSMR,RG,3410,1,D,PD,XC,D
9:00:18,JSMR,RG,3410,10,D,KK,XC,D
9:00:18,JSMR,RG,3410,7,D,KK,XC,D
9:00:18,JSMR,RG,3410,1,D,CC,XC,D
9:00:18,JSMR,RG,3410,1,F,KK,XC,D
9:00:18,JSMR,RG,3410,2,F,KK,XC,D
9:00:18,JSMR,RG,3410,1,F,KK,YP,D
9:00:17,JSMR,RG,3410,1,F,KK,YP,D
9:00:17,JSMR,RG,3410,1,F,KK,YP,D
9:00:17,JSMR,RG,3410,1,F,KK,YP,D
9:00:17,JSMR,RG,3410,1,F,KK,YP,D
9:00:16,JSMR,RG,3410,1,F,KK,YP,D
9:00:15,JSMR,RG,3410,1,F,KK,AK,F
9:00:14,JSMR,RG,3420,2,D,XC,DR,D
9:00:13,JSMR,RG,3410,1,F,KK,XL,D
9:00:11,JSMR,RG,3420,1,D,XL,DR,D
9:00:10,JSMR,RG,3420,1,D,XC,DR,D
9:00:09,JSMR,RG,3410,1,F,KK,PD,D
9:00:09,JSMR,RG,3420,3,D,XL,DR,D
9:00:08,JSMR,RG,3420,1,D,LG,DR,D
9:00:08,JSMR,RG,3420,2,D,KK,DR,D
9:00:07,JSMR,RG,3420,1,D,CC,DR,D
9:00:05,JSMR,RG,3410,4,F,KK,PD,D
9:00:01,JSMR,RG,3410,5,F,KK,KK,F