Time,Stock,Brd,Price,Qty,BT,BC,SC,ST
15:14:11,JSMR,RG,3780,2,D,XC,YB,D
15:13:59,JSMR,RG,3780,10,D,KK,YB,D
15:12:43,JSMR,RG,3780,1,D,YP,YB,D
15:12:30,JSMR,RG,3780,1,D,XC,YB,D
15:12:29,JSMR,RG,3780,1,D,YP,YB,D
15:12:13,JSMR,RG,3780,1,D,YP,YB,D
15:12:07,JSMR,RG,3780,1,D,XC,YB,D
15:11:38,JSMR,RG,3780,1,D,YP,YB,D
15:11:15,JSMR,RG,3780,23,D,AZ,YB,D
15:11:15,JSMR,RG,3780,1,D,AZ,PD,D
15:11:15,JSMR,RG,3780,1,D,AZ,CC,D
15:11:15,JSMR,RG,3780,1,D,AZ,XC,D
15:11:15,JSMR,RG,3780,4,D,AZ,SQ,D
15:10:56,JSMR,RG,3780,1,D,XC,SQ,D
15:10:05,JSMR,RG,3780,20,D,YP,SQ,D
15:09:21,JSMR,RG,3780,1,D,YP,SQ,D
15:06:22,JSMR,RG,3780,2,D,PD,SQ,D
15:06:22,JSMR,RG,3780,3,D,PD,EP,D
15:06:22,JSMR,RG,3780,25,D,PD,PD,D
15:06:10,JSMR,RG,3780,50,D,YP,PD,D
15:05:16,JSMR,RG,3780,10,D,YB,PD,D
15:05:16,JSMR,RG,3780,16,D,YB,SQ,D
15:04:48,JSMR,RG,3780,3,D,CC,SQ,D
15:04:31,JSMR,RG,3780,1,D,YP,SQ,D
15:04:31,JSMR,RG,3780,4,D,YP,YP,D
15:03:19,JSMR,RG,3780,21,F,LG,YP,D
15:03:19,JSMR,RG,3780,5,F,LG,KK,D
15:03:19,JSMR,RG,3780,60,F,LG,TP,D
15:03:19,JSMR,RG,3780,1,F,LG,KK,D
15:03:19,JSMR,RG,3780,2,F,LG,KK,D
15:03:19,JSMR,RG,3780,25,F,LG,YB,D
15:03:19,JSMR,RG,3780,1320,F,LG,CC,D
15:03:19,JSMR,RG,3780,1,F,LG,YB,D
15:03:19,JSMR,RG,3780,6,F,LG,YB,D
15:03:19,JSMR,RG,3780,5,F,LG,OD,D
15:03:19,JSMR,RG,3780,1,F,LG,KK,D
15:03:19,JSMR,RG,3780,615,F,LG,AG,D
15:02:00,JSMR,RG,3780,1,D,XC,AG,D
15:01:06,JSMR,RG,3780,1,D,PD,AG,D
15:01:03,JSMR,RG,3780,26,F,AK,AG,D
15:01:01,JSMR,RG,3780,100,D,ZP,AG,D
15:01:00,JSMR,RG,3780,1,D,PD,AG,D
15:00:00,JSMR,RG,3780,4,D,KK,AG,D
15:00:00,JSMR,RG,3780,5,D,AI,AG,D
15:00:00,JSMR,RG,3780,2,D,YP,AG,D
15:00:00,JSMR,RG,3780,100,D,SQ,AG,D
15:00:00,JSMR,RG,3780,100,D,FZ,AG,D
15:00:00,JSMR,RG,3780,1,D,YP,AG,D
15:00:00,JSMR,RG,3780,12,D,YP,AG,D
15:00:00,JSMR,RG,3780,10,D,YP,YP,D
15:00:00,JSMR,RG,3780,33,D,YP,YP,D
15:00:00,JSMR,RG,3780,2,D,SQ,OD,D
15:00:00,JSMR,RG,3780,1,D,XC,OD,D
15:00:00,JSMR,RG,3780,1,D,CC,OD,D
15:00:00,JSMR,RG,3780,88,D,SF,OD,D
15:00:00,JSMR,RG,3780,1,D,YP,OD,D
15:00:00,JSMR,RG,3780,3,D,PD,OD,D
15:00:00,JSMR,RG,3780,50,D,YU,OD,D
15:00:00,JSMR,RG,3780,15,D,NI,OD,D
15:00:00,JSMR,RG,3780,118,D,YP,OD,D
15:00:00,JSMR,RG,3780,42,D,YP,YU,F
15:00:00,JSMR,RG,3780,5,D,PD,YU,F
15:00:00,JSMR,RG,3780,2,D,CC,YU,F
15:00:00,JSMR,RG,3780,5,D,YP,YU,F
15:00:00,JSMR,RG,3780,2,D,YP,YU,F
15:00:00,JSMR,RG,3780,6,D,YB,YU,F
15:00:00,JSMR,RG,3780,2,D,KK,YU,F
15:00:00,JSMR,RG,3780,10,D,YB,YU,F
15:00:00,JSMR,RG,3780,100,D,YP,YU,F
15:00:00,JSMR,RG,3780,5,D,DR,YU,F
15:00:00,JSMR,RG,3780,20,D,PD,YU,F
15:00:00,JSMR,RG,3780,1,D,PD,YU,F
15:00:00,JSMR,RG,3780,50,D,YB,YU,F
15:00:00,JSMR,RG,3780,89,D,CD,YU,F
15:00:00,JSMR,RG,3780,31,D,NI,YU,F
15:00:00,JSMR,RG,3780,1,D,CC,YU,F
15:00:00,JSMR,RG,3780,10,D,DR,YU,F
15:00:00,JSMR,RG,3780,3,D,KK,YU,F
15:00:00,JSMR,RG,3780,10,D,CD,YU,F
15:00:00,JSMR,RG,3780,20,D,YB,YU,F
15:00:00,JSMR,RG,3780,37,F,AK,YU,F
15:00:00,JSMR,RG,3780,18,F,AK,YU,F
15:00:00,JSMR,RG,3780,49,F,AK,YU,F
15:00:00,JSMR,RG,3780,5,F,AK,YU,F
15:00:00,JSMR,RG,3780,523,F,AK,YU,F
15:00:00,JSMR,RG,3780,3,F,AK,YU,F
15:00:00,JSMR,RG,3780,786,F,AK,KZ,D
15:00:00,JSMR,RG,3780,7,F,AK,OD,D
15:00:00,JSMR,RG,3780,394,F,AK,OD,D
15:00:00,JSMR,RG,3780,54,F,AK,DX,F
15:00:00,JSMR,RG,3780,55,D,OD,DX,F
15:00:00,JSMR,RG,3780,210,D,OD,DX,F
15:00:00,JSMR,RG,3780,215,D,OD,DX,F
15:00:00,JSMR,RG,3780,3,D,OD,DX,F
15:00:00,JSMR,RG,3780,280,D,OD,DX,F
15:00:00,JSMR,RG,3780,23,D,OD,DX,F
15:00:00,JSMR,RG,3780,12,D,OD,DX,F
15:00:00,JSMR,RG,3780,174,D,OD,DX,F
15:00:00,JSMR,RG,3780,1,D,OD,LG,D
14:49:56,JSMR,RG,3780,21,D,CD,DX,F
14:49:16,JSMR,RG,3780,20,D,CD,PD,D
14:48:51,JSMR,RG,3780,2,D,CD,YU,D
14:48:41,JSMR,RG,3790,32,F,AK,AG,D
14:48:36,JSMR,RG,3790,2,F,AK,AG,D
14:48:36,JSMR,RG,3790,1,D,NI,AG,D
14:48:36,JSMR,RG,3790,2,F,AK,AG,D
14:48:36,JSMR,RG,3790,1,D,PD,AG,D
14:48:36,JSMR,RG,3790,294,F,AK,AG,D
14:48:35,JSMR,RG,3800,3,D,OD,CP,D
14:48:30,JSMR,RG,3790,33,F,AK,YU,F
14:48:20,JSMR,RG,3790,26,F,AK,PD,D
14:48:02,JSMR,RG,3790,391,F,AK,KZ,D
14:48:02,JSMR,RG,3790,2,F,AK,KZ,D
14:48:02,JSMR,RG,3790,160,F,AK,KZ,D
14:48:00,JSMR,RG,3790,1,F,AK,YU,F
14:47:55,JSMR,RG,3800,1,D,CC,CP,D
14:47:52,JSMR,RG,3790,3,F,AK,AK,D
14:47:47,JSMR,RG,3800,7,D,CS,CP,D
14:47:47,JSMR,RG,3790,1,F,AK,ZP,D
14:47:30,JSMR,RG,3790,1,F,AK,ZP,D
14:47:27,JSMR,RG,3800,9,D,CS,CP,D
14:47:25,JSMR,RG,3790,17,F,AK,PD,D
14:47:12,JSMR,RG,3800,32,F,AK,CP,D
14:47:12,JSMR,RG,3800,7,D,CS,CP,D
14:47:12,JSMR,RG,3800,7,D,CS,CP,D
14:47:11,JSMR,RG,3800,14,D,OD,CP,D
14:47:11,JSMR,RG,3800,1,D,OD,PD,D
14:47:11,JSMR,RG,3800,9,D,OD,CC,D
14:47:11,JSMR,RG,3800,20,D,OD,NI,D
14:47:11,JSMR,RG,3800,100,D,OD,CC,D
14:47:11,JSMR,RG,3800,20,D,OD,EP,D
14:47:11,JSMR,RG,3800,50,D,OD,GR,D
14:47:11,JSMR,RG,3800,1,D,OD,YP,D
14:47:11,JSMR,RG,3800,2,D,OD,DH,D
14:47:11,JSMR,RG,3800,1,D,OD,KK,D
14:47:11,JSMR,RG,3800,1,D,OD,PD,D
14:47:11,JSMR,RG,3800,1,D,OD,PD,D
14:47:11,JSMR,RG,3800,10,D,OD,YP,D
14:47:11,JSMR,RG,3800,5,D,OD,CC,D
14:47:11,JSMR,RG,3800,1,D,OD,NI,D
14:47:11,JSMR,RG,3800,10,D,OD,DX,D
14:47:11,JSMR,RG,3800,12,D,OD,SQ,D
14:47:11,JSMR,RG,3800,2,D,OD,YP,D
14:46:41,JSMR,RG,3800,2,D,PD,YP,D
14:46:41,JSMR,RG,3800,100,D,PD,YP,D
14:46:41,JSMR,RG,3800,10,D,PD,SQ,D
14:46:41,JSMR,RG,3800,5,D,PD,XL,D
14:46:41,JSMR,RG,3800,2,D,PD,CC,D
14:46:41,JSMR,RG,3800,1,D,PD,YP,D
14:46:41,JSMR,RG,3800,2,D,PD,PD,D
14:46:41,JSMR,RG,3800,13,D,PD,YB,D
14:46:41,JSMR,RG,3800,1,D,PD,YP,D
14:46:41,JSMR,RG,3800,1,D,PD,YP,D
14:46:41,JSMR,RG,3800,3,D,PD,NI,D
14:46:41,JSMR,RG,3800,2,D,PD,AI,D
14:46:41,JSMR,RG,3800,85,D,PD,KK,D
14:46:41,JSMR,RG,3800,1,D,PD,HP,D
14:46:41,JSMR,RG,3800,72,D,PD,YP,D
14:46:41,JSMR,RG,3800,28,D,OD,YP,D
14:46:41,JSMR,RG,3800,50,D,OD,YP,D
14:46:41,JSMR,RG,3800,14,D,OD,PD,D
14:46:41,JSMR,RG,3800,30,D,OD,PD,D
14:46:41,JSMR,RG,3800,9,D,OD,XC,D
14:46:41,JSMR,RG,3800,110,D,OD,CC,D
14:46:41,JSMR,RG,3800,7,D,OD,YB,D
14:46:41,JSMR,RG,3800,2,D,OD,XC,D
14:46:41,JSMR,RG,3800,3,D,OD,CC,D
14:46:41,JSMR,RG,3800,5,D,OD,CC,D
14:46:37,JSMR,RG,3790,10,F,AK,YP,D
14:46:37,JSMR,RG,3790,2,F,AK,NI,D
14:46:37,JSMR,RG,3790,2,F,AK,CC,D
14:46:37,JSMR,RG,3790,39,F,AK,DX,F
14:46:37,JSMR,RG,3790,5,F,AK,CC,D
14:46:37,JSMR,RG,3790,3,F,AK,KK,D
14:46:37,JSMR,RG,3790,50,F,AK,NI,D
14:46:37,JSMR,RG,3790,725,F,AK,KZ,D
14:46:37,JSMR,RG,3790,14,F,AK,DX,F
14:46:37,JSMR,RG,3790,1,F,AK,AK,D
14:46:37,JSMR,RG,3790,35,F,AK,DX,F
14:46:37,JSMR,RG,3790,2,F,AK,AK,D
14:46:37,JSMR,RG,3790,1,F,AK,YP,D
14:46:37,JSMR,RG,3790,1,F,AK,XC,D
14:46:37,JSMR,RG,3790,1,F,AK,YP,D
14:46:37,JSMR,RG,3790,98,F,AK,KZ,D
14:46:37,JSMR,RG,3790,100,F,AK,YB,D
14:46:37,JSMR,RG,3790,2,F,AK,YP,D
14:46:37,JSMR,RG,3790,11,F,AK,CC,D
14:46:37,JSMR,RG,3790,25,F,AK,LG,D
14:46:37,JSMR,RG,3790,3,F,AK,YB,D
14:46:37,JSMR,RG,3790,6,F,AK,XL,D
14:46:37,JSMR,RG,3790,69,F,AK,KZ,D
14:46:37,JSMR,RG,3790,20,F,AK,CC,D
14:46:37,JSMR,RG,3790,21,F,AK,KZ,D
14:46:36,JSMR,RG,3790,12,D,CS,KZ,D
14:46:36,JSMR,RG,3790,11,D,CS,KZ,D
14:46:36,JSMR,RG,3780,2,F,AK,AK,D
14:46:17,JSMR,RG,3790,5,D,CC,KZ,D
14:46:10,JSMR,RG,3780,1,F,AK,ZP,D
14:46:08,JSMR,RG,3780,1,F,AK,XL,D
14:45:39,JSMR,RG,3780,26,F,AK,PD,D
14:45:35,JSMR,RG,3790,29,D,OD,KZ,D
14:45:35,JSMR,RG,3790,236,D,OD,GR,D
14:45:34,JSMR,RG,3790,47,D,CS,GR,D
14:45:28,JSMR,RG,3780,1,F,AK,ZP,D
14:44:16,JSMR,RG,3780,2,F,AK,CC,D
14:43:57,JSMR,RG,3790,15,D,YP,GR,D
14:43:47,JSMR,RG,3790,15,D,YP,GR,D
14:43:45,JSMR,RG,3790,187,D,YP,GR,D
14:43:45,JSMR,RG,3790,37,D,YP,PD,D
14:43:40,JSMR,RG,3790,11,D,OD,PD,D
14:43:40,JSMR,RG,3790,14,D,OD,PD,D
14:43:40,JSMR,RG,3790,10,D,OD,SQ,D
14:43:40,JSMR,RG,3790,1,D,OD,CC,D
14:43:40,JSMR,RG,3790,17,D,OD,AG,F
14:43:40,JSMR,RG,3790,34,D,OD,AG,F
14:43:40,JSMR,RG,3790,4,D,OD,GR,D
14:43:40,JSMR,RG,3790,5,D,OD,YU,D
14:43:40,JSMR,RG,3790,1,D,OD,YU,D
14:43:40,JSMR,RG,3790,56,D,OD,YU,D
14:43:40,JSMR,RG,3790,5,D,OD,YU,D
14:43:40,JSMR,RG,3790,2,D,OD,YU,D
14:43:40,JSMR,RG,3790,31,D,OD,YU,D
14:43:40,JSMR,RG,3790,2,D,OD,EP,D
14:43:40,JSMR,RG,3790,2,D,OD,YP,D
14:43:00,JSMR,RG,3790,19,D,CS,YP,D
14:43:00,JSMR,RG,3780,29,F,AK,YU,F
14:43:00,JSMR,RG,3790,5,D,CS,YP,D
14:43:00,JSMR,RG,3790,4,D,CS,YP,D
14:43:00,JSMR,RG,3790,1,D,CS,LS,D
14:43:00,JSMR,RG,3790,6,D,CS,PD,D
14:43:00,JSMR,RG,3790,1,D,CS,PD,D
14:43:00,JSMR,RG,3790,1,D,CS,CP,D
14:43:00,JSMR,RG,3780,2,F,AK,ZP,D
14:43:00,JSMR,RG,3780,18,F,AK,DX,F
14:43:00,JSMR,RG,3780,2,F,AK,ZP,D
14:43:00,JSMR,RG,3780,30,F,AK,DX,F
14:43:00,JSMR,RG,3780,63,F,AK,CS,D
14:43:00,JSMR,RG,3780,15,F,AK,TF,D
14:43:00,JSMR,RG,3780,37,F,AK,DX,F
14:43:00,JSMR,RG,3780,22,F,AK,DX,F
14:43:00,JSMR,RG,3780,20,F,AK,DX,F
14:43:00,JSMR,RG,3780,2,F,AK,YP,D
14:43:00,JSMR,RG,3780,1,F,AK,AK,D
14:43:00,JSMR,RG,3780,14,F,AK,DX,F
14:43:00,JSMR,RG,3780,96,F,AK,KZ,D
14:43:00,JSMR,RG,3780,95,F,AK,CS,D
14:43:00,JSMR,RG,3780,19,F,AK,DX,F
14:43:00,JSMR,RG,3780,586,F,AK,KZ,D
14:43:00,JSMR,RG,3780,1,F,AK,AK,D
14:43:00,JSMR,RG,3780,26,F,AK,YU,F
14:43:00,JSMR,RG,3780,122,F,AK,LG,D
14:42:20,JSMR,RG,3780,1053,D,OD,LG,D
14:42:20,JSMR,RG,3780,9,D,OD,DX,D
14:42:11,JSMR,RG,3780,1,D,OD,DX,D
14:42:11,JSMR,RG,3780,10,D,OD,DH,D
14:42:11,JSMR,RG,3780,2,D,OD,CC,D
14:42:11,JSMR,RG,3780,10,D,OD,CC,D
14:42:11,JSMR,RG,3780,10,D,OD,SQ,D
14:42:11,JSMR,RG,3780,18,D,OD,CC,D
14:42:11,JSMR,RG,3780,30,D,OD,XL,D
14:42:11,JSMR,RG,3780,3,D,OD,YB,D
14:42:11,JSMR,RG,3780,4,D,OD,XC,D
14:42:11,JSMR,RG,3780,2,D,OD,DX,D
14:42:11,JSMR,RG,3780,5,D,OD,EP,D
14:42:11,JSMR,RG,3780,10,D,OD,LG,D
14:42:11,JSMR,RG,3780,2,D,OD,HP,D
14:42:11,JSMR,RG,3780,2,D,OD,PD,D
14:42:11,JSMR,RG,3780,1,D,OD,XL,D
14:42:11,JSMR,RG,3780,1,D,OD,KK,D
14:42:11,JSMR,RG,3780,10,D,OD,XC,D
14:42:11,JSMR,RG,3780,4,D,OD,SQ,D
14:42:11,JSMR,RG,3780,140,D,OD,LG,D
14:42:09,JSMR,RG,3780,265,D,OD,LG,D
14:41:56,JSMR,RG,3770,1,F,AK,XC,D
14:41:54,JSMR,RG,3770,3,F,AK,XL,D
14:41:54,JSMR,RG,3780,5,D,XL,LG,D
14:41:53,JSMR,RG,3770,2,F,AK,YP,D
14:41:47,JSMR,RG,3770,10,F,AK,CC,D
14:41:46,JSMR,RG,3770,1,F,AK,XC,D
14:41:30,JSMR,RG,3770,68,F,AK,YU,D
14:41:30,JSMR,RG,3770,27,D,CS,YU,D
14:41:30,JSMR,RG,3770,75,F,DX,YU,D
14:41:00,JSMR,RG,3770,38,F,DX,YU,F
14:39:29,JSMR,RG,3770,7,F,DX,ZP,D
14:39:24,JSMR,RG,3780,14,F,AK,LG,D
14:39:23,JSMR,RG,3770,1,F,DX,XC,D
14:39:23,JSMR,RG,3770,23,F,DX,DX,F
14:39:23,JSMR,RG,3770,171,F,DX,YU,D
14:39:23,JSMR,RG,3770,14,F,DX,DX,F
14:39:23,JSMR,RG,3770,1,F,DX,AK,D
14:39:23,JSMR,RG,3770,21,F,DX,DX,F
14:39:23,JSMR,RG,3770,127,F,DX,YU,D
14:39:23,JSMR,RG,3770,49,F,DX,DX,F
14:39:23,JSMR,RG,3770,229,F,DX,YU,D
14:39:23,JSMR,RG,3770,159,F,DX,DX,F
14:39:23,JSMR,RG,3770,4,F,DX,ZP,D
14:39:23,JSMR,RG,3770,2,F,DX,AK,D
14:39:23,JSMR,RG,3770,79,F,DX,KZ,D
14:39:21,JSMR,RG,3770,10,F,AK,KZ,D
14:39:20,JSMR,RG,3770,100,D,DH,KZ,D
14:39:18,JSMR,RG,3770,8,D,SQ,KZ,D
14:39:15,JSMR,RG,3770,276,D,LG,KZ,D
14:39:15,JSMR,RG,3770,24,D,LG,DX,F
14:39:15,JSMR,RG,3770,28,D,LG,DX,F
14:39:15,JSMR,RG,3770,32,D,LG,CS,D
14:39:12,JSMR,RG,3770,1,D,YP,CS,D
14:38:57,JSMR,RG,3770,3,D,CC,CS,D
14:38:57,JSMR,RG,3770,57,D,CC,DX,F
14:38:51,JSMR,RG,3770,10,D,YP,DX,F
14:38:51,JSMR,RG,3770,5,D,YP,CS,D
14:38:36,JSMR,RG,3770,7,D,DR,CS,D
14:38:25,JSMR,RG,3770,1,D,YP,CS,D
14:37:55,JSMR,RG,3760,10,F,DX,DR,D
14:37:50,JSMR,RG,3770,5,D,TP,CS,D
14:37:48,JSMR,RG,3770,4,D,SF,CS,D
14:37:48,JSMR,RG,3770,16,F,AK,CS,D
14:37:47,JSMR,RG,3770,44,F,AK,CS,D
14:37:47,JSMR,RG,3770,85,F,AK,DX,F
14:37:47,JSMR,RG,3770,7,F,AK,YU,F
14:37:46,JSMR,RG,3770,21,F,AK,YU,F
14:37:46,JSMR,RG,3770,419,F,AK,KZ,D
14:37:46,JSMR,RG,3770,55,F,AK,DX,F
14:37:46,JSMR,RG,3770,13,F,AK,YU,F
14:37:46,JSMR,RG,3770,56,F,AK,DX,F
14:37:46,JSMR,RG,3770,33,F,AK,CS,D
14:37:46,JSMR,RG,3770,12,F,AK,YU,F
14:37:46,JSMR,RG,3770,16,F,AK,ZP,D
14:37:46,JSMR,RG,3770,41,F,AK,CS,D
14:37:46,JSMR,RG,3770,58,F,AK,DX,F
14:37:46,JSMR,RG,3770,10,F,AK,SQ,D
14:37:46,JSMR,RG,3770,53,F,AK,CS,D
14:37:46,JSMR,RG,3770,42,F,AK,DX,F
14:37:46,JSMR,RG,3770,5,F,AK,AK,D
14:37:46,JSMR,RG,3770,2,F,AK,XC,D
14:37:46,JSMR,RG,3770,77,F,AK,KZ,D
14:37:46,JSMR,RG,3770,69,F,AK,KZ,D
14:37:46,JSMR,RG,3770,18,F,AK,YU,D
14:37:45,JSMR,RG,3770,15,F,AK,YU,D
14:37:45,JSMR,RG,3770,39,F,AK,YU,D
14:37:45,JSMR,RG,3770,12,F,AK,CC,D
14:37:45,JSMR,RG,3770,54,F,AK,YU,D
14:37:45,JSMR,RG,3770,135,F,AK,YP,D
14:37:45,JSMR,RG,3770,800,F,AK,LG,D
14:37:39,JSMR,RG,3770,265,D,OD,LG,D
14:36:58,JSMR,RG,3770,17,D,OD,LG,D
14:36:58,JSMR,RG,3770,63,D,OD,LG,D
14:36:58,JSMR,RG,3770,65,D,OD,LG,D
14:36:58,JSMR,RG,3770,84,D,OD,LG,D
14:36:58,JSMR,RG,3770,7,D,OD,LG,D
14:36:58,JSMR,RG,3770,4,D,OD,LG,D
14:36:58,JSMR,RG,3770,53,D,OD,LG,D
14:36:49,JSMR,RG,3760,21,F,DX,DX,F
14:36:10,JSMR,RG,3760,70,F,DX,PD,D
14:36:10,JSMR,RG,3760,104,F,DX,CS,D
14:36:00,JSMR,RG,3760,150,F,DX,YU,D
14:36:00,JSMR,RG,3760,25,D,OD,YU,D
14:36:00,JSMR,RG,3760,5,D,XC,YU,D
14:36:00,JSMR,RG,3760,33,D,CS,YU,D
14:36:00,JSMR,RG,3760,20,D,SQ,YU,D
14:36:00,JSMR,RG,3760,6,D,YP,YU,D
14:36:00,JSMR,RG,3760,1,D,NI,YU,D
14:36:00,JSMR,RG,3760,13,D,CC,YU,D
14:35:50,JSMR,RG,3760,20,D,CC,DX,F
14:35:47,JSMR,RG,3770,50,D,KI,LG,D
14:35:34,JSMR,RG,3760,4,D,CC,HP,D
14:35:30,JSMR,RG,3760,11,D,CC,AK,D
14:35:17,JSMR,RG,3760,2,D,CC,DX,F
14:35:17,JSMR,RG,3760,16,F,AK,DX,F
14:34:46,JSMR,RG,3770,92,D,ZP,LG,D
14:34:46,JSMR,RG,3770,1,D,ZP,PD,D
14:34:46,JSMR,RG,3770,1,D,ZP,YP,D
14:34:46,JSMR,RG,3770,6,D,ZP,LG,D
14:34:30,JSMR,RG,3760,2,F,AK,AK,D
14:34:19,JSMR,RG,3760,17,F,AK,DX,F
14:34:00,JSMR,RG,3760,239,F,AK,YU,D
14:34:00,JSMR,RG,3760,34,F,AK,YU,F
14:33:56,JSMR,RG,3760,2,F,AK,ZP,D
14:33:55,JSMR,RG,3760,10,F,AK,ZP,D
14:33:47,JSMR,RG,3760,167,F,AK,KZ,D
14:33:47,JSMR,RG,3760,217,F,DX,KZ,D
14:33:45,JSMR,RG,3760,17,F,DX,DX,F
14:33:43,JSMR,RG,3760,1,F,DX,XC,D
14:33:33,JSMR,RG,3760,48,F,DX,LG,D
14:32:43,JSMR,RG,3760,20,F,DX,DX,F
14:32:40,JSMR,RG,3760,1,F,DX,PD,D
14:32:19,JSMR,RG,3760,70,F,DX,YP,D
14:32:01,JSMR,RG,3760,157,F,DX,YU,D
14:31:53,JSMR,RG,3760,104,F,DX,CS,D
14:31:49,JSMR,RG,3760,24,F,DX,DX,F
14:31:23,JSMR,RG,3770,72,D,DH,LG,D
14:31:18,JSMR,RG,3760,6,F,DX,NI,D
14:31:01,JSMR,RG,3760,10,F,DX,NI,D
14:30:47,JSMR,RG,3760,14,F,DX,DX,F
14:30:26,JSMR,RG,3760,104,F,DX,PD,D
14:30:10,JSMR,RG,3760,10,F,DX,KK,D
14:30:02,JSMR,RG,3760,197,F,DX,KZ,D
14:30:02,JSMR,RG,3760,10,D,YP,KZ,D
14:30:02,JSMR,RG,3760,10,D,XC,KZ,D
14:30:02,JSMR,RG,3760,34,D,OD,KZ,D
14:30:02,JSMR,RG,3760,130,D,OD,KZ,D
14:30:01,JSMR,RG,3760,17,D,OD,YU,D
14:30:01,JSMR,RG,3760,146,D,OD,YU,D
14:30:01,JSMR,RG,3760,113,D,OD,YU,D
14:30:00,JSMR,RG,3760,23,D,OD,YU,F
14:29:49,JSMR,RG,3760,60,D,OD,PD,D
14:29:49,JSMR,RG,3760,13,D,OD,PD,D
14:29:49,JSMR,RG,3760,7,D,OD,PD,D
14:29:49,JSMR,RG,3760,24,D,OD,PD,D
14:29:48,JSMR,RG,3760,20,D,OD,CC,D
14:29:45,JSMR,RG,3760,18,D,OD,DX,F
14:29:15,JSMR,RG,3770,633,F,AK,LG,D
14:28:45,JSMR,RG,3760,17,D,OD,DX,F
14:28:29,JSMR,RG,3760,39,D,OD,PD,D
14:28:29,JSMR,RG,3760,20,D,CS,PD,D
14:28:29,JSMR,RG,3760,5,D,AI,PD,D
14:28:29,JSMR,RG,3760,40,D,SQ,PD,D
14:28:18,JSMR,RG,3760,4,D,SQ,ZP,D
14:28:16,JSMR,RG,3760,8,D,SQ,ZP,D
14:28:01,JSMR,RG,3760,48,D,SQ,YU,D
14:28:01,JSMR,RG,3760,100,D,SQ,YU,D
14:28:01,JSMR,RG,3760,6,D,PD,YU,D
14:28:01,JSMR,RG,3760,1,D,PD,YU,D
14:28:01,JSMR,RG,3760,10,D,CS,YU,D
14:28:01,JSMR,RG,3760,1,D,YP,YU,D
14:28:01,JSMR,RG,3760,30,D,SQ,YU,D
14:28:01,JSMR,RG,3760,28,D,CS,YU,D
14:28:01,JSMR,RG,3760,1,D,XC,YU,D
14:28:01,JSMR,RG,3760,7,D,XC,YU,D
14:26:15,JSMR,RG,3760,12,D,XC,AK,D
14:26:00,JSMR,RG,3760,185,D,XC,YU,D
14:26:00,JSMR,RG,3760,25,D,XC,YU,F
14:25:00,JSMR,RG,3760,2,D,XC,AK,D
14:24:39,JSMR,RG,3760,104,D,XC,PD,D
14:24:00,JSMR,RG,3760,65,D,XC,YU,D
14:24:00,JSMR,RG,3760,5,D,CC,YU,D
14:24:00,JSMR,RG,3760,1,D,PD,YU,D
14:24:00,JSMR,RG,3760,1,D,SQ,YU,D
14:24:00,JSMR,RG,3760,10,D,SQ,YU,D
14:24:00,JSMR,RG,3760,2,D,PD,YU,D
14:24:00,JSMR,RG,3760,318,F,DX,YU,D
14:23:02,JSMR,RG,3760,5,F,DX,PD,D
14:22:38,JSMR,RG,3760,8,F,DX,ZP,D
14:22:07,JSMR,RG,3760,333,F,DX,KZ,D
14:22:02,JSMR,RG,3760,336,F,DX,KZ,D
14:22:02,JSMR,RG,3760,5,D,AI,KZ,D
14:22:02,JSMR,RG,3760,50,D,CC,KZ,D
14:22:02,JSMR,RG,3760,8,D,CS,KZ,D
14:22:02,JSMR,RG,3760,4,D,CS,KZ,D
14:22:02,JSMR,RG,3760,2,F,AK,KZ,D
14:22:02,JSMR,RG,3760,17,D,OD,KZ,D
14:22:02,JSMR,RG,3760,63,D,OD,KZ,D
14:22:02,JSMR,RG,3760,49,D,OD,KZ,D
14:22:00,JSMR,RG,3760,16,D,OD,YU,D
14:22:00,JSMR,RG,3760,1,D,OD,YU,D
14:22:00,JSMR,RG,3760,84,D,OD,YU,D
14:22:00,JSMR,RG,3760,7,D,OD,YU,D
14:22:00,JSMR,RG,3760,4,D,OD,YU,D
14:22:00,JSMR,RG,3760,53,D,OD,YU,D
14:22:00,JSMR,RG,3760,18,F,AK,YU,D
14:22:00,JSMR,RG,3760,3,D,PD,YU,D
14:22:00,JSMR,RG,3760,1,D,YP,YU,D
14:22:00,JSMR,RG,3760,181,F,AK,YU,D
14:21:40,JSMR,RG,3770,1,D,PD,LG,D
14:21:20,JSMR,RG,3760,1,F,AK,KK,D
14:20:02,JSMR,RG,3760,129,F,AK,YU,D
14:20:02,JSMR,RG,3760,29,D,CS,YU,D
14:20:02,JSMR,RG,3760,43,F,AK,YU,D
14:20:00,JSMR,RG,3770,11,F,AK,LG,D
14:19:44,JSMR,RG,3770,1,D,YP,LG,D
14:19:25,JSMR,RG,3770,3,D,PD,LG,D
14:19:15,JSMR,RG,3770,321,F,AK,LG,D
14:18:39,JSMR,RG,3760,7,F,AK,SQ,D
14:18:39,JSMR,RG,3760,93,F,DX,SQ,D
14:18:19,JSMR,RG,3760,1,F,DX,ZP,D
14:18:00,JSMR,RG,3760,225,F,DX,YU,D
14:17:56,JSMR,RG,3760,1,F,DX,XL,D
14:16:59,JSMR,RG,3760,1,F,DX,ZP,D
14:16:00,JSMR,RG,3760,208,F,DX,YU,D
14:15:05,JSMR,RG,3770,1,D,XC,LG,D
14:14:52,JSMR,RG,3770,1,D,YP,LG,D
14:14:41,JSMR,RG,3760,7,F,DX,ZP,D
14:14:41,JSMR,RG,3760,38,F,DX,CS,D
14:14:41,JSMR,RG,3760,27,F,DX,CS,D
14:14:41,JSMR,RG,3760,129,F,DX,YU,D
14:14:41,JSMR,RG,3760,4,F,DX,CS,D
14:14:41,JSMR,RG,3760,40,F,DX,CS,D
14:14:41,JSMR,RG,3760,28,F,DX,CS,D
14:14:41,JSMR,RG,3760,84,F,DX,DX,F
14:14:41,JSMR,RG,3760,2,F,DX,AK,D
14:14:41,JSMR,RG,3760,3,F,DX,AK,D
14:14:41,JSMR,RG,3760,1000,F,DX,LG,D
14:14:41,JSMR,RG,3760,9,F,DX,ZP,D
14:14:41,JSMR,RG,3760,6,F,DX,CS,D
14:14:41,JSMR,RG,3760,25,F,DX,CS,D
14:14:41,JSMR,RG,3760,69,F,DX,KZ,D
14:14:18,JSMR,RG,3750,27,D,YP,CC,D
14:14:18,JSMR,RG,3750,73,D,YB,CC,D
14:13:00,JSMR,RG,3750,127,D,YB,YU,D
14:13:00,JSMR,RG,3750,18,D,XC,YU,D
14:13:00,JSMR,RG,3750,25,D,YB,YU,D
14:13:00,JSMR,RG,3750,1,D,PD,YU,D
14:13:00,JSMR,RG,3750,20,D,EP,YU,D
14:13:00,JSMR,RG,3750,1,D,PD,YU,D
14:13:00,JSMR,RG,3750,1,D,KK,YU,D
14:13:00,JSMR,RG,3750,2,D,CC,YU,D
14:13:00,JSMR,RG,3750,10,D,YP,YU,D
14:13:00,JSMR,RG,3750,20,D,CC,YU,D
14:13:00,JSMR,RG,3750,50,D,NI,YU,D
14:13:00,JSMR,RG,3750,5,D,XC,YU,D
14:13:00,JSMR,RG,3750,43,F,DX,YU,D
14:12:26,JSMR,RG,3750,57,F,DX,PD,D
14:12:26,JSMR,RG,3750,16,D,LG,PD,D
14:12:26,JSMR,RG,3750,5,D,CC,PD,D
14:12:26,JSMR,RG,3750,11,D,OD,PD,D
14:12:26,JSMR,RG,3750,15,D,OD,PD,D
14:12:18,JSMR,RG,3760,1,D,ZP,KZ,D
14:12:13,JSMR,RG,3750,27,D,OD,PD,D
14:12:13,JSMR,RG,3750,43,D,OD,PD,D
14:12:13,JSMR,RG,3750,1,D,OD,PD,D
14:12:13,JSMR,RG,3750,33,D,OD,PD,D
14:12:07,JSMR,RG,3760,22,D,CS,KZ,D
14:12:07,JSMR,RG,3760,1,D,NI,KZ,D
14:12:07,JSMR,RG,3760,30,D,YP,KZ,D
14:12:07,JSMR,RG,3760,1,D,YP,KZ,D
14:12:07,JSMR,RG,3760,25,D,PD,KZ,D
14:12:07,JSMR,RG,3760,20,D,CC,KZ,D
14:12:07,JSMR,RG,3760,25,D,CS,KZ,D
14:12:07,JSMR,RG,3760,5,D,PD,KZ,D
14:12:07,JSMR,RG,3760,1,D,PD,KZ,D
14:12:07,JSMR,RG,3760,266,F,DX,KZ,D
14:12:03,JSMR,RG,3760,35,F,DX,DX,F
14:11:00,JSMR,RG,3760,199,F,DX,YU,D
14:11:00,JSMR,RG,3760,17,D,OD,YU,D
14:11:00,JSMR,RG,3760,4,D,OD,YU,D
14:10:18,JSMR,RG,3760,4,D,OD,YP,D
14:10:06,JSMR,RG,3760,8,D,OD,GR,D
14:10:00,JSMR,RG,3770,196,F,AK,LG,D
14:09:58,JSMR,RG,3760,4,D,OD,ZP,D
14:09:57,JSMR,RG,3760,43,D,OD,KZ,D
14:09:57,JSMR,RG,3760,65,D,OD,KZ,D
14:09:57,JSMR,RG,3760,1,D,OD,KZ,D
14:09:57,JSMR,RG,3760,84,D,OD,KZ,D
14:09:57,JSMR,RG,3760,7,D,OD,KZ,D
14:09:57,JSMR,RG,3760,4,D,OD,KZ,D
14:09:57,JSMR,RG,3760,53,D,OD,KZ,D
14:09:57,JSMR,RG,3760,30,D,AZ,KZ,D
14:09:57,JSMR,RG,3760,107,F,DX,KZ,D
14:09:00,JSMR,RG,3760,167,F,DX,YU,D
14:08:35,JSMR,RG,3770,1,D,PD,LG,D
14:07:22,JSMR,RG,3760,40,F,DX,CC,D
14:07:10,JSMR,RG,3760,62,F,DX,CS,D
14:07:10,JSMR,RG,3760,45,F,DX,CS,D
14:07:10,JSMR,RG,3760,17,F,DX,CS,D
14:07:10,JSMR,RG,3760,10,F,DX,AK,D
14:07:10,JSMR,RG,3760,11,F,DX,ZP,D
14:07:10,JSMR,RG,3760,2,F,DX,CC,D
14:07:10,JSMR,RG,3760,2,F,DX,CC,D
14:07:10,JSMR,RG,3760,10,F,DX,YP,D
14:07:10,JSMR,RG,3760,4,F,DX,CS,D
14:07:10,JSMR,RG,3760,12,F,DX,CS,D
14:07:10,JSMR,RG,3760,11,F,DX,DX,F
14:07:07,JSMR,RG,3760,22,D,PD,DX,F
14:07:03,JSMR,RG,3760,221,F,DX,DX,F
14:07:03,JSMR,RG,3760,2,F,DX,AK,D
14:07:03,JSMR,RG,3760,3,F,DX,AK,D
14:07:03,JSMR,RG,3760,231,F,DX,KZ,D
14:07:03,JSMR,RG,3760,4,F,DX,ZP,D
14:07:03,JSMR,RG,3760,3,F,DX,CS,D
14:07:03,JSMR,RG,3760,36,F,DX,LG,D
14:07:00,JSMR,RG,3750,23,D,OD,YU,D
14:07:00,JSMR,RG,3750,5,D,OD,YU,D
14:07:00,JSMR,RG,3750,2,D,OD,YU,D
14:07:00,JSMR,RG,3750,35,D,OD,YU,D
14:07:00,JSMR,RG,3750,1,D,CC,YU,D
14:07:00,JSMR,RG,3750,2,D,PD,YU,D
14:07:00,JSMR,RG,3750,2,D,PD,YU,D
14:07:00,JSMR,RG,3750,114,F,DX,YU,D
14:06:13,JSMR,RG,3750,22,F,DX,DX,F
14:06:04,JSMR,RG,3750,15,F,DX,CC,D
14:05:52,JSMR,RG,3760,1,D,XC,LG,D
14:05:44,JSMR,RG,3750,3,F,DX,ZP,D
14:05:42,JSMR,RG,3750,9,F,DX,ZP,D
14:05:25,JSMR,RG,3760,12,D,CC,LG,D
14:05:17,JSMR,RG,3760,36,D,CS,LG,D
14:05:17,JSMR,RG,3760,5,D,DR,LG,D
14:05:17,JSMR,RG,3760,910,F,DX,LG,D
14:05:14,JSMR,RG,3760,6,F,DX,AK,F
14:05:13,JSMR,RG,3760,84,F,DX,AK,F
14:05:13,JSMR,RG,3760,27,D,PD,AK,F
14:05:13,JSMR,RG,3760,15,D,CC,AK,F
14:05:13,JSMR,RG,3760,24,D,CS,AK,F
14:05:13,JSMR,RG,3760,20,D,LG,AK,F
14:05:13,JSMR,RG,3760,10,D,CC,AK,F
14:05:13,JSMR,RG,3760,12,D,CS,AK,F
14:05:13,JSMR,RG,3760,10,D,PD,AK,F
14:05:13,JSMR,RG,3760,3,D,YP,AK,F
14:05:13,JSMR,RG,3760,10,D,PD,AK,F
14:05:13,JSMR,RG,3760,96,D,CC,AK,F
14:05:12,JSMR,RG,3760,4,D,CC,KZ,D
14:05:12,JSMR,RG,3760,268,F,DX,KZ,D
14:05:12,JSMR,RG,3760,104,F,DX,PD,D
14:05:09,JSMR,RG,3760,128,F,DX,LG,D
14:05:09,JSMR,RG,3760,15,D,DH,LG,D
14:05:09,JSMR,RG,3760,100,D,SQ,LG,D
14:05:09,JSMR,RG,3760,83,D,XC,LG,D
14:05:09,JSMR,RG,3760,18,D,KK,LG,D
14:05:09,JSMR,RG,3760,1,D,YP,LG,D
14:05:09,JSMR,RG,3760,10,D,YP,LG,D
14:05:09,JSMR,RG,3760,10,D,PD,LG,D
14:05:09,JSMR,RG,3760,5,D,YP,LG,D
14:05:09,JSMR,RG,3760,1,D,YP,LG,D
14:05:09,JSMR,RG,3760,15,D,CC,LG,D
14:05:09,JSMR,RG,3760,1,D,YP,LG,D
14:05:09,JSMR,RG,3760,1,D,YP,LG,D
14:05:09,JSMR,RG,3760,20,D,YP,LG,D
14:05:09,JSMR,RG,3760,1,D,PD,LG,D
14:05:09,JSMR,RG,3760,5,D,YP,LG,D
14:05:09,JSMR,RG,3760,16,D,AG,LG,D
14:05:09,JSMR,RG,3760,2,D,XC,LG,D
14:05:09,JSMR,RG,3760,1,D,PD,LG,D
14:05:09,JSMR,RG,3760,2,D,PD,LG,D
14:05:09,JSMR,RG,3760,2,D,KK,LG,D
14:05:09,JSMR,RG,3760,28,D,OD,LG,D
14:05:09,JSMR,RG,3760,105,D,OD,LG,D
14:05:09,JSMR,RG,3760,108,D,OD,LG,D
14:05:09,JSMR,RG,3760,2,D,OD,LG,D
14:05:09,JSMR,RG,3760,140,D,OD,LG,D
14:05:09,JSMR,RG,3760,12,D,OD,LG,D
14:05:09,JSMR,RG,3760,6,D,OD,LG,D
14:05:09,JSMR,RG,3760,88,D,OD,LG,D
14:05:09,JSMR,RG,3760,5,D,KK,LG,D
14:05:09,JSMR,RG,3760,1,D,DH,LG,D
14:05:09,JSMR,RG,3760,10,D,YU,LG,D
14:05:09,JSMR,RG,3760,1,D,NI,LG,D
14:05:09,JSMR,RG,3760,1,D,PD,LG,D
14:05:09,JSMR,RG,3760,3,D,DR,LG,D
14:05:09,JSMR,RG,3760,5,D,KK,LG,D
14:05:09,JSMR,RG,3760,3,D,KK,LG,D
14:05:09,JSMR,RG,3760,5,D,CC,LG,D
14:05:09,JSMR,RG,3760,10,D,PD,LG,D
14:05:09,JSMR,RG,3760,1,D,DH,LG,D
14:05:09,JSMR,RG,3760,1,D,KK,LG,D
14:05:09,JSMR,RG,3760,28,D,PD,LG,D
14:05:08,JSMR,RG,3760,99,D,PD,YP,D
14:04:33,JSMR,RG,3760,106,D,PD,YU,D
14:02:33,JSMR,RG,3760,86,D,PD,YB,D
14:02:33,JSMR,RG,3760,2,D,PD,PD,D
14:02:25,JSMR,RG,3760,30,D,PD,DX,D
14:02:08,JSMR,RG,3760,49,D,PD,PD,D
14:02:08,JSMR,RG,3760,55,D,MI,PD,D
14:02:00,JSMR,RG,3760,45,D,MI,YU,D
14:02:00,JSMR,RG,3760,1,D,YP,YU,D
14:02:00,JSMR,RG,3760,5,D,DR,YU,D
14:02:00,JSMR,RG,3760,91,D,AG,YU,D
14:01:32,JSMR,RG,3770,2,D,XC,LG,D
14:01:29,JSMR,RG,3760,9,D,AG,PD,D
14:01:29,JSMR,RG,3760,10,D,PD,PD,D
14:01:29,JSMR,RG,3760,11,D,OD,PD,D
14:01:29,JSMR,RG,3760,42,D,OD,PD,D
14:01:29,JSMR,RG,3760,32,D,OD,PD,D
14:00:29,JSMR,RG,3770,4,D,XL,LG,D
14:00:04,JSMR,RG,3760,7,D,OD,ZP,D
14:00:00,JSMR,RG,3760,4,D,OD,YU,D
14:00:00,JSMR,RG,3760,1,D,OD,YU,D
14:00:00,JSMR,RG,3760,56,D,OD,YU,D
14:00:00,JSMR,RG,3760,5,D,OD,YU,D
14:00:00,JSMR,RG,3760,2,D,OD,YU,D
14:00:00,JSMR,RG,3760,35,D,OD,YU,D
14:00:00,JSMR,RG,3760,25,D,YB,YU,D
14:00:00,JSMR,RG,3760,1,D,PD,YU,D
14:00:00,JSMR,RG,3760,4,D,SQ,YU,D
14:00:00,JSMR,RG,3760,5,D,KK,YU,D
14:00:00,JSMR,RG,3760,100,D,YP,YU,D
14:00:00,JSMR,RG,3760,1,D,CC,YU,D
14:00:00,JSMR,RG,3760,4,D,YB,YU,D
14:00:00,JSMR,RG,3760,1,D,XL,YU,D
14:00:00,JSMR,RG,3760,1,D,PD,YU,D
14:00:00,JSMR,RG,3760,2,D,YP,YU,D
14:00:00,JSMR,RG,3760,1,D,NI,YU,D
14:00:00,JSMR,RG,3760,10,F,DX,YU,D
13:59:54,JSMR,RG,3770,2,D,XC,LG,D
13:58:32,JSMR,RG,3770,17,D,OD,LG,D
13:58:32,JSMR,RG,3770,63,D,OD,LG,D
13:58:32,JSMR,RG,3770,65,D,OD,LG,D
13:58:32,JSMR,RG,3770,1,D,OD,LG,D
13:58:32,JSMR,RG,3770,84,D,OD,LG,D
13:58:32,JSMR,RG,3770,7,D,OD,LG,D
13:58:32,JSMR,RG,3770,4,D,OD,LG,D
13:58:32,JSMR,RG,3770,4,D,OD,LG,D
13:58:32,JSMR,RG,3770,9,D,OD,CS,D
13:58:32,JSMR,RG,3770,6,D,OD,CS,D
13:58:32,JSMR,RG,3770,34,D,OD,CS,D
13:58:00,JSMR,RG,3760,157,F,DX,YU,D
13:57:44,JSMR,RG,3770,5,D,YP,YU,D
13:57:35,JSMR,RG,3770,3,D,YP,YU,D
13:57:06,JSMR,RG,3770,5,D,YP,YU,D
13:56:31,JSMR,RG,3770,63,F,AK,YU,F
13:56:31,JSMR,RG,3770,14,F,AK,AK,D
13:56:31,JSMR,RG,3770,10,F,AK,CS,D
13:56:31,JSMR,RG,3770,13,F,AK,CS,D
13:56:31,JSMR,RG,3770,51,F,AK,CS,D
13:56:31,JSMR,RG,3770,166,F,AK,KZ,D
13:56:27,JSMR,RG,3770,5,D,YP,KZ,D
13:56:27,JSMR,RG,3770,16,D,CS,KZ,D
13:56:27,JSMR,RG,3770,12,D,CS,KZ,D
13:56:27,JSMR,RG,3770,2,D,YP,KZ,D
13:56:27,JSMR,RG,3770,80,F,DX,KZ,D
13:56:04,JSMR,RG,3770,26,F,DX,CS,D
13:56:04,JSMR,RG,3770,22,F,DX,CS,D
13:56:04,JSMR,RG,3770,29,F,DX,CS,D
13:56:04,JSMR,RG,3770,68,F,DX,YU,F
13:56:04,JSMR,RG,3770,215,F,DX,YU,D
13:56:04,JSMR,RG,3770,3,F,DX,AK,D
13:56:04,JSMR,RG,3770,2,F,DX,AK,D
13:56:04,JSMR,RG,3770,34,F,DX,YU,F
13:56:04,JSMR,RG,3770,12,F,DX,CS,D
13:56:04,JSMR,RG,3770,9,F,DX,ZP,D
13:56:00,JSMR,RG,3770,1,D,XL,ZP,D
13:56:00,JSMR,RG,3760,156,F,DX,YU,D
13:55:58,JSMR,RG,3770,2,D,PD,ZP,D
13:55:32,JSMR,RG,3770,4,D,CS,YU,F
13:55:32,JSMR,RG,3770,7,D,LG,YU,F
13:55:30,JSMR,RG,3770,3,D,LG,CS,D
13:55:30,JSMR,RG,3770,1,D,YP,CS,D
13:55:30,JSMR,RG,3770,2,D,YP,YU,F
13:55:30,JSMR,RG,3770,15,D,SQ,YU,F
13:55:28,JSMR,RG,3770,21,D,SQ,YU,F
13:55:26,JSMR,RG,3770,15,D,SQ,YU,F
13:55:23,JSMR,RG,3770,25,D,SQ,YU,F
13:55:20,JSMR,RG,3770,24,D,SQ,YU,F
13:55:18,JSMR,RG,3770,19,D,SQ,YU,F
13:55:16,JSMR,RG,3780,1,D,NI,LG,D
13:55:15,JSMR,RG,3770,15,D,SQ,CS,D
13:55:15,JSMR,RG,3770,22,D,SQ,YU,F
13:55:13,JSMR,RG,3770,24,D,SQ,YU,F
13:55:11,JSMR,RG,3770,14,D,SQ,YU,F
13:55:09,JSMR,RG,3770,19,D,SQ,YU,F
13:55:07,JSMR,RG,3770,15,D,SQ,YU,F
13:55:05,JSMR,RG,3770,16,D,SQ,YU,F
13:55:03,JSMR,RG,3770,21,D,SQ,YU,F
13:55:00,JSMR,RG,3770,25,D,SQ,YU,F
13:54:57,JSMR,RG,3770,23,D,SQ,YU,F
13:54:54,JSMR,RG,3770,22,D,SQ,YU,F
13:54:52,JSMR,RG,3770,15,D,SQ,YP,D
13:54:52,JSMR,RG,3770,19,D,SQ,YU,F
13:54:50,JSMR,RG,3770,22,D,SQ,YU,F
13:54:47,JSMR,RG,3770,22,D,SQ,YU,F
13:54:45,JSMR,RG,3770,22,D,SQ,YU,F
13:54:42,JSMR,RG,3770,23,D,SQ,YU,F
13:54:39,JSMR,RG,3770,29,D,SQ,YU,F
13:54:37,JSMR,RG,3770,13,D,SQ,YU,F
13:54:37,JSMR,RG,3770,25,D,CS,YU,F
13:54:37,JSMR,RG,3770,1,D,AZ,YU,F
13:54:34,JSMR,RG,3770,66,F,AK,YU,F
13:54:31,JSMR,RG,3770,2,F,AK,YU,F
13:54:31,JSMR,RG,3770,1,D,GR,YU,F
13:54:31,JSMR,RG,3770,15,D,NI,YU,F
13:54:29,JSMR,RG,3770,16,D,NI,YU,F
13:54:23,JSMR,RG,3770,15,D,NI,YU,F
13:54:20,JSMR,RG,3770,4,D,NI,YU,F
13:54:20,JSMR,RG,3770,5,D,DR,YU,F
13:54:20,JSMR,RG,3770,10,D,AT,YU,F
13:54:20,JSMR,RG,3770,1,D,PD,YU,F
13:54:20,JSMR,RG,3770,5,D,YP,YU,F
13:54:20,JSMR,RG,3770,16,D,CS,YU,F
13:54:18,JSMR,RG,3770,8,D,CS,CS,D
13:54:18,JSMR,RG,3770,22,D,OD,CS,D
13:54:18,JSMR,RG,3770,23,D,OD,CS,D
13:54:17,JSMR,RG,3770,61,D,OD,KZ,D
13:54:17,JSMR,RG,3770,86,D,OD,KZ,D
13:54:17,JSMR,RG,3770,1,D,OD,KZ,D
13:54:17,JSMR,RG,3770,112,D,OD,KZ,D
13:54:17,JSMR,RG,3770,9,D,OD,KZ,D
13:54:17,JSMR,RG,3770,5,D,OD,KZ,D
13:54:17,JSMR,RG,3770,70,D,OD,KZ,D
13:54:17,JSMR,RG,3770,50,D,CC,KZ,D
13:54:17,JSMR,RG,3770,1,D,SQ,KZ,D
13:54:17,JSMR,RG,3770,5,D,XL,KZ,D
13:54:17,JSMR,RG,3770,3,D,DH,KZ,D
13:54:17,JSMR,RG,3770,1,D,XL,KZ,D
13:54:17,JSMR,RG,3770,1,D,PD,KZ,D
13:54:17,JSMR,RG,3770,5,D,XC,KZ,D
13:54:17,JSMR,RG,3770,107,F,DX,KZ,D
13:54:06,JSMR,RG,3770,25,F,DX,YU,F
13:54:02,JSMR,RG,3770,22,F,DX,YU,F
13:54:00,JSMR,RG,3770,278,F,DX,YU,D
13:53:58,JSMR,RG,3780,8,D,PD,LG,D
13:53:10,JSMR,RG,3780,6,D,XL,LG,D
13:53:09,JSMR,RG,3770,2,F,DX,SQ,D
13:53:06,JSMR,RG,3770,2,F,DX,ZP,D
13:53:04,JSMR,RG,3770,17,F,DX,YU,F
13:53:00,JSMR,RG,3770,20,F,DX,OD,D
13:52:56,JSMR,RG,3770,17,F,DX,YU,F
13:52:53,JSMR,RG,3770,104,F,DX,PD,D
13:52:36,JSMR,RG,3770,16,F,DX,YU,F
13:52:32,JSMR,RG,3770,104,F,DX,PD,D
13:52:25,JSMR,RG,3770,22,F,DX,YU,F
13:52:23,JSMR,RG,3770,19,F,DX,YU,F
13:52:21,JSMR,RG,3770,5,F,DX,ZP,D
13:52:20,JSMR,RG,3770,33,F,DX,YU,F
13:52:19,JSMR,RG,3770,104,F,DX,PD,D
13:52:18,JSMR,RG,3770,103,F,DX,KZ,D
13:52:18,JSMR,RG,3770,2,D,PD,KZ,D
13:52:18,JSMR,RG,3770,21,D,CS,KZ,D
13:52:18,JSMR,RG,3770,8,D,XC,KZ,D
13:52:18,JSMR,RG,3770,1,D,YP,KZ,D
13:52:18,JSMR,RG,3770,16,D,CS,KZ,D
13:52:18,JSMR,RG,3770,15,D,CS,KZ,D
13:52:18,JSMR,RG,3770,198,D,SQ,KZ,D
13:52:17,JSMR,RG,3770,22,D,SQ,YU,F
13:52:15,JSMR,RG,3770,15,D,SQ,YU,F
13:52:04,JSMR,RG,3770,24,D,SQ,YU,F
13:52:02,JSMR,RG,3770,17,D,SQ,YU,F
13:52:00,JSMR,RG,3770,26,D,SQ,YU,D
13:52:00,JSMR,RG,3770,198,D,SQ,YU,D
13:52:00,JSMR,RG,3770,7,D,XC,YU,D
13:52:00,JSMR,RG,3770,133,D,YP,YU,D
13:52:00,JSMR,RG,3770,100,D,YP,YU,D
13:52:00,JSMR,RG,3770,34,F,DX,YU,D
13:51:20,JSMR,RG,3770,1,F,DX,YB,D
13:51:18,JSMR,RG,3770,21,F,DX,YU,F
13:51:16,JSMR,RG,3770,15,F,DX,YU,F
13:51:12,JSMR,RG,3770,338,F,DX,KZ,D
13:50:20,JSMR,RG,3780,4,D,YB,LG,D
13:50:05,JSMR,RG,3770,24,F,DX,YU,F
13:50:03,JSMR,RG,3770,18,F,DX,YU,F
13:50:00,JSMR,RG,3770,238,F,DX,YU,D
13:49:56,JSMR,RG,3780,210,D,DR,LG,D
13:49:53,JSMR,RG,3770,1,F,DX,YP,D
13:49:37,JSMR,RG,3770,310,F,DX,KZ,D
13:49:37,JSMR,RG,3770,5,D,CC,KZ,D
13:49:37,JSMR,RG,3770,1,D,PD,KZ,D
13:49:37,JSMR,RG,3770,5,D,YP,KZ,D
13:49:37,JSMR,RG,3770,9,D,CS,KZ,D
13:49:37,JSMR,RG,3770,5,D,YP,KZ,D
13:49:37,JSMR,RG,3770,123,D,DR,KZ,D
13:49:12,JSMR,RG,3780,1,D,DH,LG,D
13:48:32,JSMR,RG,3780,2,D,XL,LG,D
13:48:23,JSMR,RG,3770,1,D,DR,XC,D
13:48:00,JSMR,RG,3770,46,D,DR,YU,D
13:48:00,JSMR,RG,3770,10,D,KK,YU,D
13:48:00,JSMR,RG,3770,28,D,CS,YU,D
13:48:00,JSMR,RG,3770,9,D,XC,YU,D
13:48:00,JSMR,RG,3770,4,D,PD,YU,D
13:48:00,JSMR,RG,3770,5,D,YP,YU,D
13:48:00,JSMR,RG,3770,22,D,OD,YU,D
13:48:00,JSMR,RG,3770,15,D,OD,YU,D
13:47:42,JSMR,RG,3780,3,D,DH,LG,D
13:47:37,JSMR,RG,3770,20,D,OD,XC,D
13:47:29,JSMR,RG,3780,160,D,DR,LG,D
13:46:48,JSMR,RG,3780,8,D,GR,LG,D
13:46:36,JSMR,RG,3780,5,D,YP,LG,D
13:46:07,JSMR,RG,3770,49,D,OD,LG,D
13:46:07,JSMR,RG,3770,11,D,OD,LG,D
13:46:02,JSMR,RG,3780,160,D,AZ,LG,D
13:46:00,JSMR,RG,3770,75,D,OD,YU,D
13:46:00,JSMR,RG,3770,1,D,OD,YU,D
13:46:00,JSMR,RG,3770,112,D,OD,YU,D
13:46:00,JSMR,RG,3770,9,D,OD,YU,D
13:46:00,JSMR,RG,3770,5,D,OD,YU,D
13:46:00,JSMR,RG,3770,70,D,OD,YU,D
13:46:00,JSMR,RG,3770,5,D,CC,YU,D
13:46:00,JSMR,RG,3770,1,D,XC,YU,D
13:46:00,JSMR,RG,3770,29,D,CS,YU,D
13:46:00,JSMR,RG,3770,1,D,YP,YU,D
13:46:00,JSMR,RG,3770,1,D,YP,YU,D
13:46:00,JSMR,RG,3770,4,D,XC,YU,D
13:46:00,JSMR,RG,3770,12,F,DX,YU,D
13:45:45,JSMR,RG,3770,17,F,DX,AK,D
13:45:35,JSMR,RG,3780,258,D,PD,LG,D
13:45:35,JSMR,RG,3780,42,D,PD,YU,F
13:45:35,JSMR,RG,3780,7,D,PD,CS,D
13:45:35,JSMR,RG,3780,19,D,PD,YU,F
13:45:35,JSMR,RG,3780,25,D,PD,CC,D
13:45:35,JSMR,RG,3780,54,D,PD,YU,F
13:45:35,JSMR,RG,3780,39,D,PD,CS,D
13:45:35,JSMR,RG,3780,23,D,PD,CS,D
13:45:35,JSMR,RG,3780,49,D,PD,YU,F
13:45:35,JSMR,RG,3780,7,D,PD,ZP,D
13:45:35,JSMR,RG,3780,27,D,PD,CS,D
13:44:52,JSMR,RG,3780,6,D,YP,CS,D
13:44:52,JSMR,RG,3780,4,D,YP,YU,F
13:44:29,JSMR,RG,3780,2,D,XL,YU,F
13:44:15,JSMR,RG,3770,2,F,DX,AK,D
13:44:14,JSMR,RG,3770,24,F,DX,PD,D
13:44:14,JSMR,RG,3770,17,F,DX,YU,F
13:44:10,JSMR,RG,3770,15,F,DX,CC,D
13:44:07,JSMR,RG,3770,103,F,DX,CS,D
13:44:03,JSMR,RG,3770,20,F,DX,YU,F
13:44:01,JSMR,RG,3770,23,F,DX,YU,F
13:44:00,JSMR,RG,3770,467,F,DX,YU,D
13:43:20,JSMR,RG,3770,1,F,DX,ZP,D
13:42:42,JSMR,RG,3770,1,F,DX,YP,D
13:42:10,JSMR,RG,3770,1,F,DX,XC,D
13:41:47,JSMR,RG,3780,2,D,CC,YU,F
13:41:37,JSMR,RG,3770,5,F,DX,CC,D
13:41:08,JSMR,RG,3770,5,F,DX,OD,D
13:40:41,JSMR,RG,3770,2,F,DX,CC,D
13:40:40,JSMR,RG,3780,5,D,YP,YU,F
13:39:51,JSMR,RG,3780,26,D,YP,YU,F
13:39:49,JSMR,RG,3770,20,F,DX,ZP,D
13:39:47,JSMR,RG,3770,1,F,DX,ZP,D
13:39:29,JSMR,RG,3770,23,F,DX,YU,F
13:39:25,JSMR,RG,3770,24,F,DX,YU,F
13:39:22,JSMR,RG,3770,217,F,DX,KZ,D
13:39:22,JSMR,RG,3770,10,D,DR,KZ,D
13:39:22,JSMR,RG,3770,10,D,PD,KZ,D
13:39:22,JSMR,RG,3770,10,D,CS,KZ,D
13:39:22,JSMR,RG,3770,1,D,XC,KZ,D
13:39:22,JSMR,RG,3770,63,D,YP,KZ,D
13:39:21,JSMR,RG,3770,20,D,YP,YU,F
13:39:19,JSMR,RG,3770,100,D,YP,PD,D
13:38:29,JSMR,RG,3770,17,D,YP,XC,D
13:38:29,JSMR,RG,3770,5,D,YP,XC,D
13:38:29,JSMR,RG,3770,2,D,YP,XC,D
13:38:29,JSMR,RG,3770,10,D,YP,XC,D
13:38:29,JSMR,RG,3770,1,D,XL,XC,D
13:38:29,JSMR,RG,3770,1,D,YP,XC,D
13:38:29,JSMR,RG,3770,1,D,YP,XC,D
13:38:29,JSMR,RG,3770,1,D,XC,XC,D
13:38:29,JSMR,RG,3770,15,D,YP,XC,D
13:38:29,JSMR,RG,3770,4,D,PD,XC,D
13:38:10,JSMR,RG,3780,10,D,KK,YU,F
13:38:05,JSMR,RG,3770,14,D,PD,YU,F
13:38:05,JSMR,RG,3770,2,D,PD,PD,D
13:38:05,JSMR,RG,3770,1,D,XC,PD,D
13:38:05,JSMR,RG,3770,7,D,OD,PD,D
13:38:02,JSMR,RG,3770,15,D,OD,YU,F
13:38:02,JSMR,RG,3770,8,D,OD,YU,F
13:38:00,JSMR,RG,3770,76,D,OD,YU,D
13:38:00,JSMR,RG,3770,86,D,OD,YU,D
13:38:00,JSMR,RG,3770,1,D,OD,YU,D
13:38:00,JSMR,RG,3770,112,D,OD,YU,D
13:38:00,JSMR,RG,3770,9,D,OD,YU,D
13:38:00,JSMR,RG,3770,2,D,SQ,YU,D
13:37:55,JSMR,RG,3770,5,D,SQ,KK,D
13:37:46,JSMR,RG,3770,21,D,SQ,YU,F
13:37:43,JSMR,RG,3770,26,D,SQ,YU,F
13:37:36,JSMR,RG,3770,22,D,SQ,YU,F
13:37:28,JSMR,RG,3770,21,D,SQ,YU,F
13:37:26,JSMR,RG,3770,19,D,SQ,YU,F
13:37:25,JSMR,RG,3770,33,D,SQ,YU,F
13:37:23,JSMR,RG,3770,78,D,SQ,CS,D
13:37:22,JSMR,RG,3770,355,D,SQ,KZ,D
13:37:22,JSMR,RG,3770,4,D,SQ,PD,D
13:37:22,JSMR,RG,3770,24,D,SQ,YU,F
13:37:20,JSMR,RG,3770,25,D,SQ,YU,F
13:37:18,JSMR,RG,3770,352,D,SQ,KZ,D
13:37:17,JSMR,RG,3770,13,D,SQ,YU,F
13:37:17,JSMR,RG,3770,1,D,XC,YU,F
13:37:15,JSMR,RG,3770,1,D,XC,YU,F
13:37:15,JSMR,RG,3770,66,D,YP,YU,F
13:37:13,JSMR,RG,3770,84,D,YP,LG,D
13:37:13,JSMR,RG,3770,5,D,OD,LG,D
13:37:13,JSMR,RG,3770,70,D,OD,LG,D
13:37:13,JSMR,RG,3770,10,D,XC,LG,D
13:37:13,JSMR,RG,3770,50,D,XC,LG,D
13:37:13,JSMR,RG,3770,10,D,XC,LG,D
13:37:13,JSMR,RG,3770,60,D,AI,LG,D
13:37:13,JSMR,RG,3770,1,D,DH,LG,D
13:37:13,JSMR,RG,3770,100,D,PG,LG,D
13:37:13,JSMR,RG,3770,12,D,CS,LG,D
13:37:13,JSMR,RG,3770,2,D,XC,LG,D
13:37:13,JSMR,RG,3770,10,D,AT,LG,D
13:37:13,JSMR,RG,3770,586,F,DX,LG,D
13:36:46,JSMR,RG,3770,17,F,DX,ZP,D
13:36:38,JSMR,RG,3770,6,F,DX,OD,D
13:36:28,JSMR,RG,3770,2,F,DX,YP,D
13:35:00,JSMR,RG,3770,122,F,DX,YU,D
13:33:05,JSMR,RG,3780,3,D,ZP,YU,F
13:33:05,JSMR,RG,3780,16,D,ZP,CS,D
13:33:05,JSMR,RG,3780,2,D,ZP,YP,D
13:33:05,JSMR,RG,3780,35,D,ZP,CS,D
13:33:05,JSMR,RG,3780,19,D,ZP,YU,F
13:30:46,JSMR,RG,3780,1,D,YP,YU,F
13:30:40,JSMR,RG,3780,1,D,PD,YU,F
13:30:29,JSMR,RG,3770,22,F,DX,YU,F
13:30:26,JSMR,RG,3770,20,F,DX,YU,F
13:30:19,JSMR,RG,3770,24,F,DX,YU,F
13:30:17,JSMR,RG,3770,1,F,DX,YP,D
13:30:16,JSMR,RG,3770,1,F,DX,YP,D
13:30:12,JSMR,RG,3770,21,F,DX,YU,F
13:30:10,JSMR,RG,3780,1,D,YP,YU,F
13:30:09,JSMR,RG,3780,1,D,XL,YU,F
13:30:09,JSMR,RG,3780,2,D,YP,YU,F
13:30:07,JSMR,RG,3770,17,F,DX,YU,F
13:30:07,JSMR,RG,3770,90,F,DX,YU,F
13:30:06,JSMR,RG,3770,7,F,DX,AK,D
13:30:03,JSMR,RG,3770,64,F,DX,YU,D
13:30:03,JSMR,RG,3770,10,D,XC,YU,D
13:30:03,JSMR,RG,3770,11,D,CS,YU,D
13:30:03,JSMR,RG,3770,9,D,CS,YU,D
13:30:03,JSMR,RG,3770,1,D,XC,YU,D
13:30:03,JSMR,RG,3770,10,D,CS,YU,D
13:30:03,JSMR,RG,3770,1,D,XC,YU,D
13:30:03,JSMR,RG,3770,1,D,IF,YU,D
13:30:03,JSMR,RG,3770,18,D,CS,YU,D
13:30:03,JSMR,RG,3770,204,D,YU,YU,D
13:30:03,JSMR,RG,3770,11,D,YU,YU,D
13:30:03,JSMR,RG,3770,22,D,OD,YU,D
13:30:03,JSMR,RG,3770,84,D,OD,YU,D
13:30:03,JSMR,RG,3770,86,D,OD,YU,D
13:30:03,JSMR,RG,3770,1,D,OD,YU,D
13:30:03,JSMR,RG,3770,112,D,OD,YU,D
13:30:03,JSMR,RG,3770,9,D,OD,YU,D
13:30:03,JSMR,RG,3770,5,D,OD,YU,D
13:30:03,JSMR,RG,3770,70,D,OD,YU,D
13:30:03,JSMR,RG,3770,1,D,PD,YU,D
13:30:03,JSMR,RG,3770,623,F,DX,YU,D
13:30:03,JSMR,RG,3770,1,F,DX,PD,D
13:30:02,JSMR,RG,3780,2,D,PD,YU,F
13:30:01,JSMR,RG,3780,4,D,EP,YU,F
13:30:01,JSMR,RG,3780,18,D,YB,YU,F
11:29:45,JSMR,RG,3770,1,F,DX,AK,D
11:29:15,JSMR,RG,3770,1,F,DX,AK,D
11:29:05,JSMR,RG,3780,1,D,XL,YU,F
11:29:00,JSMR,RG,3770,1,F,DX,AK,D
11:28:57,JSMR,RG,3770,84,F,DX,KZ,D
11:28:50,JSMR,RG,3770,17,F,DX,YU,F
11:28:44,JSMR,RG,3770,3,F,DX,ZP,D
11:28:43,JSMR,RG,3770,17,F,DX,YU,F
11:28:40,JSMR,RG,3770,16,F,DX,YU,F
11:28:37,JSMR,RG,3770,236,F,DX,KZ,D
11:28:37,JSMR,RG,3770,1,D,YP,KZ,D
11:28:37,JSMR,RG,3770,1,D,CS,KZ,D
11:28:37,JSMR,RG,3770,28,D,NI,KZ,D
11:28:37,JSMR,RG,3770,1,D,YP,KZ,D
11:28:29,JSMR,RG,3770,1,D,YP,AK,D
11:28:28,JSMR,RG,3770,8,D,YP,CS,D
11:28:28,JSMR,RG,3770,1,D,NI,CS,D
11:28:28,JSMR,RG,3770,3,D,XA,CS,D
11:28:28,JSMR,RG,3770,5,D,EP,CS,D
11:28:28,JSMR,RG,3770,1,D,XC,CS,D
11:28:28,JSMR,RG,3770,1,D,IF,CS,D
11:28:28,JSMR,RG,3770,10,D,YB,CS,D
11:28:28,JSMR,RG,3770,1,D,YU,CS,D
11:28:28,JSMR,RG,3770,10,D,GR,CS,D
11:28:28,JSMR,RG,3770,2,D,XC,CS,D
11:28:28,JSMR,RG,3770,2,D,YP,CS,D
11:28:28,JSMR,RG,3770,50,D,CC,CS,D
11:28:28,JSMR,RG,3770,5,D,CS,CS,D
11:28:24,JSMR,RG,3770,3,D,CS,PD,D
11:28:24,JSMR,RG,3770,2,D,YP,PD,D
11:28:11,JSMR,RG,3770,3,D,YP,YU,F
11:28:11,JSMR,RG,3770,10,D,OD,YU,F
11:28:11,JSMR,RG,3770,11,F,DX,YU,F
11:28:09,JSMR,RG,3770,24,F,DX,YU,F
11:28:07,JSMR,RG,3770,195,F,DX,KZ,D
11:27:51,JSMR,RG,3780,5,D,YP,KZ,D
11:27:32,JSMR,RG,3770,107,F,DX,KZ,D
11:26:09,JSMR,RG,3770,24,F,DX,YU,F
11:26:07,JSMR,RG,3770,78,F,DX,KZ,D
11:25:30,JSMR,RG,3780,5,D,YP,KZ,D
11:25:15,JSMR,RG,3770,11,F,DX,ZP,D
11:24:49,JSMR,RG,3770,50,F,DX,CC,D
11:23:56,JSMR,RG,3780,1,D,XL,KZ,D
11:22:58,JSMR,RG,3770,3,D,CS,ZP,D
11:22:57,JSMR,RG,3770,7,D,CS,ZP,D
11:22:57,JSMR,RG,3770,5,D,YP,ZP,D
11:22:33,JSMR,RG,3770,2,D,GR,YU,F
11:22:33,JSMR,RG,3770,5,D,ZP,YU,F
11:22:33,JSMR,RG,3770,12,D,CS,YU,F
11:22:30,JSMR,RG,3770,6,D,CS,AK,D
11:22:30,JSMR,RG,3770,11,D,YP,AK,D
11:22:03,JSMR,RG,3770,60,D,YP,PD,D
11:21:55,JSMR,RG,3770,20,D,YP,YU,F
11:21:54,JSMR,RG,3770,100,D,YP,YP,D
11:21:47,JSMR,RG,3770,22,D,YP,YU,F
11:21:45,JSMR,RG,3770,2,D,YP,AK,D
11:21:38,JSMR,RG,3770,20,D,YP,YU,F
11:21:36,JSMR,RG,3770,14,D,YP,CC,D
11:21:35,JSMR,RG,3770,17,D,YP,YU,F
11:21:33,JSMR,RG,3770,1,D,YP,YU,F
11:21:33,JSMR,RG,3770,1,D,PD,YU,F
11:21:33,JSMR,RG,3770,14,D,CS,YU,F
11:21:33,JSMR,RG,3770,1,D,CS,YU,F
11:21:33,JSMR,RG,3770,12,D,YU,YU,F
11:21:32,JSMR,RG,3770,38,D,YU,KZ,D
11:21:32,JSMR,RG,3770,25,D,CS,KZ,D
11:21:32,JSMR,RG,3770,5,D,YP,KZ,D
11:21:32,JSMR,RG,3770,1,D,XA,KZ,D
11:21:32,JSMR,RG,3770,1,D,KK,KZ,D
11:21:32,JSMR,RG,3770,46,F,AK,KZ,D
11:21:32,JSMR,RG,3770,5,D,PD,KZ,D
11:21:32,JSMR,RG,3770,5,D,IP,KZ,D
11:21:32,JSMR,RG,3770,5,D,PD,KZ,D
11:21:32,JSMR,RG,3770,2,D,DH,KZ,D
11:21:32,JSMR,RG,3770,10,D,CS,KZ,D
11:21:32,JSMR,RG,3770,5,D,KK,KZ,D
11:21:32,JSMR,RG,3770,1,D,XC,KZ,D
11:21:32,JSMR,RG,3770,1,D,KK,KZ,D
11:21:32,JSMR,RG,3770,30,D,CC,KZ,D
11:21:32,JSMR,RG,3770,13,D,CS,KZ,D
11:21:32,JSMR,RG,3770,3,D,AZ,KZ,D
11:21:32,JSMR,RG,3770,1,D,SQ,KZ,D
11:21:32,JSMR,RG,3770,37,F,DX,KZ,D
11:21:32,JSMR,RG,3770,76,F,DX,KZ,D
11:21:31,JSMR,RG,3770,22,F,DX,YU,F
11:21:31,JSMR,RG,3770,26,F,DX,EP,D
11:21:28,JSMR,RG,3770,26,F,DX,YU,F
11:21:28,JSMR,RG,3770,136,F,DX,BK,F
11:21:27,JSMR,RG,3770,677,F,DX,LG,D
11:21:27,JSMR,RG,3770,11,D,CS,LG,D
11:21:27,JSMR,RG,3770,3,D,DH,LG,D
11:21:27,JSMR,RG,3770,8,D,CS,LG,D
11:21:27,JSMR,RG,3770,1,D,EP,LG,D
11:21:27,JSMR,RG,3770,1,D,DR,LG,D
11:21:27,JSMR,RG,3770,45,D,SQ,LG,D
11:21:27,JSMR,RG,3770,3,D,PD,LG,D
11:21:27,JSMR,RG,3770,1,D,YP,LG,D
11:21:27,JSMR,RG,3770,25,D,CS,LG,D
11:21:27,JSMR,RG,3770,1,D,YP,LG,D
11:21:27,JSMR,RG,3770,50,D,YP,LG,D
11:21:27,JSMR,RG,3770,17,D,OD,LG,D
11:21:27,JSMR,RG,3770,63,D,OD,LG,D
11:21:27,JSMR,RG,3770,65,D,OD,LG,D
11:21:27,JSMR,RG,3770,1,D,OD,LG,D
11:21:27,JSMR,RG,3770,84,D,OD,LG,D
11:21:27,JSMR,RG,3770,7,D,OD,LG,D
11:21:27,JSMR,RG,3770,4,D,OD,LG,D
11:21:27,JSMR,RG,3770,53,D,OD,LG,D
11:21:27,JSMR,RG,3770,1,D,PD,LG,D
11:21:27,JSMR,RG,3770,1,D,PD,LG,D
11:21:27,JSMR,RG,3770,20,D,XC,LG,D
11:21:27,JSMR,RG,3770,17,D,CS,LG,D
11:21:27,JSMR,RG,3770,5,D,CC,LG,D
11:21:27,JSMR,RG,3770,3,D,YP,LG,D
11:21:27,JSMR,RG,3770,25,D,CC,LG,D
11:21:27,JSMR,RG,3770,1,D,XL,LG,D
11:21:27,JSMR,RG,3770,1,D,XL,LG,D
11:21:27,JSMR,RG,3770,2,D,XC,LG,D
11:21:27,JSMR,RG,3770,3,D,PD,LG,D
11:21:27,JSMR,RG,3770,25,D,YP,LG,D
11:21:27,JSMR,RG,3770,1,D,YP,LG,D
11:21:27,JSMR,RG,3770,10,D,PD,LG,D
11:21:27,JSMR,RG,3770,2,D,PD,LG,D
11:21:27,JSMR,RG,3770,1,D,CC,LG,D
11:21:27,JSMR,RG,3770,1,D,YP,LG,D
11:21:27,JSMR,RG,3770,11,D,YB,LG,D
11:21:27,JSMR,RG,3770,100,D,CC,AK,F
11:21:27,JSMR,RG,3770,2,D,NI,AK,F
11:21:27,JSMR,RG,3770,5,D,NI,AK,F
11:21:27,JSMR,RG,3770,182,F,DX,AK,F
11:21:02,JSMR,RG,3780,1,D,LG,KZ,D
11:20:48,JSMR,RG,3770,1,F,DX,KK,D
11:20:47,JSMR,RG,3780,39,D,CS,KZ,D
11:20:15,JSMR,RG,3770,4,F,DX,AK,D
11:19:32,JSMR,RG,3770,218,F,DX,KZ,D
11:18:15,JSMR,RG,3770,2,F,DX,AK,D
11:17:36,JSMR,RG,3780,50,D,YP,KZ,D
11:16:50,JSMR,RG,3780,1,D,YP,KZ,D
11:16:12,JSMR,RG,3780,25,D,NI,KZ,D
11:15:32,JSMR,RG,3770,93,F,DX,KZ,D
11:15:32,JSMR,RG,3770,234,D,GR,KZ,D
11:14:46,JSMR,RG,3780,26,D,CS,KZ,D
11:14:46,JSMR,RG,3780,2,D,CS,AK,D
11:14:46,JSMR,RG,3780,1,D,CS,AK,D
11:11:35,JSMR,RG,3770,1,D,GR,ZP,D
11:11:32,JSMR,RG,3770,236,D,GR,KZ,D
11:11:06,JSMR,RG,3780,1,D,YP,AK,D
11:11:06,JSMR,RG,3780,40,D,YP,CS,D
11:11:06,JSMR,RG,3780,9,D,YP,ZP,D
11:10:41,JSMR,RG,3780,2,D,YP,ZP,D
11:10:41,JSMR,RG,3780,25,D,YP,YU,F
11:10:41,JSMR,RG,3780,23,D,YP,YU,D
11:09:59,JSMR,RG,3780,29,D,CS,YU,D
11:09:33,JSMR,RG,3780,4,D,XC,YU,D
11:09:31,JSMR,RG,3770,9,D,GR,ZP,D
11:09:07,JSMR,RG,3780,2,D,AZ,YU,D
11:08:56,JSMR,RG,3780,1,D,YP,YU,D
11:07:30,JSMR,RG,3770,20,D,GR,XC,D
11:06:53,JSMR,RG,3770,1,D,DR,XL,D
11:06:38,JSMR,RG,3780,13,D,YP,YU,D
11:06:07,JSMR,RG,3770,3,D,XC,CC,D
11:06:07,JSMR,RG,3770,1,D,PD,CC,D
11:06:07,JSMR,RG,3770,6,D,KK,CC,D
11:06:07,JSMR,RG,3770,10,D,DH,CC,D
11:06:07,JSMR,RG,3770,2,D,NI,CC,D
11:06:07,JSMR,RG,3770,28,D,PD,CC,D
11:05:05,JSMR,RG,3780,5,D,ZP,YU,D
11:04:44,JSMR,RG,3780,1,D,XC,YU,D
11:04:17,JSMR,RG,3780,1,D,CC,YU,D
11:03:52,JSMR,RG,3780,10,D,YP,YU,D
11:01:38,JSMR,RG,3780,10,D,CC,YU,D
11:00:50,JSMR,RG,3780,115,D,KI,YU,D
11:00:50,JSMR,RG,3780,19,D,KI,CS,D
11:00:50,JSMR,RG,3780,2,D,KI,AK,D
11:00:50,JSMR,RG,3780,18,D,KI,PD,D
11:00:50,JSMR,RG,3780,65,D,KI,YU,F
11:00:50,JSMR,RG,3780,31,D,KI,KZ,D
11:00:00,JSMR,RG,3780,214,D,YU,KZ,D
10:59:13,JSMR,RG,3780,1,D,PD,KZ,D
10:59:07,JSMR,RG,3780,47,F,AK,CS,D
10:59:07,JSMR,RG,3780,8,F,AK,ZP,D
10:59:07,JSMR,RG,3780,2,F,AK,AK,D
10:59:07,JSMR,RG,3780,3,F,AK,YP,D
10:59:07,JSMR,RG,3780,1,F,AK,YP,D
10:59:07,JSMR,RG,3780,27,F,AK,YU,F
10:59:07,JSMR,RG,3780,39,F,AK,CS,D
10:59:07,JSMR,RG,3780,100,F,AK,OD,D
10:59:07,JSMR,RG,3780,45,F,AK,CS,D
10:59:07,JSMR,RG,3780,17,F,AK,YU,F
10:59:07,JSMR,RG,3780,35,F,AK,YU,F
10:59:07,JSMR,RG,3780,19,F,AK,CS,D
10:59:06,JSMR,RG,3780,20,D,OD,CS,D
10:59:06,JSMR,RG,3780,1,D,OD,PD,D
10:59:06,JSMR,RG,3780,7,D,OD,CS,D
10:59:06,JSMR,RG,3780,13,D,OD,CS,D
10:59:06,JSMR,RG,3780,3,D,OD,ZP,D
10:59:06,JSMR,RG,3780,20,D,OD,YU,F
10:59:06,JSMR,RG,3780,5,D,OD,PD,D
10:59:06,JSMR,RG,3780,26,D,OD,CS,D
10:59:06,JSMR,RG,3780,13,D,OD,CS,D
10:59:06,JSMR,RG,3780,10,D,OD,EP,D
10:59:06,JSMR,RG,3780,15,D,OD,YU,F
10:59:06,JSMR,RG,3780,34,D,OD,YU,F
10:59:06,JSMR,RG,3780,14,D,OD,CS,D
10:59:06,JSMR,RG,3780,15,D,OD,CS,D
10:59:06,JSMR,RG,3780,12,D,OD,CS,D
10:59:06,JSMR,RG,3780,33,D,OD,KZ,D
10:59:06,JSMR,RG,3780,2,D,OD,KZ,D
10:59:06,JSMR,RG,3780,140,D,OD,KZ,D
10:59:06,JSMR,RG,3780,12,D,OD,KZ,D
10:59:06,JSMR,RG,3780,4,D,OD,KZ,D
10:59:06,JSMR,RG,3780,2,D,OD,CC,D
10:59:06,JSMR,RG,3780,88,D,OD,CC,D
10:58:37,JSMR,RG,3780,8,D,OD,CC,D
10:58:37,JSMR,RG,3780,14,D,OD,YU,F
10:58:37,JSMR,RG,3780,5,D,OD,YU,F
10:58:37,JSMR,RG,3780,7,D,OD,CS,D
10:58:37,JSMR,RG,3780,17,D,OD,CS,D
10:58:37,JSMR,RG,3780,20,D,OD,CS,D
10:58:37,JSMR,RG,3780,1,D,OD,CC,D
10:58:37,JSMR,RG,3780,15,D,OD,YP,D
10:58:37,JSMR,RG,3780,12,D,OD,CS,D
10:58:37,JSMR,RG,3780,7,D,OD,YU,F
10:58:37,JSMR,RG,3780,30,D,OD,YU,F
10:58:37,JSMR,RG,3780,13,D,OD,CS,D
10:58:37,JSMR,RG,3780,12,D,OD,CS,D
10:58:37,JSMR,RG,3780,31,D,OD,KZ,D
10:58:37,JSMR,RG,3780,1,D,OD,KZ,D
10:58:37,JSMR,RG,3780,112,D,OD,KZ,D
10:58:37,JSMR,RG,3780,9,D,OD,KZ,D
10:58:37,JSMR,RG,3780,5,D,OD,KZ,D
10:58:37,JSMR,RG,3780,31,D,OD,KZ,D
10:58:37,JSMR,RG,3780,23,D,OD,YU,F
10:58:37,JSMR,RG,3780,16,D,OD,CS,D
10:58:26,JSMR,RG,3770,7,D,PD,ZP,D
10:58:24,JSMR,RG,3770,3,D,PD,ZP,D
10:57:23,JSMR,RG,3780,4,D,KK,CS,D
10:57:09,JSMR,RG,3780,2,D,LG,CS,D
10:57:09,JSMR,RG,3780,10,D,LG,CS,D
10:57:09,JSMR,RG,3780,2,D,LG,AK,D
10:57:09,JSMR,RG,3780,13,D,LG,AK,D
10:57:09,JSMR,RG,3780,53,D,LG,YU,F
10:57:01,JSMR,RG,3780,190,D,EP,YU,F
10:56:47,JSMR,RG,3770,7,D,PD,AK,D
10:56:46,JSMR,RG,3770,5,D,PD,GR,D
10:56:37,JSMR,RG,3780,5,D,PD,YU,F
10:56:05,JSMR,RG,3770,11,D,PD,ZP,D
10:55:27,JSMR,RG,3770,16,D,PD,YU,F
10:55:26,JSMR,RG,3770,24,D,PD,YU,F
10:55:22,JSMR,RG,3770,199,D,PD,KZ,D
10:55:22,JSMR,RG,3770,10,D,YP,KZ,D
10:55:22,JSMR,RG,3770,4,D,SQ,KZ,D
10:55:22,JSMR,RG,3770,10,D,YP,KZ,D
10:55:22,JSMR,RG,3770,5,D,YP,KZ,D
10:55:22,JSMR,RG,3770,40,D,AG,KZ,D
10:53:29,JSMR,RG,3780,1,D,XC,ZP,D
10:52:58,JSMR,RG,3780,5,D,PD,ZP,D
10:52:33,JSMR,RG,3780,1,D,KK,ZP,D
10:52:22,JSMR,RG,3770,1,D,AG,PD,D
10:52:03,JSMR,RG,3770,24,D,AG,YU,F
10:51:50,JSMR,RG,3770,20,D,AG,YU,F
10:51:47,JSMR,RG,3770,15,D,AG,KZ,D
10:51:47,JSMR,RG,3770,20,D,CC,KZ,D
10:51:47,JSMR,RG,3770,10,D,CC,KZ,D
10:51:47,JSMR,RG,3770,20,D,CC,KZ,D
10:51:47,JSMR,RG,3770,1,D,YP,KZ,D
10:51:47,JSMR,RG,3770,100,D,AG,KZ,D
10:51:47,JSMR,RG,3770,93,F,DX,KZ,D
10:51:30,JSMR,RG,3770,8,F,DX,AK,D
10:51:14,JSMR,RG,3780,5,D,KK,ZP,D
10:48:53,JSMR,RG,3770,2,F,DX,GR,D
10:48:12,JSMR,RG,3770,2,F,DX,PD,D
10:47:58,JSMR,RG,3770,15,F,DX,PD,D
10:47:32,JSMR,RG,3770,17,F,DX,YU,F
10:47:29,JSMR,RG,3770,26,F,DX,YU,F
10:47:27,JSMR,RG,3770,219,F,DX,KZ,D
10:47:02,JSMR,RG,3770,101,F,DX,PD,D
10:46:15,JSMR,RG,3770,7,F,DX,AK,D
10:45:15,JSMR,RG,3780,1,D,YP,ZP,D
10:45:06,JSMR,RG,3770,10,F,DX,YU,F
10:45:06,JSMR,RG,3770,11,D,OD,YU,F
10:45:05,JSMR,RG,3770,39,D,OD,CC,D
10:43:34,JSMR,RG,3770,3,D,OD,ZP,D
10:43:34,JSMR,RG,3770,2,D,OD,ZP,D
10:42:20,JSMR,RG,3770,26,D,OD,YP,D
10:42:14,JSMR,RG,3770,5,D,OD,DH,D
10:41:09,JSMR,RG,3770,4,D,OD,XC,D
10:40:44,JSMR,RG,3770,6,D,OD,AK,D
10:40:44,JSMR,RG,3770,1,D,OD,AK,D
10:40:44,JSMR,RG,3770,1,D,OD,AK,D
10:40:42,JSMR,RG,3780,2,D,CP,ZP,D
10:40:25,JSMR,RG,3770,9,D,OD,ZP,D
10:40:01,JSMR,RG,3780,10,D,NI,ZP,D
10:39:11,JSMR,RG,3780,1,D,DR,ZP,D
10:38:43,JSMR,RG,3770,40,D,OD,PD,D
10:37:38,JSMR,RG,3770,6,D,OD,YU,F
10:37:38,JSMR,RG,3770,5,D,OD,YU,F
10:37:38,JSMR,RG,3770,2,D,OD,YU,F
10:37:38,JSMR,RG,3770,11,D,OD,YU,F
10:37:38,JSMR,RG,3780,1,D,DR,ZP,D
10:37:35,JSMR,RG,3770,24,D,OD,YU,F
10:37:33,JSMR,RG,3780,6,D,CS,KZ,D
10:37:32,JSMR,RG,3780,13,D,CS,KZ,D
10:37:32,JSMR,RG,3780,5,D,PD,KZ,D
10:37:32,JSMR,RG,3780,5,D,CC,KZ,D
10:37:32,JSMR,RG,3780,7,D,CS,KZ,D
10:37:32,JSMR,RG,3780,8,D,AZ,KZ,D
10:37:32,JSMR,RG,3780,18,D,CS,KZ,D
10:37:32,JSMR,RG,3780,22,D,OD,KZ,D
10:37:32,JSMR,RG,3780,84,D,OD,KZ,D
10:37:32,JSMR,RG,3780,64,D,OD,KZ,D
10:37:32,JSMR,RG,3780,15,D,OD,YU,F
10:37:28,JSMR,RG,3780,7,D,OD,PD,D
10:37:28,JSMR,RG,3780,1,D,OD,PD,D
10:37:28,JSMR,RG,3780,83,D,OD,PD,D
10:37:00,JSMR,RG,3780,15,D,OD,KK,D
10:36:33,JSMR,RG,3780,14,D,OD,YU,F
10:36:33,JSMR,RG,3780,2,D,OD,YU,F
10:36:30,JSMR,RG,3780,7,D,OD,AZ,D
10:36:30,JSMR,RG,3780,5,D,OD,AZ,D
10:36:30,JSMR,RG,3780,38,D,OD,AZ,D
10:36:20,JSMR,RG,3780,17,D,OD,YU,F
10:36:18,JSMR,RG,3780,15,D,OD,PD,D
10:36:18,JSMR,RG,3780,5,D,CC,PD,D
10:36:18,JSMR,RG,3780,10,D,NI,PD,D
10:36:18,JSMR,RG,3780,50,D,YP,PD,D
10:36:18,JSMR,RG,3780,1,D,XL,PD,D
10:36:18,JSMR,RG,3780,10,D,CC,PD,D
10:36:18,JSMR,RG,3780,1,D,NI,PD,D
10:36:18,JSMR,RG,3780,10,D,YP,PD,D
10:36:18,JSMR,RG,3780,5,D,YP,PD,D
10:36:18,JSMR,RG,3780,1,D,YP,PD,D
10:36:18,JSMR,RG,3780,9,D,YP,PD,D
10:36:18,JSMR,RG,3780,1,D,XC,PD,D
10:36:18,JSMR,RG,3780,1,D,NI,PD,D
10:36:18,JSMR,RG,3780,19,D,CS,PD,D
10:36:18,JSMR,RG,3780,2,D,PD,PD,D
10:36:18,JSMR,RG,3780,5,D,NI,PD,D
10:36:18,JSMR,RG,3780,10,D,CC,PD,D
10:36:18,JSMR,RG,3780,1,D,PD,PD,D
10:36:18,JSMR,RG,3780,11,D,KK,PD,D
10:35:34,JSMR,RG,3780,4,D,KK,PD,D
10:35:34,JSMR,RG,3780,10,D,YP,PD,D
10:35:34,JSMR,RG,3780,1,D,YP,PD,D
10:35:34,JSMR,RG,3780,20,D,CS,PD,D
10:35:34,JSMR,RG,3780,15,D,KK,PD,D
10:35:34,JSMR,RG,3780,11,D,YP,PD,D
10:35:34,JSMR,RG,3780,1,D,YP,PD,D
10:35:34,JSMR,RG,3780,6,D,OD,PD,D
10:35:34,JSMR,RG,3780,21,D,CS,PD,D
10:35:34,JSMR,RG,3780,6,D,CC,PD,D
10:35:32,JSMR,RG,3780,4,D,CC,YU,F
10:35:32,JSMR,RG,3780,19,D,DR,YU,F
10:35:30,JSMR,RG,3780,7,D,DR,AK,D
10:34:33,JSMR,RG,3790,1,D,YP,CS,D
10:34:16,JSMR,RG,3780,1,D,DR,PD,D
10:34:03,JSMR,RG,3780,7,D,DR,XC,D
10:33:57,JSMR,RG,3780,23,D,DR,YU,F
10:33:53,JSMR,RG,3780,26,D,DR,YU,F
10:33:52,JSMR,RG,3780,49,D,DR,KZ,D
10:33:52,JSMR,RG,3780,1,D,KK,KZ,D
10:33:52,JSMR,RG,3780,22,D,OD,KZ,D
10:33:52,JSMR,RG,3780,1,D,XC,KZ,D
10:33:52,JSMR,RG,3780,84,D,OD,KZ,D
10:33:52,JSMR,RG,3780,86,D,OD,KZ,D
10:33:52,JSMR,RG,3780,1,D,OD,KZ,D
10:33:52,JSMR,RG,3780,72,D,OD,KZ,D
10:33:51,JSMR,RG,3780,26,D,OD,DH,D
10:33:49,JSMR,RG,3780,5,D,OD,RG,D
10:33:45,JSMR,RG,3780,9,D,OD,YU,F
10:33:45,JSMR,RG,3780,9,D,OD,YU,F
10:33:45,JSMR,RG,3780,3,D,OD,YU,F
10:33:42,JSMR,RG,3780,2,D,OD,KZ,D
10:33:42,JSMR,RG,3780,70,D,OD,KZ,D
10:33:42,JSMR,RG,3780,10,D,YP,KZ,D
10:33:42,JSMR,RG,3780,10,D,EP,KZ,D
10:33:42,JSMR,RG,3780,1,D,YB,KZ,D
10:33:42,JSMR,RG,3780,109,D,PD,KZ,D
10:31:59,JSMR,RG,3790,36,D,LG,KZ,D
10:30:19,JSMR,RG,3780,41,D,PD,KZ,D
10:30:19,JSMR,RG,3780,2,D,AT,KZ,D
10:30:19,JSMR,RG,3780,4,D,SQ,KZ,D
10:30:19,JSMR,RG,3780,2,D,DR,KZ,D
10:30:19,JSMR,RG,3780,3,D,YP,KZ,D
10:30:19,JSMR,RG,3780,1,D,YP,KZ,D
10:30:19,JSMR,RG,3780,259,D,NI,KZ,D
10:30:14,JSMR,RG,3790,3,D,XC,AK,D
10:28:51,JSMR,RG,3790,1,D,YP,XC,D
10:28:04,JSMR,RG,3780,215,D,NI,KZ,D
10:27:16,JSMR,RG,3790,1,D,CC,XC,D
10:26:21,JSMR,RG,3790,1,D,AT,XC,D
10:26:21,JSMR,RG,3790,4,D,AT,YU,F
10:23:41,JSMR,RG,3780,1,D,NI,PD,D
10:23:23,JSMR,RG,3790,26,D,YB,YU,F
10:23:20,JSMR,RG,3790,2,D,YP,YU,F
10:22:45,JSMR,RG,3790,1,D,XC,YU,F
10:22:39,JSMR,RG,3790,60,D,DR,YU,F
10:21:24,JSMR,RG,3790,1,D,YB,YU,F
10:21:05,JSMR,RG,3780,24,D,NI,YU,F
10:21:05,JSMR,RG,3780,10,D,NI,YP,D
10:20:53,JSMR,RG,3780,15,D,NI,YU,F
10:20:51,JSMR,RG,3780,21,D,NI,YU,F
10:20:47,JSMR,RG,3780,292,D,NI,BK,F
10:20:46,JSMR,RG,3780,23,D,NI,YU,F
10:20:44,JSMR,RG,3780,40,D,NI,YU,F
10:20:41,JSMR,RG,3780,1100,D,NI,YP,D
10:20:41,JSMR,RG,3780,1,D,PD,YP,D
10:20:41,JSMR,RG,3780,5,D,CC,YP,D
10:20:41,JSMR,RG,3780,202,D,NI,YP,D
10:20:29,JSMR,RG,3780,27,D,NI,XL,D
10:20:08,JSMR,RG,3790,1,D,GR,YU,F
10:20:06,JSMR,RG,3790,11,D,XC,YU,F
10:19:15,JSMR,RG,3790,4,D,NI,YU,F
10:18:46,JSMR,RG,3790,28,D,SQ,YU,F
10:18:15,JSMR,RG,3790,28,D,CC,YU,F
10:18:15,JSMR,RG,3790,7,D,CC,CS,D
10:18:15,JSMR,RG,3790,20,D,CC,CS,D
10:18:15,JSMR,RG,3790,45,D,CC,CD,D
10:17:47,JSMR,RG,3790,5,D,CC,CD,D
10:17:18,JSMR,RG,3790,16,F,AK,YU,F
10:17:18,JSMR,RG,3790,11,D,OD,YU,F
10:17:18,JSMR,RG,3790,16,D,OD,YU,F
10:17:16,JSMR,RG,3790,1,D,OD,CS,D
10:17:16,JSMR,RG,3790,22,D,OD,CS,D
10:17:15,JSMR,RG,3790,3,D,OD,YU,F
10:17:15,JSMR,RG,3790,31,D,OD,YU,F
10:17:15,JSMR,RG,3790,12,D,OD,CS,D
10:17:15,JSMR,RG,3790,1,D,OD,CS,D
10:17:15,JSMR,RG,3790,4,D,OD,CS,D
10:17:15,JSMR,RG,3790,13,D,OD,CS,D
10:17:15,JSMR,RG,3790,39,D,OD,KZ,D
10:17:15,JSMR,RG,3780,10,D,NI,AK,D
10:17:15,JSMR,RG,3790,5,D,OD,KZ,D
10:17:15,JSMR,RG,3790,2,D,OD,KZ,D
10:17:15,JSMR,RG,3790,35,D,OD,KZ,D
10:17:14,JSMR,RG,3790,20,D,CS,KZ,D
10:17:14,JSMR,RG,3790,19,D,CS,KZ,D
10:17:14,JSMR,RG,3790,2,D,YP,KZ,D
10:17:14,JSMR,RG,3790,3,D,XC,KZ,D
10:17:14,JSMR,RG,3790,175,D,YP,KZ,D
10:17:14,JSMR,RG,3790,1,D,YP,KZ,D
10:17:14,JSMR,RG,3790,9,D,DR,KZ,D
10:17:12,JSMR,RG,3790,43,D,DR,YU,F
10:17:12,JSMR,RG,3790,1,D,KK,YU,F
10:17:12,JSMR,RG,3790,8,D,CC,YU,F
10:17:12,JSMR,RG,3790,20,D,CC,YU,F
10:17:10,JSMR,RG,3790,2,D,CC,GR,D
10:17:10,JSMR,RG,3790,19,D,CS,GR,D
10:17:10,JSMR,RG,3790,175,D,CC,GR,D
10:17:10,JSMR,RG,3790,54,F,AK,GR,D
10:17:10,JSMR,RG,3790,14,F,AK,GR,D
10:17:10,JSMR,RG,3790,6,D,XC,GR,D
10:17:10,JSMR,RG,3790,2,D,XL,GR,D
10:17:10,JSMR,RG,3790,2,D,PD,GR,D
10:17:10,JSMR,RG,3790,25,D,HP,GR,D
10:17:10,JSMR,RG,3790,34,D,PD,GR,D
10:17:10,JSMR,RG,3790,1,D,YB,GR,D
10:17:10,JSMR,RG,3790,21,D,CS,GR,D
10:17:10,JSMR,RG,3790,145,D,OD,GR,D
10:16:13,JSMR,RG,3790,30,D,OD,KK,D
10:15:12,JSMR,RG,3790,100,D,CD,CC,D
10:15:11,JSMR,RG,3790,10,D,CD,GR,D
10:13:59,JSMR,RG,3790,21,D,CD,KZ,D
10:13:59,JSMR,RG,3790,1,D,NI,KZ,D
10:13:59,JSMR,RG,3790,2,D,NI,KZ,D
10:13:59,JSMR,RG,3790,15,D,SQ,KZ,D
10:13:59,JSMR,RG,3790,50,D,LG,KZ,D
10:13:59,JSMR,RG,3790,5,D,YP,KZ,D
10:13:59,JSMR,RG,3790,10,D,XC,KZ,D
10:13:59,JSMR,RG,3790,1,F,AK,KZ,D
10:13:59,JSMR,RG,3790,10,F,AK,KZ,D
10:13:59,JSMR,RG,3790,6,D,CS,KZ,D
10:13:59,JSMR,RG,3790,6,D,CS,KZ,D
10:13:59,JSMR,RG,3790,1,D,CS,KZ,D
10:13:59,JSMR,RG,3790,7,D,CS,KZ,D
10:13:59,JSMR,RG,3790,39,D,OD,KZ,D
10:13:27,JSMR,RG,3790,5,D,OD,PD,D
10:13:27,JSMR,RG,3790,168,D,OD,PD,D
10:13:27,JSMR,RG,3790,27,D,OD,PD,D
10:12:41,JSMR,RG,3790,1,D,OD,CC,D
10:10:39,JSMR,RG,3790,100,D,OD,HD,D
10:10:33,JSMR,RG,3800,2,D,YP,CC,D
10:10:31,JSMR,RG,3790,20,D,OD,CC,D
10:10:10,JSMR,RG,3790,24,D,OD,PD,D
10:10:10,JSMR,RG,3790,2,D,OD,PD,D
10:10:10,JSMR,RG,3790,78,D,OD,PD,D
10:10:09,JSMR,RG,3800,1,D,XL,CC,D
10:10:01,JSMR,RG,3790,50,D,OD,PD,D
10:09:51,JSMR,RG,3790,5,D,OD,XC,D
10:09:37,JSMR,RG,3790,8,D,OD,YP,D
10:08:55,JSMR,RG,3790,31,D,OD,CS,D
10:08:55,JSMR,RG,3790,1,D,OD,CS,D
10:08:55,JSMR,RG,3790,10,D,OD,CS,D
10:08:55,JSMR,RG,3790,41,D,OD,YU,F
10:08:54,JSMR,RG,3790,18,D,OD,YU,F
10:08:54,JSMR,RG,3790,10,D,OD,YU,F
10:08:54,JSMR,RG,3790,36,D,OD,YU,F
10:08:54,JSMR,RG,3790,22,D,OD,CS,D
10:08:54,JSMR,RG,3790,20,D,OD,CS,D
10:08:54,JSMR,RG,3790,62,D,OD,KZ,D
10:08:53,JSMR,RG,3790,2,D,XC,KZ,D
10:08:50,JSMR,RG,3790,6,D,CS,KZ,D
10:08:50,JSMR,RG,3790,6,D,CS,KZ,D
10:08:50,JSMR,RG,3790,1,D,CS,KZ,D
10:08:50,JSMR,RG,3790,1,D,CS,KZ,D
10:08:50,JSMR,RG,3790,7,D,CS,KZ,D
10:08:50,JSMR,RG,3790,3,D,CS,KZ,D
10:08:49,JSMR,RG,3790,1,D,CS,KZ,D
10:08:49,JSMR,RG,3790,10,D,CS,KZ,D
10:08:49,JSMR,RG,3790,16,F,AK,KZ,D
10:08:49,JSMR,RG,3790,5,F,AK,KZ,D
10:08:49,JSMR,RG,3790,3,D,CS,KZ,D
10:08:49,JSMR,RG,3790,11,D,CS,KZ,D
10:08:49,JSMR,RG,3790,1,D,YP,KZ,D
10:08:49,JSMR,RG,3790,14,D,YP,KZ,D
10:08:49,JSMR,RG,3790,2,D,SQ,KZ,D
10:08:49,JSMR,RG,3790,1,D,GR,KZ,D
10:08:49,JSMR,RG,3790,10,D,YB,KZ,D
10:08:49,JSMR,RG,3790,5,D,XC,KZ,D
10:08:49,JSMR,RG,3790,10,D,YP,KZ,D
10:08:49,JSMR,RG,3790,1,D,XC,KZ,D
10:08:49,JSMR,RG,3790,4,D,XC,KZ,D
10:08:49,JSMR,RG,3790,5,D,XL,KZ,D
10:08:49,JSMR,RG,3790,5,D,PD,KZ,D
10:08:49,JSMR,RG,3790,11,D,XC,KZ,D
10:08:49,JSMR,RG,3790,7,D,YP,KZ,D
10:08:48,JSMR,RG,3790,3,D,YP,YU,F
10:08:48,JSMR,RG,3790,15,F,AK,YU,F
10:08:47,JSMR,RG,3790,8,F,AK,CC,D
10:08:47,JSMR,RG,3790,20,D,YP,CC,D
10:08:47,JSMR,RG,3790,1,D,PD,CC,D
10:08:47,JSMR,RG,3790,2,D,CS,CC,D
10:08:47,JSMR,RG,3790,2,D,CS,CC,D
10:08:47,JSMR,RG,3790,7,D,CS,CC,D
10:08:47,JSMR,RG,3790,3,D,CS,CC,D
10:08:47,JSMR,RG,3790,2,D,YP,CC,D
10:08:47,JSMR,RG,3790,27,F,AK,CC,D
10:08:47,JSMR,RG,3790,57,F,AK,CC,D
10:08:47,JSMR,RG,3790,11,D,OD,CC,D
10:08:47,JSMR,RG,3790,42,D,OD,CC,D
10:08:47,JSMR,RG,3790,18,D,OD,CC,D
10:08:27,JSMR,RG,3790,20,D,OD,PD,D
10:08:06,JSMR,RG,3790,5,D,OD,CC,D
10:08:06,JSMR,RG,3790,1,D,OD,CC,D
10:08:06,JSMR,RG,3790,4,D,OD,CC,D
10:07:49,JSMR,RG,3790,14,D,OD,NI,D
10:07:38,JSMR,RG,3790,1,D,OD,KK,D
10:07:18,JSMR,RG,3790,1,D,OD,KK,D
10:07:12,JSMR,RG,3790,10,D,OD,CC,D
10:07:07,JSMR,RG,3800,2,D,PD,CC,D
10:07:00,JSMR,RG,3800,10,D,PD,CC,D
10:06:42,JSMR,RG,3800,2,D,IF,CC,D
10:06:38,JSMR,RG,3800,2,D,YB,CC,D
10:06:35,JSMR,RG,3800,1,D,PD,CC,D
10:06:35,JSMR,RG,3800,3,D,PD,XC,D
10:06:33,JSMR,RG,3800,14,D,YP,PD,D
10:06:33,JSMR,RG,3800,10,D,YP,DH,D
10:06:33,JSMR,RG,3800,5,D,YP,YP,D
10:06:33,JSMR,RG,3800,30,D,YP,CC,D
10:06:33,JSMR,RG,3800,1,D,YP,YP,D
10:05:56,JSMR,RG,3800,1,D,YB,YP,D
10:05:49,JSMR,RG,3790,26,D,OD,PD,D
10:05:49,JSMR,RG,3790,5,D,OD,PD,D
10:05:49,JSMR,RG,3790,2,D,OD,PD,D
10:05:49,JSMR,RG,3790,35,D,OD,PD,D
10:05:49,JSMR,RG,3790,30,D,DX,PD,D
10:05:49,JSMR,RG,3790,6,F,AK,PD,D
10:05:20,JSMR,RG,3800,1,F,AK,PD,D
10:05:19,JSMR,RG,3800,5,F,AK,PD,D
10:05:19,JSMR,RG,3800,15,F,AK,DR,D
10:05:19,JSMR,RG,3800,10,F,AK,PD,D
10:05:19,JSMR,RG,3800,10,F,AK,DH,D
10:05:19,JSMR,RG,3800,1,F,AK,PD,D
10:05:19,JSMR,RG,3800,2,F,AK,KK,D
10:05:19,JSMR,RG,3790,1,F,AK,CS,D
10:05:19,JSMR,RG,3790,10,D,PD,CS,D
10:05:19,JSMR,RG,3790,25,D,AG,CS,D
10:05:18,JSMR,RG,3790,4,D,AG,PD,D
10:05:18,JSMR,RG,3790,39,D,AG,CS,D
10:05:18,JSMR,RG,3790,2,D,AG,CC,D
10:05:18,JSMR,RG,3790,100,D,AG,YP,D
10:05:18,JSMR,RG,3790,2,D,AG,YP,D
10:05:18,JSMR,RG,3790,28,D,AG,YU,F
10:05:16,JSMR,RG,3780,4,D,NI,XL,D
10:05:16,JSMR,RG,3790,2,D,XC,YU,F
10:05:16,JSMR,RG,3790,5,D,YP,YU,F
10:05:14,JSMR,RG,3790,9,D,DR,YU,F
10:05:14,JSMR,RG,3790,36,D,DR,CS,D
10:05:14,JSMR,RG,3790,105,D,DR,KZ,D
10:05:11,JSMR,RG,3790,127,D,AG,KZ,D
10:05:11,JSMR,RG,3790,1,D,AG,YP,D
10:05:11,JSMR,RG,3790,20,D,AG,YU,F
10:05:11,JSMR,RG,3790,43,D,AG,CS,D
10:05:11,JSMR,RG,3790,64,D,AG,YU,F
10:05:11,JSMR,RG,3790,20,D,AG,NI,D
10:05:11,JSMR,RG,3790,14,D,AG,CS,D
10:05:11,JSMR,RG,3790,11,D,AG,YP,D
10:05:00,JSMR,RG,3790,10,D,YP,YP,D
10:05:00,JSMR,RG,3790,1,D,YB,YP,D
10:05:00,JSMR,RG,3790,1,D,YB,YP,D
10:05:00,JSMR,RG,3790,3,D,YB,YU,F
10:04:58,JSMR,RG,3790,2,D,YP,YU,F
10:04:53,JSMR,RG,3790,31,D,AG,YU,F
10:04:53,JSMR,RG,3790,69,D,AG,DR,D
10:04:47,JSMR,RG,3790,100,D,AG,DR,D
10:04:38,JSMR,RG,3780,3,D,NI,XC,D
10:03:32,JSMR,RG,3780,1,D,NI,YP,D
10:03:13,JSMR,RG,3780,10,D,NI,YP,D
10:03:12,JSMR,RG,3780,30,D,NI,NI,D
10:03:11,JSMR,RG,3790,1,D,TF,DR,D
10:02:51,JSMR,RG,3780,190,D,NI,AK,F
10:02:50,JSMR,RG,3790,1,D,SQ,DR,D
10:02:43,JSMR,RG,3780,10,D,NI,EP,D
10:02:29,JSMR,RG,3790,7,D,YP,DR,D
10:02:29,JSMR,RG,3790,1,D,YP,YP,D
10:02:29,JSMR,RG,3790,2,D,YP,CC,D
10:02:12,JSMR,RG,3790,11,D,OD,CS,D
10:02:12,JSMR,RG,3790,28,D,OD,CS,D
10:02:12,JSMR,RG,3790,14,D,OD,OD,D
10:02:12,JSMR,RG,3790,1,D,OD,OD,D
10:02:12,JSMR,RG,3790,19,D,OD,YU,F
10:02:12,JSMR,RG,3790,23,D,OD,KZ,D
10:02:12,JSMR,RG,3790,1,D,OD,KZ,D
10:02:12,JSMR,RG,3790,35,D,OD,KZ,D
10:02:12,JSMR,RG,3790,19,D,OD,YU,F
10:02:12,JSMR,RG,3790,2,D,OD,PD,D
10:02:12,JSMR,RG,3790,5,D,OD,PD,D
10:02:12,JSMR,RG,3790,2,D,OD,PD,D
10:02:12,JSMR,RG,3790,30,D,OD,PD,D
10:02:12,JSMR,RG,3790,1,D,OD,YP,D
10:02:12,JSMR,RG,3790,4,D,OD,SQ,D
10:01:56,JSMR,RG,3790,1,D,PD,SQ,D
10:01:56,JSMR,RG,3790,1,D,PD,KK,D
10:01:56,JSMR,RG,3790,1,D,PD,YP,D
10:01:56,JSMR,RG,3790,1,D,PD,PD,D
10:01:56,JSMR,RG,3790,5,D,PD,YP,D
10:01:56,JSMR,RG,3790,1,D,PD,KK,D
10:01:56,JSMR,RG,3790,1,D,PD,CC,D
10:01:56,JSMR,RG,3790,7,D,PD,YP,D
10:01:56,JSMR,RG,3790,1,D,PD,YP,D
10:01:56,JSMR,RG,3790,2,D,PD,YP,D
10:01:56,JSMR,RG,3790,4,D,PD,YP,D
10:01:55,JSMR,RG,3790,10,D,NI,YP,D
10:01:51,JSMR,RG,3790,79,D,YB,YP,D
10:01:44,JSMR,RG,3780,2,D,NI,CC,D
10:01:36,JSMR,RG,3780,46,D,NI,YU,F
10:01:36,JSMR,RG,3780,5,D,NI,PD,D
10:01:35,JSMR,RG,3780,1,D,NI,PD,D
10:01:35,JSMR,RG,3780,1,D,NI,YP,D
10:01:35,JSMR,RG,3780,364,D,NI,KZ,D
10:01:35,JSMR,RG,3780,128,D,NI,YU,F
10:01:35,JSMR,RG,3780,19,D,NI,YU,F
10:01:35,JSMR,RG,3780,61,D,NI,KZ,D
10:01:35,JSMR,RG,3780,10,D,NI,SQ,D
10:01:35,JSMR,RG,3780,2,D,NI,XC,D
10:01:35,JSMR,RG,3780,1,D,NI,YP,D
10:01:35,JSMR,RG,3780,1,D,NI,CD,D
10:01:35,JSMR,RG,3780,3,D,NI,NI,D
10:01:35,JSMR,RG,3780,1,D,NI,YP,D
10:01:35,JSMR,RG,3780,119,D,NI,YU,F
10:01:35,JSMR,RG,3780,36,D,NI,KZ,D
10:01:35,JSMR,RG,3780,41,D,NI,KZ,D
10:01:35,JSMR,RG,3780,12,D,NI,SQ,D
10:01:35,JSMR,RG,3780,600,D,NI,DH,D
10:01:35,JSMR,RG,3780,10,D,NI,GR,D
10:01:35,JSMR,RG,3780,50,D,NI,DH,D
10:01:13,JSMR,RG,3780,17,D,OD,DH,D
10:01:13,JSMR,RG,3780,63,D,OD,DH,D
10:01:13,JSMR,RG,3780,65,D,OD,DH,D
10:01:13,JSMR,RG,3780,1,D,OD,DH,D
10:01:13,JSMR,RG,3780,84,D,OD,DH,D
10:01:13,JSMR,RG,3780,7,D,OD,DH,D
10:01:13,JSMR,RG,3780,4,D,OD,DH,D
10:01:13,JSMR,RG,3780,53,D,OD,DH,D
10:00:49,JSMR,RG,3780,2,D,XL,DH,D
10:00:34,JSMR,RG,3770,57,F,AK,YU,F
10:00:34,JSMR,RG,3770,2,D,CS,YU,F
10:00:34,JSMR,RG,3770,7,D,LG,YU,F
10:00:33,JSMR,RG,3770,1,D,LG,YP,D
10:00:29,JSMR,RG,3780,362,D,NI,DH,D
10:00:29,JSMR,RG,3770,5,D,NI,KZ,D
10:00:29,JSMR,RG,3770,7,D,NI,XC,D
10:00:29,JSMR,RG,3770,19,D,NI,KZ,D
10:00:29,JSMR,RG,3770,29,D,NI,YU,F
10:00:29,JSMR,RG,3770,1,D,NI,KZ,D
10:00:29,JSMR,RG,3770,1,D,NI,XC,D
10:00:29,JSMR,RG,3770,13,D,NI,KZ,D
10:00:29,JSMR,RG,3770,20,D,NI,YU,F
10:00:29,JSMR,RG,3770,20,D,NI,KZ,D
10:00:29,JSMR,RG,3770,10,D,NI,KZ,D
10:00:29,JSMR,RG,3770,5,D,NI,YP,D
10:00:29,JSMR,RG,3770,223,D,NI,KZ,D
10:00:29,JSMR,RG,3770,5,D,NI,SQ,D
10:00:29,JSMR,RG,3770,1,D,NI,XC,D
10:00:29,JSMR,RG,3770,62,D,NI,GR,D
10:00:29,JSMR,RG,3770,24,D,NI,YU,F
10:00:29,JSMR,RG,3770,193,D,NI,YP,D
10:00:07,JSMR,RG,3770,1,D,XC,YP,D
9:59:35,JSMR,RG,3770,1,D,YB,YP,D
9:59:33,JSMR,RG,3770,5,D,NI,YP,D
9:59:18,JSMR,RG,3770,1,D,PD,KK,D
9:59:18,JSMR,RG,3770,1,D,PD,YP,D
9:59:18,JSMR,RG,3770,2,D,PD,YP,D
9:59:08,JSMR,RG,3770,21,D,CC,YP,D
9:59:08,JSMR,RG,3770,9,D,CC,OD,D
9:58:47,JSMR,RG,3770,5,D,PD,OD,D
9:58:08,JSMR,RG,3770,1,D,YB,OD,D
9:58:08,JSMR,RG,3770,1,D,YB,PD,D
9:58:08,JSMR,RG,3770,1,D,YB,YP,D
9:56:42,JSMR,RG,3760,30,F,DX,OD,D
9:55:56,JSMR,RG,3760,10,F,DX,YP,D
9:55:27,JSMR,RG,3760,25,F,DX,KZ,D
9:55:27,JSMR,RG,3760,7,F,DX,KZ,D
9:55:27,JSMR,RG,3760,10,F,DX,XL,D
9:55:27,JSMR,RG,3760,12,F,DX,KZ,D
9:55:27,JSMR,RG,3760,1,F,DX,KZ,D
9:55:27,JSMR,RG,3760,1,F,DX,XC,D
9:55:27,JSMR,RG,3760,81,F,DX,KZ,D
9:55:27,JSMR,RG,3760,12,D,NI,KZ,D
9:55:27,JSMR,RG,3760,10,D,NI,YP,D
9:55:27,JSMR,RG,3760,10,D,NI,DH,D
9:55:27,JSMR,RG,3760,10,D,NI,RG,D
9:55:27,JSMR,RG,3760,8,D,NI,YU,F
9:55:19,JSMR,RG,3760,11,D,OD,YU,F
9:55:19,JSMR,RG,3760,6,D,OD,NI,D
9:55:19,JSMR,RG,3760,19,D,OD,NI,D
9:55:19,JSMR,RG,3760,1,D,OD,YP,D
9:55:19,JSMR,RG,3760,10,D,OD,PD,D
9:55:19,JSMR,RG,3760,21,D,OD,YU,F
9:55:19,JSMR,RG,3760,12,D,OD,LG,D
9:55:18,JSMR,RG,3760,65,D,OD,LG,D
9:55:18,JSMR,RG,3760,1,D,OD,LG,D
9:55:18,JSMR,RG,3760,74,D,OD,LG,D
9:55:18,JSMR,RG,3760,10,D,OD,KZ,D
9:55:18,JSMR,RG,3760,7,D,OD,KZ,D
9:55:18,JSMR,RG,3760,4,D,OD,KZ,D
9:55:18,JSMR,RG,3760,53,D,OD,KZ,D
9:54:17,JSMR,RG,3750,37,F,DX,XC,D
9:54:17,JSMR,RG,3750,1,D,YP,XC,D
9:52:56,JSMR,RG,3750,2,D,YP,PD,D
9:52:56,JSMR,RG,3750,5,F,AK,PD,D
9:52:56,JSMR,RG,3750,1,F,AK,PD,D
9:52:56,JSMR,RG,3750,5,D,CS,PD,D
9:52:56,JSMR,RG,3750,5,D,NI,PD,D
9:52:09,JSMR,RG,3760,2,F,AK,KZ,D
9:52:09,JSMR,RG,3760,5,F,AK,KZ,D
9:52:09,JSMR,RG,3760,3,F,AK,YP,D
9:52:08,JSMR,RG,3750,4,F,AK,KZ,D
9:52:08,JSMR,RG,3750,6,F,AK,YP,D
9:52:08,JSMR,RG,3750,3,F,AK,KZ,D
9:52:08,JSMR,RG,3750,5,F,AK,IF,D
9:52:08,JSMR,RG,3750,1,F,AK,KZ,D
9:52:08,JSMR,RG,3750,15,F,AK,KZ,D
9:52:08,JSMR,RG,3750,13,F,AK,XL,D
9:52:08,JSMR,RG,3750,10,F,AK,SQ,D
9:52:08,JSMR,RG,3750,133,F,AK,KZ,D
9:52:06,JSMR,RG,3750,229,F,DX,KZ,D
9:52:06,JSMR,RG,3750,50,F,DX,XC,D
9:52:06,JSMR,RG,3750,90,F,DX,KZ,D
9:52:06,JSMR,RG,3750,5,F,DX,PD,D
9:52:06,JSMR,RG,3750,23,F,DX,KZ,D
9:52:06,JSMR,RG,3750,7,F,DX,YP,D
9:52:06,JSMR,RG,3750,96,F,DX,IF,D
9:52:06,JSMR,RG,3750,1,D,PD,IF,D
9:52:04,JSMR,RG,3750,1,D,NI,IF,D
9:51:35,JSMR,RG,3750,3,D,XL,IF,D
9:51:29,JSMR,RG,3750,3,F,AK,IF,D
9:51:27,JSMR,RG,3750,11,D,OD,IF,D
9:51:27,JSMR,RG,3750,42,D,OD,IF,D
9:51:27,JSMR,RG,3750,43,D,OD,IF,D
9:51:27,JSMR,RG,3750,1,D,OD,YB,D
9:51:27,JSMR,RG,3750,18,D,OD,YB,D
9:51:27,JSMR,RG,3750,38,D,OD,YU,F
9:51:27,JSMR,RG,3750,5,D,OD,YU,F
9:51:27,JSMR,RG,3750,1,D,OD,YU,F
9:51:27,JSMR,RG,3750,1,D,OD,YU,F
9:51:27,JSMR,RG,3750,35,D,OD,YU,F
9:51:27,JSMR,RG,3750,1,D,XC,YU,F
9:51:22,JSMR,RG,3750,1,D,IF,YU,F
9:51:05,JSMR,RG,3750,4,D,LG,YU,F
9:49:48,JSMR,RG,3750,1,D,YB,YU,F
9:49:48,JSMR,RG,3750,1,D,YB,YU,F
9:49:23,JSMR,RG,3750,5,D,PD,YU,F
9:49:21,JSMR,RG,3740,1,F,DX,PD,D
9:49:14,JSMR,RG,3750,1,D,PD,YU,F
9:48:53,JSMR,RG,3750,1,D,NI,YU,F
9:48:48,JSMR,RG,3750,50,D,YP,YU,F
9:48:43,JSMR,RG,3750,1,D,PD,YU,F
9:48:30,JSMR,RG,3750,3,D,ZP,YU,F
9:48:30,JSMR,RG,3750,10,D,GR,YU,F
9:48:27,JSMR,RG,3750,1,D,IF,YU,F
9:48:21,JSMR,RG,3750,10,D,YB,YU,F
9:48:16,JSMR,RG,3750,1,D,NI,YU,F
9:47:16,JSMR,RG,3750,25,D,PD,YU,F
9:47:10,JSMR,RG,3750,2,D,XC,YU,F
9:46:49,JSMR,RG,3740,85,F,DX,KZ,D
9:46:38,JSMR,RG,3750,5,D,PD,YU,F
9:46:01,JSMR,RG,3750,1,D,PD,YU,F
9:45:45,JSMR,RG,3740,22,F,DX,YU,F
9:45:42,JSMR,RG,3740,40,F,DX,GR,D
9:45:42,JSMR,RG,3740,2,D,AT,GR,D
9:45:42,JSMR,RG,3740,5,D,XC,GR,D
9:45:42,JSMR,RG,3740,4,D,PD,GR,D
9:45:42,JSMR,RG,3740,6,D,YB,GR,D
9:45:42,JSMR,RG,3740,6,D,XA,GR,D
9:45:42,JSMR,RG,3740,17,D,CS,GR,D
9:45:42,JSMR,RG,3740,10,D,SQ,GR,D
9:45:42,JSMR,RG,3740,3,D,XC,GR,D
9:45:42,JSMR,RG,3740,1,D,OD,GR,D
9:45:42,JSMR,RG,3740,5,D,SQ,GR,D
9:45:42,JSMR,RG,3740,20,D,HP,GR,D
9:45:42,JSMR,RG,3740,10,D,NI,GR,D
9:45:42,JSMR,RG,3740,5,D,YP,GR,D
9:45:42,JSMR,RG,3740,1,D,CC,GR,D
9:45:42,JSMR,RG,3740,6,D,NI,GR,D
9:45:42,JSMR,RG,3740,26,D,YP,GR,D
9:45:42,JSMR,RG,3740,4,D,XL,GR,D
9:45:42,JSMR,RG,3740,1,D,XL,GR,D
9:45:42,JSMR,RG,3740,1,D,XC,GR,D
9:45:42,JSMR,RG,3740,1,D,OD,GR,D
9:45:42,JSMR,RG,3740,32,D,CP,GR,D
9:44:22,JSMR,RG,3740,18,D,CP,YU,F
9:44:22,JSMR,RG,3740,5,D,CC,YU,F
9:44:21,JSMR,RG,3740,5,D,CC,SQ,D
9:44:21,JSMR,RG,3740,2,D,XC,SQ,D
9:44:21,JSMR,RG,3740,5,D,CC,SQ,D
9:44:21,JSMR,RG,3740,3,D,XC,SQ,D
9:44:21,JSMR,RG,3740,2,D,XC,SQ,D
9:44:21,JSMR,RG,3740,18,F,DX,SQ,D
9:44:16,JSMR,RG,3740,1,F,DX,XC,D
9:44:14,JSMR,RG,3740,15,F,DX,XC,D
9:44:12,JSMR,RG,3740,50,F,DX,XL,D
9:42:51,JSMR,RG,3740,1,F,DX,CP,D
9:42:21,JSMR,RG,3740,1,F,DX,YP,D
9:42:19,JSMR,RG,3740,3,F,DX,KZ,D
9:42:04,JSMR,RG,3740,5,F,DX,XC,D
9:41:34,JSMR,RG,3740,3,F,DX,KZ,D
9:41:14,JSMR,RG,3750,4,D,XL,GR,D
9:40:05,JSMR,RG,3750,1,D,YP,GR,D
9:39:34,JSMR,RG,3740,15,F,DX,KZ,D
9:39:32,JSMR,RG,3740,17,F,DX,YU,F
9:39:29,JSMR,RG,3740,71,F,DX,KZ,D
9:39:29,JSMR,RG,3740,1,D,KK,KZ,D
9:39:26,JSMR,RG,3740,1,D,KK,XC,D
9:39:26,JSMR,RG,3740,1,D,PD,XC,D
9:39:26,JSMR,RG,3740,20,D,TP,XC,D
9:39:26,JSMR,RG,3740,5,D,YP,XC,D
9:39:26,JSMR,RG,3740,1,D,CC,XC,D
9:39:26,JSMR,RG,3740,1,D,CC,XC,D
9:39:26,JSMR,RG,3740,3,D,YB,XC,D
9:39:26,JSMR,RG,3740,18,D,YP,XC,D
9:39:14,JSMR,RG,3740,14,D,YP,YU,F
9:39:11,JSMR,RG,3750,50,F,SQ,GR,D
9:38:43,JSMR,RG,3740,6,D,YP,XA,D
9:38:30,JSMR,RG,3740,4,D,YP,XC,D
9:37:58,JSMR,RG,3740,15,D,YP,CC,D
9:37:24,JSMR,RG,3740,8,D,YP,XC,D
9:37:04,JSMR,RG,3740,15,D,YP,YU,F
9:37:04,JSMR,RG,3740,3,F,DX,YU,F
9:37:02,JSMR,RG,3740,97,F,DX,YB,D
9:37:02,JSMR,RG,3740,7,D,XC,YB,D
9:37:02,JSMR,RG,3740,1,D,XC,YB,D
9:37:02,JSMR,RG,3740,25,D,TF,YB,D
9:37:02,JSMR,RG,3740,1,D,PD,YB,D
9:37:02,JSMR,RG,3740,3,D,XA,YB,D
9:37:02,JSMR,RG,3740,1,D,YB,YB,D
9:37:01,JSMR,RG,3740,9,D,YB,NI,D
9:37:01,JSMR,RG,3740,1,D,PD,NI,D
9:36:20,JSMR,RG,3740,23,D,PD,YU,F
9:36:19,JSMR,RG,3740,1,D,PD,YU,F
9:36:19,JSMR,RG,3740,3,D,YB,YU,F
9:36:19,JSMR,RG,3740,2,D,YB,YU,F
9:36:19,JSMR,RG,3740,3,D,SQ,YU,F
9:36:19,JSMR,RG,3740,5,D,CC,YU,F
9:36:19,JSMR,RG,3740,5,D,DH,YU,F
9:36:19,JSMR,RG,3740,1,D,XC,YU,F
9:36:19,JSMR,RG,3740,5,D,YP,YU,F
9:36:17,JSMR,RG,3750,18,D,CS,GR,D
9:36:17,JSMR,RG,3750,4,D,YU,GR,D
9:36:17,JSMR,RG,3750,5,D,YB,GR,D
9:36:17,JSMR,RG,3750,5,D,YB,GR,D
9:36:17,JSMR,RG,3750,3,D,DH,GR,D
9:36:17,JSMR,RG,3750,1,D,XL,GR,D
9:36:17,JSMR,RG,3750,100,D,EP,GR,D
9:36:17,JSMR,RG,3750,10,D,CC,GR,D
9:36:17,JSMR,RG,3750,3,D,YP,GR,D
9:36:17,JSMR,RG,3750,12,D,CS,GR,D
9:36:17,JSMR,RG,3750,125,D,BQ,GR,D
9:36:17,JSMR,RG,3750,1,D,PD,GR,D
9:36:17,JSMR,RG,3750,3,D,KK,GR,D
9:36:17,JSMR,RG,3750,20,D,NI,GR,D
9:36:17,JSMR,RG,3750,15,D,CS,GR,D
9:36:17,JSMR,RG,3750,1,D,CS,GR,D
9:36:17,JSMR,RG,3750,200,F,DX,GR,D
9:36:17,JSMR,RG,3750,200,F,DX,GR,D
9:36:17,JSMR,RG,3750,8,D,CS,GR,D
9:36:17,JSMR,RG,3750,100,D,YP,GR,D
9:36:17,JSMR,RG,3750,80,D,EL,GR,D
9:36:17,JSMR,RG,3750,6,D,CS,GR,D
9:36:17,JSMR,RG,3750,67,F,AK,GR,D
9:36:17,JSMR,RG,3750,9,D,CS,GR,D
9:36:17,JSMR,RG,3750,164,D,SQ,GR,D
9:35:35,JSMR,RG,3750,2,D,SQ,PD,D
9:33:41,JSMR,RG,3750,5,D,SQ,PD,D
9:31:35,JSMR,RG,3750,2,D,SQ,DR,D
9:31:26,JSMR,RG,3750,50,D,SQ,XL,D
9:31:07,JSMR,RG,3750,37,D,SQ,CD,D
9:31:07,JSMR,RG,3750,1,D,SQ,SQ,D
9:31:07,JSMR,RG,3750,9,D,SQ,YU,F
9:30:56,JSMR,RG,3750,18,D,EP,YU,F
9:30:56,JSMR,RG,3750,1,D,EP,YP,D
9:30:56,JSMR,RG,3750,2,D,EP,YP,D
9:30:56,JSMR,RG,3750,1,D,EP,XC,D
9:30:56,JSMR,RG,3750,1,D,EP,XC,D
9:30:56,JSMR,RG,3750,47,D,EP,KZ,D
9:30:56,JSMR,RG,3750,4,D,XL,KZ,D
9:30:41,JSMR,RG,3740,1,D,YP,CD,D
9:30:34,JSMR,RG,3740,9,D,YP,YP,D
9:30:34,JSMR,RG,3740,1,D,KK,YP,D
9:30:34,JSMR,RG,3740,1,D,YP,YP,D
9:30:34,JSMR,RG,3740,3,D,PD,YP,D
9:30:34,JSMR,RG,3740,12,D,YB,YP,D
9:29:51,JSMR,RG,3740,37,D,YB,YP,D
9:29:51,JSMR,RG,3740,10,D,CC,YP,D
9:29:51,JSMR,RG,3740,1,D,XC,YP,D
9:29:51,JSMR,RG,3740,6,D,YP,YP,D
9:29:51,JSMR,RG,3740,10,D,YP,YP,D
9:29:51,JSMR,RG,3740,5,D,DR,YP,D
9:29:51,JSMR,RG,3740,5,D,YB,YP,D
9:29:51,JSMR,RG,3740,26,F,DX,YP,D
9:28:37,JSMR,RG,3740,10,F,DX,YB,D
9:28:30,JSMR,RG,3750,8,D,YP,KZ,D
9:28:17,JSMR,RG,3740,164,F,DX,KZ,D
9:28:17,JSMR,RG,3740,1,D,KK,KZ,D
9:28:17,JSMR,RG,3740,30,D,BQ,KZ,D
9:28:17,JSMR,RG,3740,1,D,YP,KZ,D
9:28:17,JSMR,RG,3740,1,D,XC,KZ,D
9:28:17,JSMR,RG,3740,13,D,NI,KZ,D
9:28:17,JSMR,RG,3740,21,D,CS,KZ,D
9:28:17,JSMR,RG,3740,3,D,OD,KZ,D
9:28:17,JSMR,RG,3740,35,D,XL,KZ,D
9:28:17,JSMR,RG,3740,3,D,CC,KZ,D
9:28:17,JSMR,RG,3740,1,D,XC,KZ,D
9:28:17,JSMR,RG,3740,2,D,CC,KZ,D
9:28:17,JSMR,RG,3740,2,D,SS,KZ,D
9:28:17,JSMR,RG,3740,20,D,YP,KZ,D
9:28:01,JSMR,RG,3750,1,D,PD,KZ,D
9:27:55,JSMR,RG,3750,1,D,XC,KZ,D
9:27:33,JSMR,RG,3750,4,D,XC,KZ,D
9:26:57,JSMR,RG,3750,1,D,YP,KZ,D
9:26:50,JSMR,RG,3740,3,D,YP,YP,D
9:26:45,JSMR,RG,3750,1,D,XC,KZ,D
9:26:43,JSMR,RG,3750,5,D,YP,KZ,D
9:26:34,JSMR,RG,3740,7,D,YP,GR,D
9:26:34,JSMR,RG,3740,43,D,NI,GR,D
9:26:34,JSMR,RG,3750,6,D,YP,KZ,D
9:26:02,JSMR,RG,3750,1,D,XC,KZ,D
9:25:36,JSMR,RG,3750,1,D,YP,KZ,D
9:25:28,JSMR,RG,3740,1,D,NI,YB,D
9:25:25,JSMR,RG,3750,191,F,DX,KZ,D
9:25:25,JSMR,RG,3750,8,F,DX,CC,D
9:25:25,JSMR,RG,3750,10,F,DX,PD,D
9:25:25,JSMR,RG,3750,6,F,DX,CC,D
9:25:25,JSMR,RG,3750,285,F,DX,KZ,D
9:25:18,JSMR,RG,3750,10,D,YB,KZ,D
9:25:06,JSMR,RG,3750,4,D,AZ,KZ,D
9:25:06,JSMR,RG,3750,6,D,AZ,PD,D
9:24:53,JSMR,RG,3750,3,D,XC,PD,D
9:24:41,JSMR,RG,3740,3,D,NI,YB,D
9:24:40,JSMR,RG,3750,1,D,PD,PD,D
9:24:40,JSMR,RG,3750,1,D,PD,YU,F
9:24:25,JSMR,RG,3750,1,D,XC,YU,F
9:24:16,JSMR,RG,3750,20,D,YP,YU,F
9:23:57,JSMR,RG,3750,110,D,YU,YU,F
9:23:57,JSMR,RG,3750,205,D,YU,RF,D
9:23:57,JSMR,RG,3750,1,D,CC,RF,D
9:23:47,JSMR,RG,3750,1,D,YP,RF,D
9:23:41,JSMR,RG,3750,5,D,CC,RF,D
9:22:57,JSMR,RG,3750,17,D,YB,RF,D
9:22:57,JSMR,RG,3740,10,D,NI,NI,D
9:22:52,JSMR,RG,3740,1,D,NI,YP,D
9:22:28,JSMR,RG,3740,13,D,NI,PD,D
9:22:03,JSMR,RG,3750,1,D,YP,RF,D
9:22:01,JSMR,RG,3740,16,D,NI,YU,F
9:22:01,JSMR,RG,3740,7,D,NI,PD,D
9:22:00,JSMR,RG,3740,6,D,NI,PD,D
9:22:00,JSMR,RG,3740,1,D,XC,PD,D
9:22:00,JSMR,RG,3740,8,D,YP,PD,D
9:21:43,JSMR,RG,3750,2,D,DH,RF,D
9:21:43,JSMR,RG,3750,55,D,YB,RF,D
9:21:42,JSMR,RG,3750,10,D,YP,RF,D
9:21:36,JSMR,RG,3750,3,D,XC,RF,D
9:21:35,JSMR,RG,3740,16,D,YP,YU,F
9:21:35,JSMR,RG,3750,1,D,XC,RF,D
9:21:34,JSMR,RG,3740,16,D,YP,NI,D
9:21:34,JSMR,RG,3740,10,D,XC,NI,D
9:21:34,JSMR,RG,3740,10,D,CC,NI,D
9:21:34,JSMR,RG,3740,6,D,CC,NI,D
9:21:34,JSMR,RG,3740,5,D,DH,NI,D
9:21:34,JSMR,RG,3740,3,D,XC,NI,D
9:21:34,JSMR,RG,3740,1,D,IF,NI,D
9:21:34,JSMR,RG,3740,73,D,PD,NI,D
9:21:23,JSMR,RG,3750,18,D,KK,RF,D
9:21:21,JSMR,RG,3740,50,D,PD,CC,D
9:21:20,JSMR,RG,3750,50,D,EP,RF,D
9:20:52,JSMR,RG,3750,3,D,XL,RF,D
9:20:47,JSMR,RG,3750,1,D,YP,RF,D
9:20:47,JSMR,RG,3750,1,D,YB,RF,D
9:20:26,JSMR,RG,3750,1,D,YP,RF,D
9:20:19,JSMR,RG,3750,3,D,XC,RF,D
9:20:10,JSMR,RG,3740,26,D,PD,AZ,D
9:20:08,JSMR,RG,3740,11,D,PD,XL,D
9:20:08,JSMR,RG,3740,1,D,NI,XL,D
9:20:08,JSMR,RG,3740,4,D,DH,XL,D
9:20:08,JSMR,RG,3740,2,D,DX,XL,D
9:20:08,JSMR,RG,3740,1,D,YP,XL,D
9:20:08,JSMR,RG,3740,1,D,NI,XL,D
9:20:08,JSMR,RG,3740,1,D,YP,XL,D
9:20:08,JSMR,RG,3740,4,D,YP,XL,D
9:20:02,JSMR,RG,3740,1,D,YP,YU,F
9:20:02,JSMR,RG,3740,1,D,YP,YU,F
9:20:02,JSMR,RG,3740,15,D,KK,YU,F
9:19:58,JSMR,RG,3750,70,D,XC,RF,D
9:19:56,JSMR,RG,3750,5,D,PD,RF,D
9:19:53,JSMR,RG,3750,1,D,EP,RF,D
9:19:48,JSMR,RG,3750,20,D,YP,RF,D
9:19:48,JSMR,RG,3740,5,D,KK,XC,D
9:19:48,JSMR,RG,3740,10,D,PD,XC,D
9:19:48,JSMR,RG,3740,2,D,XL,XC,D
9:19:48,JSMR,RG,3740,15,F,DX,XC,D
9:19:44,JSMR,RG,3740,14,F,DX,XC,D
9:19:36,JSMR,RG,3750,1,D,EP,RF,D
9:19:26,JSMR,RG,3740,17,F,DX,YB,D
9:19:18,JSMR,RG,3740,3,F,DX,XC,D
9:19:08,JSMR,RG,3740,1,F,DX,XC,D
9:19:03,JSMR,RG,3740,6,F,DX,LG,D
9:19:01,JSMR,RG,3740,20,F,DX,YU,F
9:18:58,JSMR,RG,3750,1,D,SS,RF,D
9:18:52,JSMR,RG,3740,14,F,DX,YU,F
9:18:45,JSMR,RG,3740,17,F,DX,YU,F
9:18:43,JSMR,RG,3740,93,F,DX,IF,D
9:18:43,JSMR,RG,3740,26,D,YB,IF,D
9:18:43,JSMR,RG,3740,6,D,AG,IF,D
9:18:41,JSMR,RG,3740,10,D,AG,XC,D
9:18:39,JSMR,RG,3740,13,D,AG,YU,F
9:18:32,JSMR,RG,3740,19,D,AG,YU,F
9:18:31,JSMR,RG,3750,1,D,XC,RF,D
9:18:17,JSMR,RG,3740,23,D,AG,YU,F
9:18:11,JSMR,RG,3740,17,D,AG,YU,F
9:18:10,JSMR,RG,3740,12,D,AG,YP,D
9:18:10,JSMR,RG,3740,1,D,YP,YP,D
9:18:10,JSMR,RG,3740,3,D,YP,YP,D
9:18:10,JSMR,RG,3750,5,D,YB,RF,D
9:18:10,JSMR,RG,3740,7,D,YP,PD,D
9:18:10,JSMR,RG,3740,3,D,YP,PD,D
9:18:09,JSMR,RG,3740,10,D,YP,YU,F
9:18:09,JSMR,RG,3740,1,D,YP,YU,F
9:18:09,JSMR,RG,3740,4,D,YP,YU,F
9:18:09,JSMR,RG,3740,1,D,XL,YU,F
9:18:09,JSMR,RG,3740,18,D,XC,YU,F
9:18:09,JSMR,RG,3740,1,D,BQ,YU,F
9:18:09,JSMR,RG,3740,1,D,PD,YU,F
9:18:09,JSMR,RG,3740,1,D,PD,YU,F
9:18:09,JSMR,RG,3740,1,D,KK,YU,F
9:18:09,JSMR,RG,3740,15,D,DX,YU,F
9:18:09,JSMR,RG,3740,5,D,AZ,YU,F
9:18:09,JSMR,RG,3740,2,D,AZ,YU,F
9:18:09,JSMR,RG,3740,1,D,DX,YU,F
9:18:09,JSMR,RG,3740,5,D,YB,YU,F
9:18:09,JSMR,RG,3740,13,D,YB,YU,F
9:18:09,JSMR,RG,3740,6,D,YB,YU,F
9:18:07,JSMR,RG,3750,1,D,HP,RF,D
9:18:07,JSMR,RG,3750,1,D,PD,RF,D
9:18:07,JSMR,RG,3750,1,D,XC,RF,D
9:18:07,JSMR,RG,3750,1,D,CP,RF,D
9:18:07,JSMR,RG,3750,1,D,AZ,RF,D
9:18:07,JSMR,RG,3750,1,D,CS,RF,D
9:18:07,JSMR,RG,3750,1,D,PD,RF,D
9:18:07,JSMR,RG,3750,50,D,YP,RF,D
9:18:07,JSMR,RG,3750,5,D,YP,RF,D
9:18:07,JSMR,RG,3750,1,D,NI,RF,D
9:18:07,JSMR,RG,3750,8,D,DH,RF,D
9:18:07,JSMR,RG,3750,2,D,YB,RF,D
9:18:07,JSMR,RG,3750,5,D,XC,RF,D
9:18:07,JSMR,RG,3750,8,D,CS,RF,D
9:18:07,JSMR,RG,3750,26,D,GR,RF,D
9:18:07,JSMR,RG,3750,30,D,NI,RF,D
9:18:07,JSMR,RG,3750,100,D,DH,RF,D
9:18:07,JSMR,RG,3750,10,D,SQ,RF,D
9:18:07,JSMR,RG,3750,8,D,CS,RF,D
9:18:07,JSMR,RG,3750,1,D,XC,RF,D
9:18:07,JSMR,RG,3750,2,D,XL,RF,D
9:18:07,JSMR,RG,3750,2,D,YP,RF,D
9:18:07,JSMR,RG,3750,10,D,NI,RF,D
9:18:07,JSMR,RG,3750,27,D,CS,RF,D
9:18:07,JSMR,RG,3750,1,D,OD,RF,D
9:18:07,JSMR,RG,3750,1,D,NI,RF,D
9:18:07,JSMR,RG,3750,10,D,CC,RF,D
9:18:07,JSMR,RG,3750,25,D,ZP,RF,D
9:18:07,JSMR,RG,3750,1,D,PD,RF,D
9:18:07,JSMR,RG,3750,3,D,YB,RF,D
9:18:07,JSMR,RG,3750,21,D,RG,RF,D
9:18:07,JSMR,RG,3750,50,D,DR,RF,D
9:18:07,JSMR,RG,3750,5,D,YP,RF,D
9:18:07,JSMR,RG,3750,2,D,CC,RF,D
9:18:07,JSMR,RG,3750,12,D,CC,RF,D
9:18:07,JSMR,RG,3750,3,D,DH,RF,D
9:18:07,JSMR,RG,3750,11,D,CS,RF,D
9:18:07,JSMR,RG,3750,1,D,YP,RF,D
9:18:07,JSMR,RG,3750,50,D,NI,RF,D
9:18:07,JSMR,RG,3750,1,D,HP,RF,D
9:18:07,JSMR,RG,3750,1,D,XL,RF,D
9:18:07,JSMR,RG,3750,2,D,PD,RF,D
9:18:07,JSMR,RG,3750,10,D,KK,RF,D
9:18:07,JSMR,RG,3750,1,D,YP,RF,D
9:18:07,JSMR,RG,3750,1,D,NI,RF,D
9:18:07,JSMR,RG,3750,1,D,YP,RF,D
9:18:07,JSMR,RG,3750,100,D,DH,RF,D
9:18:07,JSMR,RG,3750,10,D,PD,RF,D
9:18:07,JSMR,RG,3750,20,D,KK,RF,D
9:18:07,JSMR,RG,3750,1,D,KK,RF,D
9:18:07,JSMR,RG,3750,1,D,NI,RF,D
9:18:07,JSMR,RG,3750,1,D,CC,RF,D
9:18:07,JSMR,RG,3750,1,D,YB,RF,D
9:18:07,JSMR,RG,3750,5,D,PD,RF,D
9:18:07,JSMR,RG,3750,100,D,DH,RF,D
9:18:07,JSMR,RG,3750,5,D,KK,RF,D
9:18:07,JSMR,RG,3750,15,D,YP,RF,D
9:18:07,JSMR,RG,3750,10,D,YP,RF,D
9:18:07,JSMR,RG,3750,100,D,AG,RF,D
9:18:07,JSMR,RG,3750,60,D,YP,RF,D
9:18:07,JSMR,RG,3750,1,D,YB,RF,D
9:18:07,JSMR,RG,3750,1,D,YP,RF,D
9:18:07,JSMR,RG,3750,1,D,YB,RF,D
9:18:07,JSMR,RG,3750,1,D,YP,RF,D
9:18:07,JSMR,RG,3750,20,D,LG,RF,D
9:18:07,JSMR,RG,3750,25,D,YP,RF,D
9:18:07,JSMR,RG,3750,2,D,PD,RF,D
9:18:07,JSMR,RG,3750,276,F,DX,RF,D
9:18:07,JSMR,RG,3760,10,D,PD,RF,D
9:18:07,JSMR,RG,3760,1,D,XC,RF,D
9:18:07,JSMR,RG,3760,1,D,CC,RF,D
9:18:07,JSMR,RG,3760,13,D,YP,RF,D
9:18:07,JSMR,RG,3760,10,D,YU,RF,D
9:18:07,JSMR,RG,3760,100,D,PD,RF,D
9:18:07,JSMR,RG,3760,5,D,DR,RF,D
9:18:07,JSMR,RG,3760,10,D,YP,RF,D
9:18:07,JSMR,RG,3760,5,D,CC,RF,D
9:18:07,JSMR,RG,3760,12,D,CS,RF,D
9:18:07,JSMR,RG,3760,80,F,DX,RF,D
9:18:04,JSMR,RG,3770,20,D,PD,GR,D
9:17:58,JSMR,RG,3770,1,D,XC,GR,D
9:17:35,JSMR,RG,3770,4,D,PD,GR,D
9:17:35,JSMR,RG,3770,30,D,PD,GR,D
9:17:18,JSMR,RG,3760,20,F,DX,ZP,D
9:17:18,JSMR,RG,3760,34,F,DX,YU,F
9:17:18,JSMR,RG,3760,217,F,DX,KZ,D
9:17:18,JSMR,RG,3760,3,F,DX,KK,D
9:17:18,JSMR,RG,3760,5,F,DX,DH,D
9:17:18,JSMR,RG,3760,3,F,DX,CC,D
9:17:18,JSMR,RG,3760,20,F,DX,CC,D
9:17:18,JSMR,RG,3760,118,F,DX,KZ,D
9:17:15,JSMR,RG,3750,5,F,DX,CC,D
9:17:10,JSMR,RG,3750,1,F,DX,XC,D
9:16:56,JSMR,RG,3760,1,D,XC,KZ,D
9:16:55,JSMR,RG,3760,10,D,CC,KZ,D
9:16:48,JSMR,RG,3760,5,D,YP,KZ,D
9:16:46,JSMR,RG,3760,20,D,PD,KZ,D
9:16:11,JSMR,RG,3760,2,D,CP,KZ,D
9:15:45,JSMR,RG,3750,1,F,DX,IF,D
9:15:41,JSMR,RG,3760,5,D,PD,KZ,D
9:15:33,JSMR,RG,3750,10,F,DX,SQ,D
9:15:11,JSMR,RG,3760,5,D,KK,KZ,D
9:15:08,JSMR,RG,3760,15,D,DX,KZ,D
9:14:52,JSMR,RG,3760,20,D,YB,KZ,D
9:14:48,JSMR,RG,3760,1,D,YP,KZ,D
9:14:41,JSMR,RG,3760,84,D,AZ,KZ,D
9:14:41,JSMR,RG,3760,25,D,AZ,CC,D
9:14:41,JSMR,RG,3760,15,D,AZ,YP,D
9:14:41,JSMR,RG,3760,16,D,AZ,NI,D
9:14:41,JSMR,RG,3760,5,D,AZ,YP,D
9:14:41,JSMR,RG,3760,105,D,AZ,CC,D
9:14:26,JSMR,RG,3760,5,D,YP,CC,D
9:14:06,JSMR,RG,3760,5,D,CC,CC,D
9:14:02,JSMR,RG,3760,1,D,CC,CC,D
9:13:56,JSMR,RG,3760,1,D,PD,CC,D
9:13:43,JSMR,RG,3760,15,D,XC,CC,D
9:13:41,JSMR,RG,3760,1,D,CC,CC,D
9:13:36,JSMR,RG,3760,10,D,NI,CC,D
9:13:29,JSMR,RG,3760,5,D,SQ,CC,D
9:13:29,JSMR,RG,3760,1,D,PD,CC,D
9:13:29,JSMR,RG,3750,1,F,DX,RO,D
9:13:27,JSMR,RG,3760,1,D,PD,CC,D
9:12:58,JSMR,RG,3760,10,D,LG,CC,D
9:12:55,JSMR,RG,3760,15,D,YB,CC,D
9:12:55,JSMR,RG,3760,85,D,YB,YU,F
9:12:09,JSMR,RG,3760,3,D,DR,YU,F
9:12:03,JSMR,RG,3750,19,F,DX,YU,F
9:12:00,JSMR,RG,3750,23,F,DX,YU,F
9:11:59,JSMR,RG,3750,164,F,DX,LG,D
9:11:59,JSMR,RG,3750,7,D,XL,LG,D
9:11:59,JSMR,RG,3750,13,D,YP,LG,D
9:11:59,JSMR,RG,3750,1,D,YP,LG,D
9:11:59,JSMR,RG,3750,5,D,YB,LG,D
9:11:59,JSMR,RG,3750,2,D,YP,LG,D
9:11:59,JSMR,RG,3750,2,D,YP,LG,D
9:11:59,JSMR,RG,3750,10,D,NI,LG,D
9:11:59,JSMR,RG,3750,5,D,CC,LG,D
9:11:59,JSMR,RG,3750,10,D,NI,LG,D
9:11:55,JSMR,RG,3750,15,D,NI,YU,F
9:11:55,JSMR,RG,3750,1,D,CC,YU,F
9:11:48,JSMR,RG,3750,14,D,CC,YU,F
9:11:48,JSMR,RG,3750,10,D,CC,YU,F
9:11:45,JSMR,RG,3760,175,D,CD,OD,D
9:11:45,JSMR,RG,3760,20,D,CD,CC,D
9:11:45,JSMR,RG,3760,4,D,CD,SQ,D
9:11:45,JSMR,RG,3760,66,D,CD,KZ,D
9:11:33,JSMR,RG,3760,3,D,PD,KZ,D
9:11:30,JSMR,RG,3760,6,D,PD,KZ,D
9:11:19,JSMR,RG,3750,10,D,CC,YU,F
9:11:19,JSMR,RG,3750,6,D,LG,YU,F
9:11:19,JSMR,RG,3750,1,D,PD,YU,F
9:11:19,JSMR,RG,3750,1,D,CC,YU,F
9:11:19,JSMR,RG,3750,1,D,PD,YU,F
9:11:15,JSMR,RG,3760,30,D,YP,KZ,D
9:11:13,JSMR,RG,3750,1,D,PD,YU,F
9:11:13,JSMR,RG,3750,1,D,CC,YU,F
9:11:13,JSMR,RG,3750,5,D,DR,YU,F
9:11:13,JSMR,RG,3750,2,D,CC,YU,F
9:11:13,JSMR,RG,3750,2,D,BQ,YU,F
9:11:13,JSMR,RG,3750,4,D,PD,YU,F
9:11:11,JSMR,RG,3750,1,D,PD,YU,F
9:11:11,JSMR,RG,3750,1,D,PD,YU,F
9:11:11,JSMR,RG,3750,1,D,PD,YU,F
9:11:11,JSMR,RG,3750,3,D,DH,YU,F
9:11:11,JSMR,RG,3750,13,D,DH,YU,F
9:11:11,JSMR,RG,3750,2,D,KK,YU,F
9:11:11,JSMR,RG,3750,2,D,EP,YU,F
9:11:08,JSMR,RG,3760,346,F,DX,KZ,D
9:11:08,JSMR,RG,3760,154,F,DX,CC,D
9:10:47,JSMR,RG,3760,1,D,KK,CC,D
9:10:30,JSMR,RG,3760,1,D,IF,CC,D
9:10:25,JSMR,RG,3760,1,D,PD,CC,D
9:10:08,JSMR,RG,3750,1,D,EP,NI,D
9:10:00,JSMR,RG,3760,8,D,YB,CC,D
9:09:58,JSMR,RG,3750,1,D,EP,NI,D
9:09:50,JSMR,RG,3750,2,D,EP,PD,D
9:09:50,JSMR,RG,3750,8,D,YB,PD,D
9:09:50,JSMR,RG,3750,14,D,YB,PD,D
9:09:50,JSMR,RG,3750,7,D,EP,PD,D
9:09:50,JSMR,RG,3750,5,D,YB,PD,D
9:09:50,JSMR,RG,3750,3,D,ZP,PD,D
9:09:50,JSMR,RG,3750,1,D,AZ,PD,D
9:09:45,JSMR,RG,3760,2,D,CP,CC,D
9:09:30,JSMR,RG,3760,5,D,XC,CC,D
9:09:30,JSMR,RG,3760,10,D,KK,CC,D
9:09:07,JSMR,RG,3760,3,D,PD,CC,D
9:08:46,JSMR,RG,3760,50,D,DR,CC,D
9:08:42,JSMR,RG,3760,10,D,SQ,CC,D
9:08:41,JSMR,RG,3750,9,D,AZ,ZP,F
9:08:41,JSMR,RG,3750,5,D,AZ,ZP,F
9:08:41,JSMR,RG,3750,1,D,YB,ZP,F
9:08:40,JSMR,RG,3760,100,D,DH,CC,D
9:08:35,JSMR,RG,3760,79,D,GR,CC,D
9:08:23,JSMR,RG,3760,1,D,XL,CC,D
9:08:07,JSMR,RG,3760,3,D,DH,CC,D
9:07:54,JSMR,RG,3760,3,D,AZ,CC,D
9:07:43,JSMR,RG,3760,29,D,CS,CC,D
9:07:43,JSMR,RG,3760,40,F,DX,CC,D
9:07:41,JSMR,RG,3760,1,F,DX,KK,D
9:07:41,JSMR,RG,3760,9,F,DX,PD,D
9:07:41,JSMR,RG,3760,1,F,DX,YP,D
9:07:41,JSMR,RG,3760,30,F,DX,ZP,D
9:07:41,JSMR,RG,3760,3,F,DX,DH,D
9:07:41,JSMR,RG,3760,3,F,DX,NI,D
9:07:41,JSMR,RG,3760,10,F,DX,XL,D
9:07:41,JSMR,RG,3760,3,F,DX,DR,D
9:07:36,JSMR,RG,3760,47,D,CC,DR,D
9:07:36,JSMR,RG,3760,20,D,CC,ZP,F
9:07:36,JSMR,RG,3760,33,D,CC,OD,D
9:07:35,JSMR,RG,3760,5,D,YP,OD,D
9:07:09,JSMR,RG,3760,10,D,CC,OD,D
9:06:40,JSMR,RG,3760,5,D,KK,OD,D
9:06:10,JSMR,RG,3760,10,D,NI,OD,D
9:05:51,JSMR,RG,3760,1,D,SQ,OD,D
9:05:50,JSMR,RG,3760,1,D,YP,OD,D
9:05:44,JSMR,RG,3760,50,D,LG,OD,D
9:05:26,JSMR,RG,3760,35,F,DX,OD,D
9:05:25,JSMR,RG,3760,5,F,DX,NI,D
9:05:25,JSMR,RG,3760,40,F,DX,XC,D
9:05:25,JSMR,RG,3760,21,F,DX,ZP,F
9:05:25,JSMR,RG,3760,10,F,DX,NI,D
9:05:25,JSMR,RG,3760,5,F,DX,OD,D
9:05:25,JSMR,RG,3760,12,F,DX,GR,D
9:05:25,JSMR,RG,3760,3,F,DX,YP,D
9:05:25,JSMR,RG,3760,10,F,DX,GR,D
9:05:25,JSMR,RG,3760,25,F,DX,XL,D
9:05:25,JSMR,RG,3760,134,F,DX,KZ,D
9:05:22,JSMR,RG,3760,2,D,PD,KZ,D
9:05:09,JSMR,RG,3760,1,D,YP,KZ,D
9:05:09,JSMR,RG,3760,69,D,CC,KZ,D
9:05:09,JSMR,RG,3760,2,D,CC,XC,D
9:05:09,JSMR,RG,3760,2,D,CC,DR,D
9:05:09,JSMR,RG,3760,27,D,CC,KZ,D
9:05:09,JSMR,RG,3750,2,D,YB,AT,D
9:05:08,JSMR,RG,3760,1,D,KK,KZ,D
9:04:58,JSMR,RG,3760,19,D,PD,KZ,D
9:04:58,JSMR,RG,3760,20,D,PD,ZP,F
9:04:58,JSMR,RG,3760,1,D,PD,ZP,F
9:04:52,JSMR,RG,3760,10,D,PD,ZP,F
9:04:47,JSMR,RG,3760,11,D,YP,ZP,F
9:04:47,JSMR,RG,3760,21,D,YP,ZP,F
9:04:47,JSMR,RG,3760,21,D,YP,LG,D
9:04:30,JSMR,RG,3760,4,D,YB,LG,D
9:04:29,JSMR,RG,3760,3,D,DR,LG,D
9:04:28,JSMR,RG,3760,1,D,CC,LG,D
9:04:27,JSMR,RG,3760,5,D,YP,LG,D
9:04:27,JSMR,RG,3760,2,D,YP,LG,D
9:04:19,JSMR,RG,3760,25,D,PD,LG,D
9:04:10,JSMR,RG,3760,25,D,PD,LG,D
9:04:08,JSMR,RG,3760,14,D,YB,LG,D
9:04:06,JSMR,RG,3760,2,D,KK,LG,D
9:04:05,JSMR,RG,3760,10,D,DH,LG,D
9:04:03,JSMR,RG,3760,3,D,PD,LG,D
9:04:03,JSMR,RG,3760,5,D,PD,LG,D
9:03:57,JSMR,RG,3760,5,D,PD,LG,D
9:03:56,JSMR,RG,3750,4,D,YB,ZP,F
9:03:56,JSMR,RG,3750,2,D,YB,ZP,F
9:03:56,JSMR,RG,3750,10,D,YB,ZP,F
9:03:56,JSMR,RG,3750,5,D,PF,ZP,F
9:03:55,JSMR,RG,3760,25,D,AG,LG,D
9:03:54,JSMR,RG,3760,21,D,AG,ZP,F
9:03:53,JSMR,RG,3770,10,D,PD,GR,D
9:03:53,JSMR,RG,3760,54,D,AG,KZ,D
9:03:53,JSMR,RG,3760,26,D,YB,KZ,D
9:03:53,JSMR,RG,3760,1,D,YP,KZ,D
9:03:53,JSMR,RG,3760,100,D,DH,KZ,D
9:03:53,JSMR,RG,3760,1,D,YP,KZ,D
9:03:53,JSMR,RG,3760,5,D,DR,KZ,D
9:03:53,JSMR,RG,3760,30,D,YB,KZ,D
9:03:53,JSMR,RG,3760,65,D,PD,KZ,D
9:03:53,JSMR,RG,3760,26,D,SQ,KZ,D
9:03:53,JSMR,RG,3760,13,D,YP,KZ,D
9:03:53,JSMR,RG,3760,115,F,DX,KZ,D
9:03:48,JSMR,RG,3760,20,F,DX,ZP,F
9:03:47,JSMR,RG,3770,30,D,PD,GR,D
9:03:42,JSMR,RG,3760,8,F,DX,YP,D
9:03:41,JSMR,RG,3770,10,D,PD,GR,D
9:03:40,JSMR,RG,3760,4,F,DX,NI,D
9:03:39,JSMR,RG,3760,10,F,DX,CC,D
9:03:36,JSMR,RG,3770,1,D,PD,GR,D
9:03:36,JSMR,RG,3760,13,F,DX,AZ,D
9:03:35,JSMR,RG,3770,1,D,YP,GR,D
9:03:29,JSMR,RG,3760,120,F,DX,YP,D
9:03:27,JSMR,RG,3770,14,D,YB,GR,D
9:03:26,JSMR,RG,3760,20,F,DX,ZP,F
9:03:26,JSMR,RG,3760,150,F,DX,YP,D
9:03:23,JSMR,RG,3770,1,D,YB,GR,D
9:03:07,JSMR,RG,3760,22,F,DX,ZP,F
9:03:07,JSMR,RG,3760,2,F,DX,YP,D
9:03:04,JSMR,RG,3760,16,F,DX,ZP,F
9:03:04,JSMR,RG,3760,3,D,YP,ZP,F
9:03:04,JSMR,RG,3760,1,D,YP,ZP,F
9:03:03,JSMR,RG,3760,1,D,XL,ZP,F
9:03:03,JSMR,RG,3760,4,D,NI,ZP,F
9:03:03,JSMR,RG,3760,1,D,PD,ZP,F
9:03:03,JSMR,RG,3760,1,D,LG,ZP,F
9:03:03,JSMR,RG,3760,1,D,BQ,ZP,F
9:03:03,JSMR,RG,3760,10,D,PD,ZP,F
9:03:03,JSMR,RG,3760,1,D,PD,ZP,F
9:03:03,JSMR,RG,3760,2,D,CC,ZP,F
9:03:02,JSMR,RG,3770,5,D,CC,GR,D
9:03:02,JSMR,RG,3770,30,D,CS,GR,D
9:03:02,JSMR,RG,3770,15,D,KK,GR,D
9:03:02,JSMR,RG,3770,6,D,YP,GR,D
9:03:02,JSMR,RG,3770,23,D,CS,GR,D
9:03:02,JSMR,RG,3770,4,D,CC,GR,D
9:03:02,JSMR,RG,3770,20,D,YB,GR,D
9:03:02,JSMR,RG,3770,10,D,II,GR,D
9:03:02,JSMR,RG,3770,15,D,YP,GR,D
9:03:02,JSMR,RG,3770,6,D,YP,GR,D
9:03:02,JSMR,RG,3770,3,D,YP,GR,D
9:03:02,JSMR,RG,3770,5,D,AT,GR,D
9:03:02,JSMR,RG,3770,3,D,YP,GR,D
9:03:02,JSMR,RG,3770,5,D,YB,GR,D
9:03:02,JSMR,RG,3770,100,D,YP,GR,D
9:03:02,JSMR,RG,3770,1,D,XL,GR,D
9:03:02,JSMR,RG,3770,15,D,EP,GR,D
9:03:02,JSMR,RG,3770,100,D,NI,GR,D
9:03:02,JSMR,RG,3770,1,D,XL,GR,D
9:03:02,JSMR,RG,3770,1,D,XL,GR,D
9:03:02,JSMR,RG,3770,10,D,DH,GR,D
9:03:02,JSMR,RG,3770,1,D,XL,GR,D
9:03:02,JSMR,RG,3770,3,D,CC,GR,D
9:03:02,JSMR,RG,3770,5,D,DR,GR,D
9:03:02,JSMR,RG,3770,70,F,DX,GR,D
9:03:02,JSMR,RG,3770,125,F,DX,CC,D
9:02:55,JSMR,RG,3770,3,F,DX,YP,D
9:02:53,JSMR,RG,3770,22,F,DX,ZP,F
9:02:53,JSMR,RG,3770,3,F,DX,YP,D
9:02:52,JSMR,RG,3770,153,F,DX,KZ,D
9:02:38,JSMR,RG,3770,2,F,DX,CC,D
9:02:33,JSMR,RG,3770,2,F,DX,YP,D
9:02:31,JSMR,RG,3770,120,F,DX,YP,D
9:02:31,JSMR,RG,3770,1,D,DR,YP,D
9:02:31,JSMR,RG,3770,8,D,KK,YP,D
9:02:26,JSMR,RG,3770,1,D,BQ,ZP,F
9:02:26,JSMR,RG,3770,1,D,PD,ZP,F
9:02:26,JSMR,RG,3770,18,D,KK,ZP,F
9:02:26,JSMR,RG,3770,2,D,KK,YP,D
9:02:26,JSMR,RG,3770,98,D,SQ,YP,D
9:02:24,JSMR,RG,3780,15,D,KK,DH,D
9:02:21,JSMR,RG,3770,21,D,SQ,ZP,F
9:02:21,JSMR,RG,3770,13,D,SQ,ZP,F
9:02:21,JSMR,RG,3770,7,D,KK,ZP,F
9:02:20,JSMR,RG,3770,22,D,KK,ZP,F
9:02:19,JSMR,RG,3780,1,D,DH,DH,D
9:02:17,JSMR,RG,3770,22,D,KK,ZP,F
9:02:17,JSMR,RG,3780,43,D,CS,DH,D
9:02:17,JSMR,RG,3780,6,D,NI,DH,D
9:02:17,JSMR,RG,3780,2,D,XC,DH,D
9:02:17,JSMR,RG,3780,1,D,YB,DH,D
9:02:17,JSMR,RG,3780,5,D,YP,DH,D
9:02:17,JSMR,RG,3780,13,D,YP,DH,D
9:02:17,JSMR,RG,3780,14,D,YP,DH,D
9:02:17,JSMR,RG,3780,105,D,YB,DH,D
9:02:17,JSMR,RG,3780,100,D,CC,DH,D
9:02:17,JSMR,RG,3780,10,D,KK,DH,D
9:02:17,JSMR,RG,3780,10,D,DH,DH,D
9:02:17,JSMR,RG,3780,5,D,XC,DH,D
9:02:17,JSMR,RG,3780,7,D,YP,DH,D
9:02:17,JSMR,RG,3780,4,D,CS,DH,D
9:02:17,JSMR,RG,3780,45,D,CS,DH,D
9:02:17,JSMR,RG,3780,50,D,YP,DH,D
9:02:17,JSMR,RG,3780,263,D,GR,DH,D
9:02:17,JSMR,RG,3780,34,D,CS,DH,D
9:02:17,JSMR,RG,3780,59,D,GR,DH,D
9:02:14,JSMR,RG,3790,1,D,XC,YP,D
9:02:05,JSMR,RG,3790,5,D,YP,YP,D
9:02:01,JSMR,RG,3780,4,D,GR,YB,D
9:01:56,JSMR,RG,3790,1,D,KK,YP,D
9:01:56,JSMR,RG,3790,4,D,KK,CC,D
9:01:56,JSMR,RG,3790,20,D,KK,CC,D
9:01:53,JSMR,RG,3790,1,D,GR,CC,D
9:01:49,JSMR,RG,3780,21,D,GR,ZP,F
9:01:49,JSMR,RG,3790,75,D,XC,CC,D
9:01:49,JSMR,RG,3790,8,D,XC,PD,D
9:01:49,JSMR,RG,3790,14,D,XC,BK,F
9:01:46,JSMR,RG,3790,10,D,KK,BK,F
9:01:46,JSMR,RG,3790,25,D,CC,BK,F
9:01:32,JSMR,RG,3790,7,D,XC,BK,F
9:01:32,JSMR,RG,3790,4,D,XC,KZ,D
9:01:32,JSMR,RG,3790,9,D,XC,YB,D
9:01:25,JSMR,RG,3780,30,D,GR,NI,D
9:01:25,JSMR,RG,3780,1,D,GR,YP,D
9:01:18,JSMR,RG,3780,22,D,GR,ZP,F
9:01:17,JSMR,RG,3780,12,D,GR,YP,D
9:01:17,JSMR,RG,3780,26,D,GR,YP,D
9:01:13,JSMR,RG,3790,1,D,YP,YB,D
9:01:06,JSMR,RG,3780,11,D,GR,AZ,D
9:00:58,JSMR,RG,3780,35,D,GR,YP,D
9:00:46,JSMR,RG,3780,21,D,GR,ZP,F
9:00:41,JSMR,RG,3780,21,D,GR,ZP,F
9:00:39,JSMR,RG,3800,2,D,YB,ZP,D
9:00:33,JSMR,RG,3800,18,D,CS,ZP,D
9:00:33,JSMR,RG,3800,40,D,CS,CC,D
9:00:33,JSMR,RG,3800,5,D,CS,AZ,D
9:00:33,JSMR,RG,3800,1,D,CS,YB,D
9:00:33,JSMR,RG,3800,20,D,CS,PD,D
9:00:33,JSMR,RG,3800,8,D,CS,HD,D
9:00:33,JSMR,RG,3800,10,D,CS,HD,D
9:00:32,JSMR,RG,3800,3,D,CS,HD,D
9:00:30,JSMR,RG,3770,110,D,KK,AT,D
9:00:28,JSMR,RG,3800,8,D,CS,HD,D
9:00:28,JSMR,RG,3770,6,D,KK,CC,D
9:00:28,JSMR,RG,3790,2,D,CC,CC,D
9:00:27,JSMR,RG,3790,1,D,CC,YP,D
9:00:26,JSMR,RG,3770,11,D,KK,NI,D
9:00:26,JSMR,RG,3780,4,D,NI,NI,D
9:00:26,JSMR,RG,3780,1,D,NI,YP,D
9:00:25,JSMR,RG,3770,20,D,KK,ZP,F
9:00:24,JSMR,RG,3770,2,D,KK,YP,D
9:00:24,JSMR,RG,3770,1,D,PD,YP,D
9:00:24,JSMR,RG,3770,2,D,PD,YP,D
9:00:23,JSMR,RG,3770,1,D,KK,YP,D
9:00:21,JSMR,RG,3770,1,D,KK,YP,D
9:00:18,JSMR,RG,3800,4,D,XC,HD,D
9:00:18,JSMR,RG,3770,1,D,KK,XC,D
9:00:17,JSMR,RG,3770,2,D,KK,XC,D
9:00:16,JSMR,RG,3770,27,D,KK,PD,D
9:00:16,JSMR,RG,3770,68,D,KK,XC,D
9:00:16,JSMR,RG,3770,1,D,KK,XC,D
9:00:16,JSMR,RG,3770,9,D,PD,XC,D
9:00:16,JSMR,RG,3780,20,D,PD,XC,D
9:00:12,JSMR,RG,3770,1,D,PD,DR,D
9:00:12,JSMR,RG,3770,1,D,PD,DR,D
9:00:12,JSMR,RG,3770,5,D,DH,DR,D
9:00:12,JSMR,RG,3770,4,D,GR,DR,D
9:00:12,JSMR,RG,3780,9,D,DR,DR,D
9:00:12,JSMR,RG,3780,1,D,DR,XC,D
9:00:11,JSMR,RG,3770,1,D,GR,PD,D
9:00:10,JSMR,RG,3770,10,D,GR,DR,D
9:00:10,JSMR,RG,3770,2,D,SQ,DR,D
9:00:09,JSMR,RG,3770,1,D,SQ,PD,D
9:00:09,JSMR,RG,3790,5,D,PD,DH,D
9:00:09,JSMR,RG,3780,5,D,PD,DH,D
9:00:09,JSMR,RG,3770,20,D,SQ,SQ,D
9:00:07,JSMR,RG,3770,8,D,SQ,AZ,D
9:00:07,JSMR,RG,3770,47,D,SQ,YJ,D
9:00:07,JSMR,RG,3760,21,D,SQ,ZP,F
9:00:07,JSMR,RG,3760,1,D,SQ,PD,D
9:00:06,JSMR,RG,3760,1,D,EP,PD,D
9:00:05,JSMR,RG,3750,5,D,PF,PD,D
9:00:05,JSMR,RG,3760,10,D,CS,PD,D
9:00:05,JSMR,RG,3760,3,D,YB,PD,D
9:00:05,JSMR,RG,3770,5,D,YB,YJ,D
9:00:05,JSMR,RG,3770,2,D,CS,YJ,D
9:00:05,JSMR,RG,3770,2,D,CS,YJ,D
9:00:05,JSMR,RG,3770,3,D,CS,YJ,D
9:00:05,JSMR,RG,3770,3,D,YB,YJ,D
9:00:05,JSMR,RG,3770,1,D,GR,YJ,D
9:00:05,JSMR,RG,3770,3,D,YB,YJ,D
9:00:04,JSMR,RG,3770,5,D,EP,YJ,D
9:00:04,JSMR,RG,3770,4,D,CS,YJ,D
9:00:04,JSMR,RG,3770,2,D,YB,YJ,D
9:00:04,JSMR,RG,3770,3,D,YB,YJ,D
9:00:04,JSMR,RG,3770,50,D,YB,YJ,D
9:00:03,JSMR,RG,3770,1,D,YB,YJ,D
9:00:03,JSMR,RG,3760,32,D,YB,AZ,D
9:00:03,JSMR,RG,3760,1,D,ZP,AZ,D
9:00:03,JSMR,RG,3760,1,D,YB,AZ,D
9:00:03,JSMR,RG,3760,5,D,YB,AZ,D
9:00:02,JSMR,RG,3760,4,D,EP,AZ,D
9:00:02,JSMR,RG,3760,10,D,YB,AZ,D
9:00:02,JSMR,RG,3770,13,D,YB,YJ,D
9:00:02,JSMR,RG,3770,3,D,KK,YJ,D
9:00:02,JSMR,RG,3770,4,D,EP,YJ,D
9:00:02,JSMR,RG,3770,15,D,DX,YJ,D
9:00:02,JSMR,RG,3770,4,D,AZ,YJ,D
9:00:02,JSMR,RG,3770,3,D,YB,YJ,D
9:00:01,JSMR,RG,3770,10,D,YB,YJ,D
9:00:01,JSMR,RG,3770,10,D,YB,YJ,D
9:00:01,JSMR,RG,3770,1,D,YB,YJ,D
9:00:01,JSMR,RG,3770,3,D,EP,YJ,D
9:00:01,JSMR,RG,3770,3,D,RO,YJ,D
9:00:01,JSMR,RG,3770,10,D,YB,YJ,D
9:00:01,JSMR,RG,3770,1,D,IP,YJ,D
9:00:01,JSMR,RG,3750,40,D,PF,IP,D