Time,Stock,Brd,Price,Qty,BT,BC,SC,ST
15:14:25,JSMR,RG,4000,1,D,XC,YP,D
15:13:05,JSMR,RG,4000,100,D,EP,YP,D
15:13:05,JSMR,RG,4000,200,D,EP,YP,D
15:13:05,JSMR,RG,4000,1,D,XC,YP,D
15:13:05,JSMR,RG,4000,1,D,XC,YP,D
15:13:05,JSMR,RG,4000,554,D,NI,YP,D
15:09:46,JSMR,RG,4000,1,D,NI,PD,D
15:09:38,JSMR,RG,4000,1,D,NI,CC,D
15:09:38,JSMR,RG,4000,1,D,NI,XC,D
15:09:38,JSMR,RG,4000,3,D,NI,NI,D
15:09:38,JSMR,RG,4000,25,D,NI,HP,D
15:09:38,JSMR,RG,4000,50,D,NI,CC,D
15:09:38,JSMR,RG,4000,1,D,NI,YP,D
15:09:38,JSMR,RG,4000,30,D,NI,CD,D
15:09:38,JSMR,RG,4000,1,D,NI,YB,D
15:09:38,JSMR,RG,4000,10,D,NI,YU,D
15:09:38,JSMR,RG,4000,5,D,NI,NI,D
15:09:38,JSMR,RG,4000,1,D,NI,PD,D
15:09:38,JSMR,RG,4000,10,D,NI,AZ,D
15:09:38,JSMR,RG,4000,260,D,NI,DH,D
15:09:38,JSMR,RG,4000,10,D,NI,YP,D
15:09:38,JSMR,RG,4000,1,D,NI,XC,D
15:09:38,JSMR,RG,4000,1,D,NI,PD,D
15:09:38,JSMR,RG,4000,35,D,NI,PD,D
15:09:25,JSMR,RG,4000,75,D,NI,PD,D
15:09:25,JSMR,RG,4000,5,D,NI,PD,D
15:09:25,JSMR,RG,4000,20,D,NI,YB,D
15:09:25,JSMR,RG,4000,5,D,NI,YP,D
15:09:25,JSMR,RG,4000,1,D,NI,XL,D
15:09:25,JSMR,RG,4000,5,D,NI,SQ,D
15:09:25,JSMR,RG,4000,6,D,NI,KK,D
15:09:25,JSMR,RG,4000,53,D,NI,DR,D
15:09:25,JSMR,RG,4000,250,D,NI,ZP,D
15:09:25,JSMR,RG,4000,15,D,NI,YP,D
15:09:25,JSMR,RG,4000,5,D,NI,SQ,D
15:09:25,JSMR,RG,4000,190,D,NI,DR,D
15:09:25,JSMR,RG,4000,5,D,NI,DX,D
15:09:25,JSMR,RG,4000,4,D,NI,HP,D
15:09:25,JSMR,RG,4000,2,D,NI,YU,D
15:07:53,JSMR,RG,4000,8,D,XC,YU,D
15:07:51,JSMR,RG,4000,20,D,CC,YU,D
15:06:08,JSMR,RG,4000,1,D,KK,YU,D
15:05:47,JSMR,RG,4000,5,D,YB,YU,D
15:05:30,JSMR,RG,4000,2,D,NI,YU,D
15:04:59,JSMR,RG,4000,3,D,XL,YU,D
15:04:24,JSMR,RG,4000,2,D,XC,YU,D
15:04:14,JSMR,RG,4000,11,D,PD,YU,D
15:02:26,JSMR,RG,4000,12,D,XC,YU,D
15:01:56,JSMR,RG,4000,10,D,YP,YU,D
15:01:43,JSMR,RG,4000,3,D,YP,YU,D
15:01:40,JSMR,RG,4000,3,D,XL,YU,D
15:01:13,JSMR,RG,4000,1,D,YP,YU,D
15:01:13,JSMR,RG,4000,1,D,YP,ZP,D
15:01:00,JSMR,RG,4000,1,D,XL,ZP,D
15:01:00,JSMR,RG,4000,8,D,AZ,ZP,D
15:01:00,JSMR,RG,4000,2,D,AZ,CC,D
15:00:00,JSMR,RG,4000,50,F,AK,CC,D
15:00:00,JSMR,RG,4000,249,F,AK,CC,D
15:00:00,JSMR,RG,4000,2,D,YP,CC,D
15:00:00,JSMR,RG,4000,1,D,PD,CC,D
15:00:00,JSMR,RG,4000,10,D,YP,CC,D
15:00:00,JSMR,RG,4000,3,D,XC,CC,D
15:00:00,JSMR,RG,4000,10,D,OD,CC,D
15:00:00,JSMR,RG,4000,10,D,PD,CC,D
15:00:00,JSMR,RG,4000,2,D,XC,CC,D
15:00:00,JSMR,RG,4000,1,D,PD,CC,D
15:00:00,JSMR,RG,4000,100,D,EP,CC,D
15:00:00,JSMR,RG,4000,10,D,KK,CC,D
15:00:00,JSMR,RG,4000,1,D,PD,CC,D
15:00:00,JSMR,RG,4000,2,D,YP,CC,D
15:00:00,JSMR,RG,4000,5,D,EP,CC,D
15:00:00,JSMR,RG,4000,7,D,YP,CC,D
15:00:00,JSMR,RG,4000,1,D,XC,CC,D
15:00:00,JSMR,RG,4000,10,D,PD,CC,D
15:00:00,JSMR,RG,4000,1,D,OD,CC,D
15:00:00,JSMR,RG,4000,1,D,YP,CC,D
15:00:00,JSMR,RG,4000,10,D,PD,CC,D
15:00:00,JSMR,RG,4000,25,D,PD,CC,D
15:00:00,JSMR,RG,4000,30,D,XC,CC,D
15:00:00,JSMR,RG,4000,5,D,YP,CC,D
15:00:00,JSMR,RG,4000,20,D,PD,CC,D
15:00:00,JSMR,RG,4000,20,D,XL,CC,D
15:00:00,JSMR,RG,4000,1,D,YP,CC,D
15:00:00,JSMR,RG,4000,310,F,BK,CC,D
15:00:00,JSMR,RG,4000,94,F,BK,CC,D
15:00:00,JSMR,RG,4000,7,F,AK,CC,D
15:00:00,JSMR,RG,4000,4,F,AK,CP,D
15:00:00,JSMR,RG,4000,3,F,AK,HP,D
15:00:00,JSMR,RG,4000,5,D,OD,KK,D
15:00:00,JSMR,RG,4000,19,D,OD,YU,D
15:00:00,JSMR,RG,4000,37,D,OD,RX,F
15:00:00,JSMR,RG,4000,322,D,OD,RX,F
15:00:00,JSMR,RG,4000,158,D,OD,RX,F
14:49:55,JSMR,RG,4020,10,D,NI,LG,D
14:49:54,JSMR,RG,4020,1,D,NI,GR,D
14:49:46,JSMR,RG,4020,5,D,NI,YP,D
14:49:46,JSMR,RG,4020,20,D,NI,AZ,D
14:49:46,JSMR,RG,4020,2,D,NI,YP,D
14:49:46,JSMR,RG,4020,5,D,NI,CC,D
14:49:46,JSMR,RG,4020,6,D,NI,YB,D
14:49:46,JSMR,RG,4020,3,D,NI,PD,D
14:49:46,JSMR,RG,4020,20,D,NI,PD,D
14:49:46,JSMR,RG,4020,54,D,NI,NI,D
14:49:46,JSMR,RG,4020,50,D,NI,DR,D
14:49:46,JSMR,RG,4020,50,D,NI,AZ,D
14:49:46,JSMR,RG,4020,10,D,NI,PD,D
14:49:46,JSMR,RG,4020,20,D,NI,CC,D
14:49:46,JSMR,RG,4020,1,D,NI,PD,D
14:49:46,JSMR,RG,4020,50,D,NI,YP,D
14:49:46,JSMR,RG,4020,1,D,NI,NI,D
14:49:46,JSMR,RG,4020,200,D,NI,CC,D
14:49:46,JSMR,RG,4020,194,D,NI,ZP,D
14:49:44,JSMR,RG,4010,6,D,NI,XC,D
14:49:35,JSMR,RG,4020,1,D,YU,ZP,D
14:49:35,JSMR,RG,4010,10,D,NI,PD,D
14:49:29,JSMR,RG,4010,2,D,NI,YP,D
14:49:28,JSMR,RG,4010,1,D,NI,XC,D
14:49:19,JSMR,RG,4010,50,D,NI,PD,D
14:49:17,JSMR,RG,4010,8,D,NI,ZP,F
14:49:17,JSMR,RG,4010,1,D,NI,ZP,F
14:49:14,JSMR,RG,4020,1,D,BB,ZP,D
14:49:13,JSMR,RG,4020,8,D,BB,ZP,D
14:49:11,JSMR,RG,4020,3,D,BB,ZP,D
14:49:08,JSMR,RG,4020,4,D,BB,ZP,D
14:49:07,JSMR,RG,4020,4,D,BB,ZP,D
14:49:00,JSMR,RG,4010,1,D,NI,NI,D
14:48:50,JSMR,RG,4010,9,D,NI,ZP,F
14:48:40,JSMR,RG,4010,23,D,NI,ZP,F
14:48:39,JSMR,RG,4010,32,D,NI,OD,D
14:48:34,JSMR,RG,4000,23,D,NI,DX,F
14:48:33,JSMR,RG,4010,4,D,IF,OD,D
14:48:33,JSMR,RG,4000,18,D,NI,DX,F
14:48:32,JSMR,RG,4010,10,D,AZ,OD,D
14:48:28,JSMR,RG,4010,10,D,YP,OD,D
14:48:21,JSMR,RG,4000,14,D,NI,DX,F
14:48:16,JSMR,RG,4010,1,D,BB,OD,D
14:48:16,JSMR,RG,4010,7,D,PD,OD,D
14:48:16,JSMR,RG,4010,2,D,BB,OD,D
14:48:16,JSMR,RG,4010,3,D,XC,OD,D
14:48:16,JSMR,RG,4010,100,D,SQ,OD,D
14:48:16,JSMR,RG,4010,2,D,AZ,OD,D
14:48:16,JSMR,RG,4010,1,D,CC,OD,D
14:48:16,JSMR,RG,4010,50,D,CP,OD,D
14:48:16,JSMR,RG,4010,563,D,NI,OD,D
14:48:15,JSMR,RG,4010,24,D,NI,ZP,F
14:48:14,JSMR,RG,4020,2,D,PD,ZP,D
14:48:14,JSMR,RG,4020,33,D,PD,ZP,D
14:48:13,JSMR,RG,4020,3,D,PD,OD,D
14:48:13,JSMR,RG,4020,52,D,PD,YP,D
14:48:12,JSMR,RG,4020,12,D,PD,ZP,F
14:48:12,JSMR,RG,4020,2,D,XC,ZP,F
14:48:12,JSMR,RG,4020,15,D,XL,ZP,F
14:48:11,JSMR,RG,4020,3,D,XL,YP,D
14:48:11,JSMR,RG,4020,12,D,XL,AK,F
14:48:11,JSMR,RG,4020,7,D,XC,AK,F
14:48:11,JSMR,RG,4020,1,D,BB,AK,F
14:48:11,JSMR,RG,4020,1,D,AT,AK,F
14:48:11,JSMR,RG,4020,1,D,BB,AK,F
14:48:11,JSMR,RG,4020,50,D,CP,AK,F
14:48:11,JSMR,RG,4020,1,D,YP,AK,F
14:48:11,JSMR,RG,4020,50,D,YP,AK,F
14:48:11,JSMR,RG,4020,216,D,NI,AK,F
14:48:10,JSMR,RG,4020,339,D,NI,AK,F
14:48:10,JSMR,RG,4020,50,D,NI,AZ,D
14:48:09,JSMR,RG,4020,19,D,NI,DX,F
14:48:08,JSMR,RG,4020,15,D,NI,DX,F
14:48:06,JSMR,RG,4020,22,D,NI,XC,D
14:48:05,JSMR,RG,4020,100,D,NI,SQ,D
14:48:04,JSMR,RG,4020,10,D,NI,YP,D
14:47:58,JSMR,RG,4020,2,D,NI,DH,D
14:47:52,JSMR,RG,4020,5,D,NI,LS,D
14:47:51,JSMR,RG,4020,22,D,NI,DX,F
14:47:47,JSMR,RG,4030,21,D,CS,YP,D
14:47:45,JSMR,RG,4030,42,D,CS,YP,D
14:47:38,JSMR,RG,4030,19,D,CS,YP,D
14:47:36,JSMR,RG,4030,124,D,CS,YP,D
14:47:35,JSMR,RG,4020,2,D,CS,GR,D
14:47:35,JSMR,RG,4030,47,D,CS,YP,D
14:47:34,JSMR,RG,4030,15,D,CS,YP,D
14:47:34,JSMR,RG,4030,19,D,CS,YP,D
14:47:34,JSMR,RG,4030,3,D,CS,XC,D
14:47:34,JSMR,RG,4030,1,D,CS,KK,D
14:47:29,JSMR,RG,4020,1,D,CS,XC,D
14:47:27,JSMR,RG,4020,1,D,CS,YP,D
14:47:25,JSMR,RG,4030,4,D,CS,KK,D
14:47:25,JSMR,RG,4030,1,D,CS,XA,D
14:47:25,JSMR,RG,4030,57,D,CS,XC,D
14:47:25,JSMR,RG,4030,10,D,CS,YP,D
14:47:25,JSMR,RG,4030,10,D,CS,PD,D
14:47:25,JSMR,RG,4030,5,D,CS,CP,D
14:47:25,JSMR,RG,4030,39,D,CS,PD,D
14:47:24,JSMR,RG,4030,1,D,XL,PD,D
14:47:24,JSMR,RG,4030,1,D,XL,PD,D
14:47:24,JSMR,RG,4030,7,D,CS,PD,D
14:47:24,JSMR,RG,4030,10,D,CS,NI,D
14:47:24,JSMR,RG,4030,4,D,CS,YP,D
14:47:24,JSMR,RG,4030,3,D,CS,XC,D
14:47:24,JSMR,RG,4030,5,D,CS,YP,D
14:47:24,JSMR,RG,4030,1,D,CS,YP,D
14:47:24,JSMR,RG,4030,3,D,CS,XC,D
14:47:24,JSMR,RG,4030,1,D,CS,PD,D
14:47:24,JSMR,RG,4030,8,D,CS,PD,D
14:47:24,JSMR,RG,4030,25,D,CS,SQ,D
14:47:22,JSMR,RG,4030,1,D,BB,SQ,D
14:47:14,JSMR,RG,4030,88,D,CS,SQ,D
14:47:13,JSMR,RG,4030,140,D,CS,SQ,D
14:47:13,JSMR,RG,4020,20,D,CS,SQ,D
14:47:06,JSMR,RG,4030,67,D,CS,SQ,D
14:47:04,JSMR,RG,4030,4,D,KK,SQ,D
14:47:02,JSMR,RG,4020,5,D,CS,LS,D
14:46:59,JSMR,RG,4030,1,D,PD,SQ,D
14:46:57,JSMR,RG,4020,50,D,CS,CC,D
14:46:56,JSMR,RG,4030,75,D,CS,SQ,D
14:46:46,JSMR,RG,4030,77,D,CS,SQ,D
14:46:45,JSMR,RG,4030,5,D,YP,SQ,D
14:46:44,JSMR,RG,4030,29,D,CS,SQ,D
14:46:43,JSMR,RG,4030,79,D,CS,SQ,D
14:46:41,JSMR,RG,4020,3,D,CS,YP,D
14:46:41,JSMR,RG,4020,10,D,YP,YP,D
14:46:41,JSMR,RG,4020,2,D,YP,YP,D
14:46:35,JSMR,RG,4030,88,D,CS,SQ,D
14:46:35,JSMR,RG,4030,1,D,YP,SQ,D
14:46:32,JSMR,RG,4030,2,D,DR,SQ,D
14:46:28,JSMR,RG,4030,10,D,XC,SQ,D
14:46:23,JSMR,RG,4030,135,D,CS,SQ,D
14:46:23,JSMR,RG,4030,84,D,CS,SQ,D
14:46:23,JSMR,RG,4030,17,D,CS,SQ,D
14:46:16,JSMR,RG,4020,2,D,YP,YP,D
14:46:11,JSMR,RG,4030,114,D,CS,SQ,D
14:46:10,JSMR,RG,4020,199,D,YP,YP,D
14:46:04,JSMR,RG,4020,25,D,YP,PD,D
14:45:58,JSMR,RG,4020,120,D,YP,AK,F
14:45:58,JSMR,RG,4020,7,D,YP,ZP,F
14:45:58,JSMR,RG,4020,25,D,YP,YP,D
14:45:58,JSMR,RG,4020,20,D,YP,CC,D
14:45:55,JSMR,RG,4020,71,D,CS,CC,D
14:45:55,JSMR,RG,4020,103,D,CS,CC,D
14:45:54,JSMR,RG,4020,6,D,DR,CC,D
14:45:54,JSMR,RG,4020,1,D,DR,CC,D
14:45:54,JSMR,RG,4020,36,D,DR,ZP,F
14:45:54,JSMR,RG,4020,57,D,DR,YP,D
14:45:49,JSMR,RG,4020,22,D,PD,YP,D
14:45:44,JSMR,RG,4020,71,D,CS,YP,D
14:45:42,JSMR,RG,4020,1,D,PD,YP,D
14:45:40,JSMR,RG,4020,1,D,BB,YP,D
14:45:38,JSMR,RG,4010,1,D,NI,KK,D
14:45:36,JSMR,RG,4020,110,D,CS,YP,D
14:45:34,JSMR,RG,4020,134,D,CS,YP,D
14:45:26,JSMR,RG,4020,5,D,NI,YP,D
14:45:23,JSMR,RG,4020,200,D,DR,YP,D
14:45:19,JSMR,RG,4020,1,D,YB,YP,D
14:45:15,JSMR,RG,4020,78,D,CS,YP,D
14:45:15,JSMR,RG,4020,122,D,CS,YP,D
14:45:13,JSMR,RG,4020,10,D,YP,YP,D
14:45:10,JSMR,RG,4020,40,D,DR,YP,D
14:45:08,JSMR,RG,4020,43,D,NI,YP,D
14:45:04,JSMR,RG,4030,84,D,CS,SQ,D
14:45:04,JSMR,RG,4020,2,D,NI,DR,D
14:45:04,JSMR,RG,4020,2,D,NI,XC,D
14:45:04,JSMR,RG,4020,4,D,NI,XC,D
14:45:04,JSMR,RG,4020,30,D,NI,AZ,D
14:45:04,JSMR,RG,4020,40,D,NI,KK,D
14:45:04,JSMR,RG,4020,10,D,NI,YU,D
14:45:04,JSMR,RG,4020,69,D,NI,PD,D
14:44:55,JSMR,RG,4010,10,D,NI,YP,D
14:44:49,JSMR,RG,4020,21,D,CS,PD,D
14:44:49,JSMR,RG,4020,5,D,CS,HP,D
14:44:49,JSMR,RG,4020,91,D,CS,AK,F
14:44:49,JSMR,RG,4020,56,D,CS,AK,F
14:44:49,JSMR,RG,4020,87,D,CS,AK,F
14:44:49,JSMR,RG,4020,114,D,NI,AK,F
14:44:49,JSMR,RG,4020,50,D,NI,EP,D
14:44:49,JSMR,RG,4020,50,D,NI,SQ,D
14:44:49,JSMR,RG,4020,10,D,NI,CC,D
14:44:49,JSMR,RG,4020,10,D,NI,PD,D
14:44:49,JSMR,RG,4020,41,D,NI,ZP,F
14:44:49,JSMR,RG,4020,26,D,NI,SQ,D
14:44:49,JSMR,RG,4020,10,D,NI,AZ,D
14:44:49,JSMR,RG,4020,218,D,NI,GR,D
14:44:49,JSMR,RG,4020,10,D,NI,PD,D
14:44:49,JSMR,RG,4020,27,D,NI,DR,D
14:44:49,JSMR,RG,4020,13,D,NI,CC,D
14:44:49,JSMR,RG,4020,15,D,NI,YP,D
14:44:49,JSMR,RG,4020,15,D,NI,CC,D
14:44:49,JSMR,RG,4020,8,D,NI,CC,D
14:44:49,JSMR,RG,4020,2,D,NI,PD,D
14:44:49,JSMR,RG,4020,10,D,NI,CC,D
14:44:49,JSMR,RG,4020,2,D,NI,YP,D
14:44:49,JSMR,RG,4020,1,D,NI,YP,D
14:44:49,JSMR,RG,4020,26,D,NI,PD,D
14:44:49,JSMR,RG,4020,60,D,NI,YP,D
14:44:49,JSMR,RG,4020,3,D,NI,XC,D
14:44:49,JSMR,RG,4020,10,D,NI,YP,D
14:44:49,JSMR,RG,4020,10,D,NI,PD,D
14:44:49,JSMR,RG,4020,130,D,NI,KK,D
14:44:49,JSMR,RG,4020,10,D,NI,YP,D
14:44:49,JSMR,RG,4020,2,D,NI,ZP,F
14:44:49,JSMR,RG,4020,3,D,NI,XC,D
14:44:49,JSMR,RG,4020,50,D,NI,KK,D
14:44:49,JSMR,RG,4020,1,D,NI,CC,D
14:44:49,JSMR,RG,4020,5,D,NI,XC,D
14:44:49,JSMR,RG,4020,8,D,NI,YP,D
14:44:49,JSMR,RG,4020,1,D,NI,TF,D
14:44:49,JSMR,RG,4020,2,D,NI,PD,D
14:44:49,JSMR,RG,4020,1,D,NI,KK,D
14:44:49,JSMR,RG,4020,1,D,NI,NI,D
14:44:49,JSMR,RG,4020,20,D,NI,AI,D
14:44:49,JSMR,RG,4020,25,D,NI,PD,D
14:44:39,JSMR,RG,4010,1,D,NI,AK,F
14:44:38,JSMR,RG,4020,19,D,DR,PD,D
14:44:35,JSMR,RG,4010,13,D,NI,AK,F
14:44:34,JSMR,RG,4020,6,D,CS,PD,D
14:44:34,JSMR,RG,4020,90,D,CS,CC,D
14:44:34,JSMR,RG,4020,2,D,CS,YP,D
14:44:34,JSMR,RG,4020,40,D,CS,SQ,D
14:44:29,JSMR,RG,4010,50,D,NI,CC,D
14:44:11,JSMR,RG,4010,27,D,NI,AK,F
14:44:09,JSMR,RG,4020,31,D,CS,SQ,D
14:44:09,JSMR,RG,4020,10,D,CS,GR,D
14:44:09,JSMR,RG,4020,20,D,CS,PD,D
14:44:09,JSMR,RG,4020,36,D,CS,YP,D
14:44:09,JSMR,RG,4020,10,D,CS,YP,D
14:44:09,JSMR,RG,4020,10,D,CS,YP,D
14:44:09,JSMR,RG,4020,6,D,CS,XC,D
14:44:09,JSMR,RG,4020,8,D,CS,PD,D
14:44:09,JSMR,RG,4020,11,D,CS,NI,D
14:44:09,JSMR,RG,4020,18,D,CS,NI,D
14:44:09,JSMR,RG,4020,1,D,CS,XC,D
14:44:09,JSMR,RG,4020,10,D,CS,PD,D
14:44:09,JSMR,RG,4020,10,D,CS,XC,D
14:44:09,JSMR,RG,4020,5,D,CS,SQ,D
14:44:09,JSMR,RG,4020,3,D,CS,CC,D
14:44:09,JSMR,RG,4020,1,D,CS,YB,D
14:44:09,JSMR,RG,4020,10,D,CS,LG,D
14:44:09,JSMR,RG,4020,10,D,CS,XC,D
14:44:09,JSMR,RG,4020,1,D,CS,XC,D
14:44:09,JSMR,RG,4020,10,D,CS,MG,D
14:44:09,JSMR,RG,4020,3,D,CS,ZP,D
14:44:09,JSMR,RG,4020,15,D,CS,PD,D
14:44:09,JSMR,RG,4020,15,D,CS,NI,D
14:44:09,JSMR,RG,4020,2,D,CS,PD,D
14:44:09,JSMR,RG,4020,5,D,CS,PD,D
14:44:09,JSMR,RG,4020,8,D,CS,XC,D
14:44:09,JSMR,RG,4020,1,D,CS,PD,D
14:44:09,JSMR,RG,4020,1,D,CS,XC,D
14:44:09,JSMR,RG,4020,2,D,CS,TF,D
14:44:09,JSMR,RG,4020,2,D,CS,DR,D
14:44:09,JSMR,RG,4020,20,D,CS,XC,D
14:44:09,JSMR,RG,4020,2,D,CS,DR,D
14:44:09,JSMR,RG,4020,70,D,CS,KK,D
14:44:09,JSMR,RG,4020,24,D,CS,IT,D
14:44:08,JSMR,RG,4020,1,D,PD,IT,D
14:43:44,JSMR,RG,4020,194,D,CS,IT,D
14:43:43,JSMR,RG,4010,20,D,NI,YP,D
14:43:35,JSMR,RG,4010,1,D,NI,PD,D
14:43:35,JSMR,RG,4020,2,D,CP,IT,D
14:43:32,JSMR,RG,4010,25,D,NI,YP,D
14:43:21,JSMR,RG,4010,8,D,NI,SQ,D
14:43:17,JSMR,RG,4010,1,D,NI,KK,D
14:43:17,JSMR,RG,4010,1,D,NI,XC,D
14:43:17,JSMR,RG,4010,200,D,NI,DR,D
14:43:17,JSMR,RG,4010,55,D,NI,BK,F
14:43:11,JSMR,RG,4010,78,D,CS,BK,F
14:43:11,JSMR,RG,4010,10,D,CS,CC,D
14:43:11,JSMR,RG,4010,85,D,CS,BK,F
14:43:09,JSMR,RG,4010,1,D,YP,BK,F
14:43:09,JSMR,RG,4010,153,D,CS,BK,F
14:43:07,JSMR,RG,4010,10,D,CS,BK,F
14:43:07,JSMR,RG,4000,10,D,CS,PD,D
14:42:53,JSMR,RG,3990,12,D,YP,BK,F
14:42:53,JSMR,RG,4000,2,D,AZ,BK,F
14:42:47,JSMR,RG,3990,31,D,YP,BK,F
14:42:47,JSMR,RG,3990,1,D,BB,BK,F
14:42:47,JSMR,RG,3990,2,D,YP,BK,F
14:42:47,JSMR,RG,3990,1,D,HP,BK,F
14:42:47,JSMR,RG,3990,9,D,PD,BK,F
14:42:45,JSMR,RG,4010,15,D,CS,AK,F
14:42:45,JSMR,RG,4010,15,D,CS,ZP,F
14:42:44,JSMR,RG,4010,25,D,CS,CC,D
14:42:44,JSMR,RG,4010,102,D,CS,PD,D
14:42:43,JSMR,RG,4010,10,D,DR,PD,D
14:42:43,JSMR,RG,4010,3,D,XC,PD,D
14:42:43,JSMR,RG,4010,1,D,BB,PD,D
14:42:43,JSMR,RG,4010,15,D,BB,PD,D
14:42:43,JSMR,RG,4010,2,D,YB,PD,D
14:42:43,JSMR,RG,4010,10,D,XL,PD,D
14:42:42,JSMR,RG,4010,240,D,CS,AK,F
14:42:42,JSMR,RG,4010,5,D,CS,AK,F
14:42:42,JSMR,RG,4010,28,D,NI,AK,F
14:42:42,JSMR,RG,4010,5,D,NI,XC,D
14:42:41,JSMR,RG,4010,2,D,NI,XL,D
14:42:39,JSMR,RG,4010,30,D,NI,CC,D
14:42:36,JSMR,RG,4010,1,D,NI,CC,D
14:42:36,JSMR,RG,4010,15,D,NI,SQ,D
14:42:24,JSMR,RG,4010,80,D,NI,CC,D
14:42:19,JSMR,RG,4010,3,D,NI,XC,D
14:42:14,JSMR,RG,4020,29,D,CS,IT,D
14:42:14,JSMR,RG,4020,24,D,CS,GR,D
14:42:14,JSMR,RG,4020,10,D,CS,PD,D
14:42:14,JSMR,RG,4020,20,D,CS,SQ,D
14:42:14,JSMR,RG,4020,50,D,CS,SQ,D
14:42:14,JSMR,RG,4020,1,D,CS,XC,D
14:42:14,JSMR,RG,4020,4,D,CS,PD,D
14:42:14,JSMR,RG,4020,2,D,CS,KK,D
14:42:14,JSMR,RG,4020,10,D,CS,PD,D
14:42:14,JSMR,RG,4020,25,D,CS,YP,D
14:42:14,JSMR,RG,4020,7,D,CS,YP,D
14:42:14,JSMR,RG,4020,50,D,CS,OD,D
14:42:14,JSMR,RG,4020,1,D,CS,XC,D
14:42:14,JSMR,RG,4020,19,D,CS,EP,D
14:42:05,JSMR,RG,4010,4,D,NI,XC,D
14:41:58,JSMR,RG,4020,1,D,PD,EP,D
14:41:54,JSMR,RG,4010,1,D,NI,EP,D
14:41:52,JSMR,RG,4010,5,D,NI,XC,D
14:41:50,JSMR,RG,4010,200,D,NI,SQ,D
14:41:42,JSMR,RG,4010,50,D,NI,CC,D
14:41:34,JSMR,RG,4010,30,D,NI,YP,D
14:41:34,JSMR,RG,4010,157,D,NI,CC,F
14:41:34,JSMR,RG,4010,11,D,NI,BK,F
14:41:34,JSMR,RG,4010,113,D,NI,BK,F
14:41:34,JSMR,RG,4010,63,D,NI,YP,D
14:41:34,JSMR,RG,4010,5,D,NI,CC,D
14:41:34,JSMR,RG,4010,21,D,NI,ZP,F
14:41:34,JSMR,RG,4010,10,D,NI,XA,D
14:41:34,JSMR,RG,4010,15,D,NI,SQ,D
14:41:34,JSMR,RG,4010,100,D,NI,PD,D
14:41:34,JSMR,RG,4010,2,D,NI,XL,D
14:41:34,JSMR,RG,4010,49,D,NI,EP,D
14:41:33,JSMR,RG,4010,1,D,PD,EP,D
14:41:30,JSMR,RG,4010,1,F,AK,NI,D
14:41:30,JSMR,RG,4010,20,F,AK,OD,D
14:41:30,JSMR,RG,4010,21,F,AK,CC,D
14:41:30,JSMR,RG,4010,22,F,AK,CC,D
14:41:30,JSMR,RG,4010,2,F,AK,YP,D
14:41:30,JSMR,RG,4010,1,F,AK,OD,D
14:41:30,JSMR,RG,4010,10,F,AK,YP,D
14:41:30,JSMR,RG,4010,5,F,AK,XC,D
14:41:30,JSMR,RG,4010,9,F,AK,DR,D
14:41:30,JSMR,RG,4010,2,F,AK,XC,D
14:41:30,JSMR,RG,4010,1,F,AK,PD,D
14:41:30,JSMR,RG,4010,5,F,AK,XC,D
14:41:29,JSMR,RG,4010,5,D,CS,XC,D
14:41:29,JSMR,RG,4010,20,D,CS,SQ,D
14:41:29,JSMR,RG,4010,10,D,CS,XC,D
14:41:29,JSMR,RG,4010,3,D,CS,LG,D
14:41:29,JSMR,RG,4010,6,D,CS,ZP,F
14:41:29,JSMR,RG,4010,15,D,CS,XL,D
14:41:29,JSMR,RG,4010,4,D,CS,XC,D
14:41:29,JSMR,RG,4010,25,D,CS,XL,D
14:41:29,JSMR,RG,4010,10,D,CS,XC,D
14:41:29,JSMR,RG,4010,50,D,CS,DX,D
14:41:29,JSMR,RG,4010,2,D,CS,XC,D
14:41:29,JSMR,RG,4010,1,D,CS,KK,D
14:41:29,JSMR,RG,4010,6,D,CS,XC,D
14:41:29,JSMR,RG,4010,11,D,CS,XC,D
14:41:29,JSMR,RG,4010,5,D,CS,PD,D
14:41:29,JSMR,RG,4010,1,D,CS,PD,D
14:41:29,JSMR,RG,4010,1,D,CS,XC,D
14:41:29,JSMR,RG,4010,1,D,CS,PD,D
14:41:29,JSMR,RG,4010,9,D,CS,DH,D
14:41:29,JSMR,RG,4010,1,D,CS,DH,D
14:41:29,JSMR,RG,4010,30,D,CS,XC,D
14:41:29,JSMR,RG,4010,3,D,CS,KK,D
14:41:29,JSMR,RG,4010,212,D,CS,YP,D
14:41:02,JSMR,RG,4000,1,D,CS,PD,D
14:41:02,JSMR,RG,4000,93,D,CS,BK,F
14:41:01,JSMR,RG,4000,33,D,CS,BK,F
14:41:01,JSMR,RG,4000,162,D,CS,CC,F
14:40:53,JSMR,RG,3990,1,D,PD,KK,D
14:40:53,JSMR,RG,3990,4,D,BB,KK,D
14:40:50,JSMR,RG,3990,8,D,BB,CC,D
14:40:40,JSMR,RG,3990,23,D,BB,BK,F
14:40:39,JSMR,RG,4010,10,D,CS,YP,D
14:40:39,JSMR,RG,4000,10,D,CS,XA,D
14:40:33,JSMR,RG,3990,13,D,BB,BK,F
14:40:30,JSMR,RG,3990,40,D,BB,BK,F
14:40:28,JSMR,RG,4010,1,D,CS,YP,D
14:40:28,JSMR,RG,4000,1,D,CS,ZP,D
14:40:25,JSMR,RG,4010,193,D,CS,YP,D
14:40:25,JSMR,RG,4000,7,D,CS,ZP,F
14:40:25,JSMR,RG,4000,200,D,CS,KK,D
14:40:20,JSMR,RG,4000,1,D,XC,CC,F
14:40:20,JSMR,RG,4000,5,D,BB,CC,F
14:40:20,JSMR,RG,4000,4,D,PD,CC,F
14:40:20,JSMR,RG,4000,2,D,BB,CC,F
14:40:20,JSMR,RG,4000,8,D,PD,CC,F
14:40:15,JSMR,RG,4000,7,D,PD,ZP,F
14:40:15,JSMR,RG,4000,48,D,CS,ZP,F
14:40:14,JSMR,RG,4000,113,D,CS,AK,F
14:40:14,JSMR,RG,4000,177,D,DR,AK,F
14:40:13,JSMR,RG,4000,16,D,DR,CC,F
14:40:10,JSMR,RG,4000,1,D,DR,CC,D
14:39:58,JSMR,RG,4010,50,D,SQ,YP,D
14:39:33,JSMR,RG,4010,8,D,BB,YP,D
14:39:20,JSMR,RG,4010,271,D,CS,YP,D
14:39:06,JSMR,RG,4000,3,D,DR,XC,D
14:39:02,JSMR,RG,4000,10,D,DR,XC,D
14:39:00,JSMR,RG,4000,6,D,DR,CC,D
14:38:54,JSMR,RG,4000,13,D,DR,XC,D
14:38:37,JSMR,RG,4000,3,D,DR,XC,D
14:38:32,JSMR,RG,4010,1,D,PD,YP,D
14:38:15,JSMR,RG,4010,1,D,BB,YP,D
14:38:14,JSMR,RG,4000,5,D,DR,YP,D
14:38:13,JSMR,RG,4000,4,D,DR,BK,F
14:38:13,JSMR,RG,4000,200,D,DR,GR,D
14:38:13,JSMR,RG,4000,1,D,DR,XC,D
14:38:13,JSMR,RG,4000,2,D,DR,DH,D
14:38:13,JSMR,RG,4000,1,D,DR,XC,D
14:38:13,JSMR,RG,4000,2,D,DR,YP,D
14:38:13,JSMR,RG,4000,48,D,DR,LG,D
14:38:13,JSMR,RG,4000,8,D,DR,DX,D
14:37:55,JSMR,RG,4000,60,D,SQ,DX,D
14:37:55,JSMR,RG,4000,14,D,SQ,XC,D
14:37:55,JSMR,RG,4000,2,D,SQ,YP,D
14:37:55,JSMR,RG,4000,50,D,SQ,EP,D
14:37:55,JSMR,RG,4000,10,D,SQ,ZP,F
14:37:55,JSMR,RG,4000,14,D,SQ,BK,F
14:37:54,JSMR,RG,3990,1,D,NI,XC,D
14:37:45,JSMR,RG,4000,10,D,AZ,BK,F
14:37:25,JSMR,RG,3990,19,D,NI,BK,F
14:37:24,JSMR,RG,4000,1,D,XC,BK,F
14:37:20,JSMR,RG,3990,29,D,NI,BK,F
14:37:19,JSMR,RG,4000,21,D,CS,BK,F
14:37:18,JSMR,RG,3990,102,D,NI,BK,F
14:37:18,JSMR,RG,4000,21,D,CS,BK,F
14:37:18,JSMR,RG,4000,81,D,CS,YP,D
14:37:18,JSMR,RG,4000,36,D,CS,YP,D
14:37:18,JSMR,RG,4000,6,D,XC,YP,D
14:37:18,JSMR,RG,4000,244,D,CS,YP,D
14:37:18,JSMR,RG,4000,12,D,CS,YP,D
14:37:18,JSMR,RG,4000,12,D,CS,YP,D
14:37:18,JSMR,RG,4000,294,D,CS,YP,D
14:37:18,JSMR,RG,4000,10,D,YP,YP,D
14:37:18,JSMR,RG,4000,10,D,YP,YP,D
14:37:18,JSMR,RG,4000,1,D,XC,YP,D
14:37:18,JSMR,RG,4000,104,D,CS,YP,D
14:37:18,JSMR,RG,4000,100,D,PD,YP,D
14:37:18,JSMR,RG,4000,80,D,YP,YP,D
14:37:18,JSMR,RG,4000,1,D,BB,YP,D
14:37:18,JSMR,RG,4000,9,D,CS,YP,D
14:37:09,JSMR,RG,4010,236,D,CS,YP,D
14:37:04,JSMR,RG,4000,1,D,CS,XC,D
14:37:04,JSMR,RG,4000,9,D,CS,XC,D
14:36:57,JSMR,RG,4000,1,D,CS,XC,D
14:36:57,JSMR,RG,4000,9,D,AZ,XC,D
14:36:18,JSMR,RG,4000,1,D,AZ,NI,D
14:36:17,JSMR,RG,4010,17,D,CS,YP,D
14:36:17,JSMR,RG,4010,10,D,CS,PD,D
14:36:17,JSMR,RG,4010,8,D,CS,SQ,D
14:36:17,JSMR,RG,4010,2,D,CS,YP,D
14:36:17,JSMR,RG,4010,48,D,CS,AK,F
14:36:17,JSMR,RG,4000,29,D,CS,ZP,F
14:36:17,JSMR,RG,4000,30,D,CS,KK,D
14:36:17,JSMR,RG,4000,16,D,CS,GR,D
14:36:17,JSMR,RG,4000,15,D,CS,YP,D
14:36:17,JSMR,RG,4000,4,D,CS,YP,D
14:36:17,JSMR,RG,4000,4,D,CS,PD,D
14:36:17,JSMR,RG,4000,24,D,CS,PG,D
14:36:17,JSMR,RG,4000,76,D,CS,PG,D
14:36:17,JSMR,RG,4000,3,D,CS,YP,D
14:36:17,JSMR,RG,4000,8,D,CS,PD,D
14:36:17,JSMR,RG,4000,2,D,CS,LG,D
14:36:17,JSMR,RG,4000,1,D,CS,PD,D
14:36:17,JSMR,RG,4000,1,D,CS,XC,D
14:36:16,JSMR,RG,4000,15,D,NI,AO,D
14:36:16,JSMR,RG,4000,50,D,NI,DR,D
14:36:16,JSMR,RG,4000,4,D,NI,DH,D
14:36:16,JSMR,RG,4000,20,D,NI,XC,D
14:36:16,JSMR,RG,4000,5,D,NI,SQ,D
14:36:16,JSMR,RG,4000,20,D,NI,XC,D
14:36:16,JSMR,RG,4000,1,D,NI,ZP,D
14:36:16,JSMR,RG,4000,15,D,NI,XC,D
14:36:16,JSMR,RG,4000,1,D,NI,YP,D
14:36:16,JSMR,RG,4000,5,D,NI,XC,D
14:36:16,JSMR,RG,4000,15,D,NI,YP,D
14:36:16,JSMR,RG,4000,1,D,NI,KK,D
14:36:16,JSMR,RG,4000,3,D,NI,YP,D
14:36:16,JSMR,RG,4000,11,D,NI,GR,D
14:36:16,JSMR,RG,4000,199,D,NI,BK,F
14:36:16,JSMR,RG,4000,8,D,NI,PD,D
14:36:16,JSMR,RG,4000,3,D,NI,YP,D
14:36:16,JSMR,RG,4000,1,D,NI,PD,D
14:36:16,JSMR,RG,4000,1,D,NI,PD,D
14:36:16,JSMR,RG,4000,10,D,NI,YP,D
14:36:16,JSMR,RG,4000,125,D,NI,CC,D
14:36:16,JSMR,RG,4000,8,D,NI,XC,D
14:36:16,JSMR,RG,4000,1,D,NI,KK,D
14:36:16,JSMR,RG,4000,2,D,NI,OD,D
14:36:16,JSMR,RG,4000,2,D,NI,XC,D
14:36:16,JSMR,RG,4000,1,D,NI,XC,D
14:36:16,JSMR,RG,4000,6,D,NI,CC,D
14:36:16,JSMR,RG,4000,5,D,NI,SQ,D
14:36:16,JSMR,RG,4000,23,D,NI,PD,D
14:36:16,JSMR,RG,4000,1,D,NI,YP,D
14:36:16,JSMR,RG,4000,11,D,NI,CC,D
14:36:16,JSMR,RG,4000,30,D,NI,CC,D
14:36:16,JSMR,RG,4000,5,D,NI,IP,D
14:36:16,JSMR,RG,4000,20,D,NI,PD,D
14:36:16,JSMR,RG,4000,27,D,NI,EP,D
14:36:16,JSMR,RG,4000,5,D,NI,PD,D
14:36:16,JSMR,RG,4000,10,D,NI,PD,D
14:36:16,JSMR,RG,4000,2,D,NI,YU,D
14:36:16,JSMR,RG,4000,12,D,NI,YP,D
14:36:16,JSMR,RG,4000,12,D,NI,YP,D
14:36:16,JSMR,RG,4000,2,D,NI,SQ,D
14:36:16,JSMR,RG,4000,3,D,NI,CC,D
14:36:16,JSMR,RG,4000,2,D,NI,XC,D
14:36:16,JSMR,RG,4000,3,D,NI,XC,D
14:36:16,JSMR,RG,4000,5,D,NI,PD,D
14:36:16,JSMR,RG,4000,20,D,NI,CC,D
14:36:16,JSMR,RG,4000,50,D,NI,XC,D
14:36:16,JSMR,RG,4000,5,D,NI,DH,D
14:36:16,JSMR,RG,4000,30,D,NI,CD,D
14:36:16,JSMR,RG,4000,20,D,NI,YP,D
14:36:16,JSMR,RG,4000,30,D,NI,ZR,D
14:36:16,JSMR,RG,4000,1,D,NI,NI,D
14:36:16,JSMR,RG,4000,10,D,NI,DX,D
14:36:16,JSMR,RG,4000,30,D,NI,YP,D
14:36:16,JSMR,RG,4000,1,D,NI,CC,D
14:36:16,JSMR,RG,4000,1,D,NI,XL,D
14:36:16,JSMR,RG,4000,91,D,NI,CC,D
14:36:07,JSMR,RG,3990,6,D,NI,PD,D
14:35:59,JSMR,RG,3990,2,D,NI,YP,D
14:35:57,JSMR,RG,4000,109,D,CS,CC,D
14:35:57,JSMR,RG,4000,2,D,CS,PD,D
14:35:57,JSMR,RG,4000,10,D,CS,CC,D
14:35:57,JSMR,RG,4000,20,D,CS,IF,D
14:35:57,JSMR,RG,4000,10,D,CS,NI,D
14:35:57,JSMR,RG,4000,3,D,CS,TP,D
14:35:57,JSMR,RG,4000,10,D,CS,DR,D
14:35:56,JSMR,RG,4000,21,D,CS,DR,D
14:35:18,JSMR,RG,3990,11,F,AK,ZP,F
14:35:18,JSMR,RG,3990,50,F,AK,SQ,D
14:35:18,JSMR,RG,3990,3,F,AK,YP,D
14:35:16,JSMR,RG,3990,17,D,CS,YP,D
14:35:16,JSMR,RG,3990,25,D,CS,LG,D
14:35:16,JSMR,RG,3990,108,D,CS,BK,F
14:35:16,JSMR,RG,3990,137,D,CS,BK,F
14:35:16,JSMR,RG,3990,20,D,CS,KK,D
14:34:59,JSMR,RG,3980,13,D,CP,BK,F
14:34:59,JSMR,RG,3980,15,D,CP,NI,D
14:34:33,JSMR,RG,3980,16,D,CP,BK,F
14:34:30,JSMR,RG,3980,4,D,CP,BK,F
14:34:30,JSMR,RG,3980,6,D,YB,BK,F
14:34:30,JSMR,RG,3980,5,D,XC,BK,F
14:34:30,JSMR,RG,3980,12,D,XL,BK,F
14:34:30,JSMR,RG,3980,31,D,YP,BK,F
14:34:29,JSMR,RG,3990,12,D,CS,ZP,F
14:34:28,JSMR,RG,3990,1,D,XC,ZP,F
14:34:28,JSMR,RG,3990,19,D,CS,OD,D
14:34:28,JSMR,RG,3990,50,D,CS,BK,F
14:34:28,JSMR,RG,3990,2,D,BB,AK,F
14:34:28,JSMR,RG,3990,10,D,NI,AK,F
14:34:28,JSMR,RG,3990,5,D,EP,AK,F
14:34:28,JSMR,RG,3990,1,D,XC,AK,F
14:34:28,JSMR,RG,3990,1,D,LG,AK,F
14:34:28,JSMR,RG,3990,10,D,YP,AK,F
14:34:28,JSMR,RG,3990,1,D,OD,AK,F
14:34:28,JSMR,RG,3990,9,D,XC,AK,F
14:34:28,JSMR,RG,3990,10,D,KK,AK,F
14:34:28,JSMR,RG,3990,117,D,BB,AK,F
14:34:27,JSMR,RG,3990,34,D,BB,SQ,D
14:34:27,JSMR,RG,3990,16,D,BB,SQ,D
14:34:24,JSMR,RG,3990,7,D,BB,AK,F
14:34:24,JSMR,RG,3990,2,D,BB,AK,F
14:34:24,JSMR,RG,3990,154,D,CS,AK,F
14:34:24,JSMR,RG,3990,70,D,CS,AK,F
14:34:24,JSMR,RG,3990,57,D,DR,AK,F
14:34:22,JSMR,RG,3990,10,D,DR,SQ,D
14:34:06,JSMR,RG,3990,12,D,DR,BK,F
14:34:02,JSMR,RG,3990,18,D,DR,OD,D
14:33:41,JSMR,RG,3990,30,D,DR,AI,D
14:33:17,JSMR,RG,3990,36,D,DR,ZP,F
14:33:17,JSMR,RG,3990,24,D,DR,BK,F
14:33:16,JSMR,RG,3990,20,D,DR,XC,D
14:33:12,JSMR,RG,3990,15,D,DR,BK,F
14:33:08,JSMR,RG,3990,75,D,DR,BK,F
14:33:05,JSMR,RG,4000,439,D,CS,DR,D
14:33:04,JSMR,RG,3990,14,D,DR,BK,F
14:33:02,JSMR,RG,3990,21,D,DR,OD,D
14:32:58,JSMR,RG,4000,5,D,CP,DR,D
14:32:49,JSMR,RG,3990,5,D,DR,CC,D
14:32:49,JSMR,RG,3990,3,D,DR,YP,D
14:32:30,JSMR,RG,3990,50,D,DR,EP,D
14:32:27,JSMR,RG,3990,25,D,DR,BK,F
14:32:23,JSMR,RG,3990,29,D,DR,BK,F
14:32:18,JSMR,RG,3990,436,D,DR,YP,D
14:32:00,JSMR,RG,3990,16,D,DR,OD,D
14:31:46,JSMR,RG,3990,8,D,DR,XL,D
14:31:40,JSMR,RG,3990,5,D,DR,DH,D
14:31:28,JSMR,RG,4000,25,D,DH,DR,D
14:31:28,JSMR,RG,4000,1,D,DH,XC,D
14:31:28,JSMR,RG,4000,6,D,DH,XC,D
14:31:28,JSMR,RG,4000,2,D,DH,PD,D
14:31:28,JSMR,RG,4000,20,D,DH,YP,D
14:31:28,JSMR,RG,4000,70,D,DH,KK,D
14:31:28,JSMR,RG,4000,2,D,DH,IF,D
14:31:28,JSMR,RG,4000,3,D,DH,KK,D
14:31:28,JSMR,RG,4000,1,D,DH,KK,D
14:31:28,JSMR,RG,4000,127,D,DH,DR,D
14:31:28,JSMR,RG,4000,1,D,DH,CC,D
14:31:28,JSMR,RG,4000,5,D,DH,PD,D
14:31:28,JSMR,RG,4000,10,D,DH,YP,D
14:31:28,JSMR,RG,4000,1,D,DH,PD,D
14:31:28,JSMR,RG,4000,5,D,DH,YP,D
14:31:28,JSMR,RG,4000,5,D,DH,YP,D
14:31:28,JSMR,RG,4000,16,D,DH,XC,D
14:31:19,JSMR,RG,3990,80,D,DR,NI,D
14:31:17,JSMR,RG,3990,2,D,DR,XC,D
14:31:16,JSMR,RG,3990,9,D,DR,PD,D
14:30:38,JSMR,RG,3990,1,D,CS,XC,D
14:30:31,JSMR,RG,3990,21,F,AK,ZP,F
14:30:31,JSMR,RG,3990,6,F,AK,ZP,F
14:30:31,JSMR,RG,3990,15,F,AK,OD,D
14:30:31,JSMR,RG,3990,2,D,CS,OD,D
14:30:31,JSMR,RG,3990,124,D,CS,BK,F
14:30:31,JSMR,RG,3990,82,D,CS,LG,D
14:30:31,JSMR,RG,3990,4,D,NI,LG,D
14:30:31,JSMR,RG,3990,1,D,NI,XC,D
14:30:31,JSMR,RG,3990,200,D,NI,ZP,D
14:30:31,JSMR,RG,3990,36,D,NI,ZP,F
14:30:31,JSMR,RG,3990,1,D,NI,CC,D
14:30:31,JSMR,RG,3990,5,D,NI,LG,D
14:30:31,JSMR,RG,3990,130,D,NI,CP,D
14:30:31,JSMR,RG,3990,30,D,NI,AI,D
14:30:31,JSMR,RG,3990,2,D,NI,YP,D
14:30:31,JSMR,RG,3990,2,D,NI,PD,D
14:30:31,JSMR,RG,3990,48,D,NI,ZP,F
14:30:31,JSMR,RG,3990,6,D,NI,CC,D
14:30:31,JSMR,RG,3990,200,D,NI,BK,F
14:30:31,JSMR,RG,3990,335,D,NI,CC,D
14:30:30,JSMR,RG,3980,19,D,YP,HD,D
14:30:30,JSMR,RG,3980,1,D,BB,HD,D
14:30:30,JSMR,RG,3980,10,D,PD,HD,D
14:30:04,JSMR,RG,3980,6,D,PD,OD,D
14:30:04,JSMR,RG,3980,1,D,PD,OD,D
14:30:04,JSMR,RG,3980,3,D,YP,OD,D
14:30:04,JSMR,RG,3980,10,D,BB,OD,D
14:29:57,JSMR,RG,3980,1,D,BB,OD,D
14:29:49,JSMR,RG,3980,3,D,BB,CC,D
14:29:49,JSMR,RG,3980,2,D,BB,CC,D
14:29:46,JSMR,RG,3980,1,D,BB,PD,D
14:29:22,JSMR,RG,3980,24,D,BB,YP,D
14:29:22,JSMR,RG,3980,26,D,NI,YP,D
14:29:17,JSMR,RG,3990,39,D,BB,CC,D
14:29:13,JSMR,RG,3990,1,D,BB,CC,D
14:29:12,JSMR,RG,3980,10,D,NI,YP,D
14:29:11,JSMR,RG,3990,125,D,CS,CC,D
14:29:11,JSMR,RG,3990,4,D,CS,XC,D
14:29:11,JSMR,RG,3990,28,D,CS,ZP,F
14:29:11,JSMR,RG,3990,212,D,CS,IT,D
14:29:00,JSMR,RG,3980,19,D,NI,OD,D
14:28:44,JSMR,RG,3990,38,D,DH,IT,D
14:28:44,JSMR,RG,3990,124,D,DH,BK,F
14:28:44,JSMR,RG,3990,38,D,DH,CC,D
14:28:36,JSMR,RG,3980,1,D,NI,YP,D
14:28:31,JSMR,RG,3990,19,D,BB,CC,D
14:28:02,JSMR,RG,3980,20,D,NI,OD,D
14:27:52,JSMR,RG,3980,2,D,NI,XC,D
14:27:25,JSMR,RG,3980,10,D,NI,XC,D
14:27:02,JSMR,RG,3980,18,D,NI,OD,D
14:26:57,JSMR,RG,3990,35,D,SQ,CC,D
14:26:42,JSMR,RG,3990,408,D,CS,CC,D
14:26:42,JSMR,RG,3990,13,D,CS,YP,D
14:26:42,JSMR,RG,3990,62,D,CS,BK,F
14:26:15,JSMR,RG,3990,2,D,BB,BK,F
14:26:00,JSMR,RG,3990,19,D,BB,BK,F
14:26:00,JSMR,RG,3990,1,D,BB,ZP,F
14:26:00,JSMR,RG,3980,17,D,NI,OD,D
14:25:24,JSMR,RG,3980,21,D,NI,PD,D
14:25:02,JSMR,RG,3980,20,D,NI,OD,D
14:24:35,JSMR,RG,3990,20,D,PD,ZP,F
14:24:22,JSMR,RG,3990,3,D,XC,ZP,F
14:24:21,JSMR,RG,3990,5,D,YP,ZP,F
14:24:03,JSMR,RG,3980,36,D,NI,YB,D
14:24:03,JSMR,RG,3980,4,D,PD,YB,D
14:24:00,JSMR,RG,3980,16,D,PD,OD,D
14:23:49,JSMR,RG,3980,10,D,PD,PD,D
14:23:38,JSMR,RG,3990,3,D,OD,ZP,F
14:23:38,JSMR,RG,3990,3,D,OD,HD,D
14:23:32,JSMR,RG,3990,1,D,PD,HD,D
14:23:25,JSMR,RG,3990,9,D,BB,HD,D
14:23:25,JSMR,RG,3990,9,D,BB,HD,D
14:23:23,JSMR,RG,3990,8,D,CS,HD,D
14:23:23,JSMR,RG,3990,34,D,CS,SQ,D
14:23:23,JSMR,RG,3990,8,D,CS,SQ,D
14:23:23,JSMR,RG,3990,4,D,CS,SQ,D
14:23:23,JSMR,RG,3990,4,D,XC,SQ,D
14:23:01,JSMR,RG,4000,4,D,BB,XC,D
14:23:01,JSMR,RG,4000,6,D,BB,DH,D
14:22:58,JSMR,RG,4000,2,D,BB,DH,D
14:22:57,JSMR,RG,3990,2,D,CS,KK,D
14:22:57,JSMR,RG,3990,19,D,CS,OD,D
14:22:57,JSMR,RG,3990,2,D,CS,NI,D
14:22:57,JSMR,RG,3990,45,D,CS,BK,F
14:22:57,JSMR,RG,3990,10,D,CS,ZP,F
14:22:39,JSMR,RG,3990,7,D,XC,ZP,F
14:22:35,JSMR,RG,3990,16,D,OD,ZP,F
14:22:16,JSMR,RG,3990,9,D,CS,ZP,F
14:22:16,JSMR,RG,3990,169,D,CS,PD,D
14:22:08,JSMR,RG,3990,1,D,YB,PD,D
14:22:06,JSMR,RG,3990,5,D,PD,PD,D
14:21:58,JSMR,RG,3990,8,D,BB,PD,D
14:21:54,JSMR,RG,3990,17,D,NI,PD,D
14:21:51,JSMR,RG,3990,50,D,NI,SQ,D
14:21:46,JSMR,RG,4000,2,D,PD,DH,D
14:21:46,JSMR,RG,4000,2,D,PD,KK,D
14:21:46,JSMR,RG,4000,1,D,PD,NI,D
14:21:44,JSMR,RG,4000,1,D,BB,NI,D
14:21:44,JSMR,RG,4000,12,D,BB,YP,D
14:21:42,JSMR,RG,3990,22,D,NI,OD,D
14:21:42,JSMR,RG,3990,10,D,NI,LG,D
14:21:42,JSMR,RG,3990,15,D,NI,XC,D
14:21:42,JSMR,RG,3990,20,D,NI,YP,D
14:21:42,JSMR,RG,3990,12,D,NI,ZP,F
14:21:42,JSMR,RG,3990,145,D,NI,BK,F
14:21:42,JSMR,RG,3990,6,D,NI,HP,D
14:21:42,JSMR,RG,3990,180,D,NI,BK,F
14:21:42,JSMR,RG,3990,38,D,NI,ZP,F
14:21:42,JSMR,RG,3990,1,D,NI,PD,D
14:21:42,JSMR,RG,3990,12,D,NI,DR,D
14:21:42,JSMR,RG,3990,10,D,NI,DH,D
14:21:42,JSMR,RG,3990,1,D,NI,KK,D
14:21:42,JSMR,RG,3990,1,D,NI,XC,D
14:21:42,JSMR,RG,3990,5,D,NI,PD,D
14:21:42,JSMR,RG,3990,2,D,NI,ZP,F
14:21:42,JSMR,RG,3990,300,D,NI,EP,D
14:21:42,JSMR,RG,3990,153,D,NI,EP,D
14:21:42,JSMR,RG,3990,10,D,KK,EP,D
14:21:32,JSMR,RG,3980,5,D,CS,CC,D
14:21:32,JSMR,RG,3980,2,D,CS,CC,D
14:21:25,JSMR,RG,3980,25,D,CS,CC,D
14:21:16,JSMR,RG,3980,2,D,CS,EP,D
14:21:05,JSMR,RG,3980,1,D,CS,YP,D
14:21:02,JSMR,RG,3980,18,D,CS,OD,D
14:20:38,JSMR,RG,3980,1,D,CS,XC,D
14:20:08,JSMR,RG,3980,15,D,CS,BK,F
14:20:02,JSMR,RG,3980,20,D,CS,BK,F
14:20:00,JSMR,RG,3980,19,D,CS,OD,D
14:19:57,JSMR,RG,3980,28,D,CS,BK,F
14:19:57,JSMR,RG,3980,51,D,DR,BK,F
14:19:56,JSMR,RG,3990,37,D,CS,EP,D
14:19:56,JSMR,RG,3990,7,D,CS,DX,D
14:19:56,JSMR,RG,3990,5,D,CS,PD,D
14:19:56,JSMR,RG,3990,1,D,CS,KK,D
14:19:56,JSMR,RG,3990,10,D,CS,PD,D
14:19:56,JSMR,RG,3990,6,D,CS,PD,D
14:19:56,JSMR,RG,3990,50,D,CS,DR,D
14:19:56,JSMR,RG,3990,1,D,CS,PD,D
14:19:56,JSMR,RG,3990,2,D,CS,CC,D
14:19:56,JSMR,RG,3990,3,D,CS,KK,D
14:19:56,JSMR,RG,3990,1,D,CS,OD,D
14:19:56,JSMR,RG,3990,291,D,CS,YP,D
14:19:53,JSMR,RG,3990,20,D,NI,YP,D
14:19:24,JSMR,RG,3980,9,D,DR,DH,D
14:19:11,JSMR,RG,3990,6,D,BB,YP,D
14:19:06,JSMR,RG,3980,6,D,DR,KK,D
14:19:03,JSMR,RG,3980,7,D,DR,CC,D
14:19:02,JSMR,RG,3980,21,D,DR,OD,D
14:18:40,JSMR,RG,3980,2,D,DR,XC,D
14:18:04,JSMR,RG,3980,23,D,DR,BK,F
14:18:02,JSMR,RG,3980,5,D,DR,KK,D
14:18:00,JSMR,RG,3980,17,D,DR,OD,D
14:17:34,JSMR,RG,3980,22,D,DR,BK,F
14:17:28,JSMR,RG,3990,200,D,BQ,YP,D
14:17:02,JSMR,RG,3980,2,D,DR,YP,D
14:16:58,JSMR,RG,3980,17,D,DR,OD,D
14:16:58,JSMR,RG,3980,1,D,BB,OD,D
14:16:49,JSMR,RG,3980,6,D,BB,KK,D
14:16:41,JSMR,RG,3990,424,D,CS,YP,D
14:16:39,JSMR,RG,3980,8,D,BB,KK,D
14:16:39,JSMR,RG,3980,2,D,BB,KK,D
14:16:39,JSMR,RG,3990,17,D,BB,YP,D
14:16:30,JSMR,RG,3980,1,D,BB,YP,D
14:16:25,JSMR,RG,3980,24,D,BB,XA,D
14:16:25,JSMR,RG,3980,1,D,CP,XA,D
14:16:04,JSMR,RG,3980,15,D,CP,YP,D
14:15:56,JSMR,RG,3980,19,D,CP,OD,D
14:15:42,JSMR,RG,3980,5,D,CP,LG,D
14:15:14,JSMR,RG,3980,10,D,CP,ZP,F
14:15:14,JSMR,RG,3980,16,D,PD,ZP,F
14:14:58,JSMR,RG,3980,4,D,PD,OD,D
14:14:58,JSMR,RG,3980,10,D,XC,OD,D
14:14:39,JSMR,RG,3980,1,D,XC,YP,D
14:14:21,JSMR,RG,3980,21,D,XC,YP,D
14:14:21,JSMR,RG,3980,1,D,PD,YP,D
14:14:21,JSMR,RG,3980,23,D,CS,YP,D
14:14:18,JSMR,RG,3980,10,D,CS,AZ,D
14:14:07,JSMR,RG,3980,26,D,OD,CC,D
14:13:57,JSMR,RG,3980,6,D,OD,PD,F
14:13:45,JSMR,RG,3980,1,D,OD,CC,D
14:13:27,JSMR,RG,3980,1,D,CS,XC,D
14:13:25,JSMR,RG,3980,1,D,CS,EP,D
14:13:19,JSMR,RG,3970,4,D,PD,XC,D
14:13:19,JSMR,RG,3970,4,D,NI,XC,D
14:13:09,JSMR,RG,3980,12,D,CS,OD,D
14:13:09,JSMR,RG,3980,20,D,CS,CC,D
14:13:08,JSMR,RG,3970,1,D,NI,PD,D
14:13:07,JSMR,RG,3970,17,D,NI,BK,F
14:13:02,JSMR,RG,3970,56,D,NI,BK,F
14:12:59,JSMR,RG,3980,14,D,CS,OD,D
14:12:59,JSMR,RG,3980,10,D,CS,YP,D
14:12:57,JSMR,RG,3980,2,D,CS,ZP,F
14:12:56,JSMR,RG,3980,2,D,BB,BK,F
14:12:56,JSMR,RG,3980,72,D,BB,BK,F
14:12:54,JSMR,RG,3980,27,D,BB,BK,F
14:12:54,JSMR,RG,3980,4,D,XL,BK,F
14:12:54,JSMR,RG,3980,10,D,YP,BK,F
14:12:54,JSMR,RG,3980,50,D,EP,BK,F
14:12:54,JSMR,RG,3980,43,D,CS,BK,F
14:12:54,JSMR,RG,3980,41,D,BB,BK,F
14:12:53,JSMR,RG,3980,36,D,BB,BK,F
14:12:53,JSMR,RG,3980,37,D,BB,BK,F
14:12:53,JSMR,RG,3980,6,D,BB,BK,F
14:12:53,JSMR,RG,3980,96,D,NI,BK,F
14:12:52,JSMR,RG,3980,27,D,NI,ZP,F
14:12:51,JSMR,RG,3980,200,D,NI,KK,D
14:12:22,JSMR,RG,3980,1,D,NI,KK,D
14:12:17,JSMR,RG,3990,42,D,CS,YP,D
14:12:17,JSMR,RG,3990,150,D,CS,YP,D
14:12:17,JSMR,RG,3990,30,D,CS,PD,D
14:12:17,JSMR,RG,3990,86,D,CS,CC,D
14:12:17,JSMR,RG,3990,14,D,CS,CC,D
14:12:17,JSMR,RG,3990,42,D,CS,NI,D
14:12:17,JSMR,RG,3990,60,D,CS,NI,D
14:12:17,JSMR,RG,3990,10,D,CS,XC,D
14:12:17,JSMR,RG,3990,1,D,CS,XC,D
14:12:17,JSMR,RG,3990,17,D,CS,PD,D
14:12:08,JSMR,RG,3990,1,D,XC,GR,D
14:12:08,JSMR,RG,3990,1,D,XC,CC,D
14:12:02,JSMR,RG,3980,13,D,NI,OD,D
14:12:02,JSMR,RG,3980,149,D,NI,NI,D
14:11:39,JSMR,RG,3990,1,D,XC,CC,D
14:11:39,JSMR,RG,3990,1,D,XC,YP,D
14:11:31,JSMR,RG,3990,1,D,NI,YP,D
14:11:06,JSMR,RG,3990,1,D,XC,YP,D
14:11:02,JSMR,RG,3980,30,D,NI,ZP,F
14:10:49,JSMR,RG,3980,1,D,NI,PD,D
14:10:44,JSMR,RG,3990,3,D,XL,YP,D
14:10:15,JSMR,RG,3990,6,D,XL,YP,D
14:10:11,JSMR,RG,3980,13,D,NI,OD,D
14:10:11,JSMR,RG,3980,3,D,NI,SQ,D
14:10:11,JSMR,RG,3980,13,D,NI,BK,F
14:10:11,JSMR,RG,3980,30,D,NI,ZP,F
14:10:11,JSMR,RG,3980,5,D,NI,SQ,D
14:10:11,JSMR,RG,3980,12,D,NI,DR,D
14:10:11,JSMR,RG,3980,1,D,NI,KK,D
14:10:11,JSMR,RG,3980,10,D,NI,SQ,D
14:10:11,JSMR,RG,3980,20,D,NI,CC,D
14:10:11,JSMR,RG,3980,1,D,NI,CC,D
14:10:11,JSMR,RG,3980,375,D,NI,TP,D
14:10:09,JSMR,RG,3980,10,D,AZ,TP,D
14:10:00,JSMR,RG,3970,13,D,NI,OD,D
14:09:42,JSMR,RG,3970,10,D,NI,GR,D
14:09:00,JSMR,RG,3970,15,D,NI,OD,D
14:08:44,JSMR,RG,3980,8,D,XL,TP,D
14:08:43,JSMR,RG,3980,25,D,YP,TP,D
14:08:35,JSMR,RG,3980,82,D,CS,TP,D
14:08:35,JSMR,RG,3980,2,D,CS,XL,D
14:08:35,JSMR,RG,3980,32,D,CS,ZP,F
14:08:35,JSMR,RG,3980,3,D,CS,PD,D
14:08:35,JSMR,RG,3980,13,D,CS,KK,D
14:08:35,JSMR,RG,3980,9,D,CS,BK,F
14:08:35,JSMR,RG,3980,5,D,CS,YP,D
14:08:35,JSMR,RG,3980,10,D,CS,YP,D
14:08:35,JSMR,RG,3980,1,D,CS,PD,D
14:08:35,JSMR,RG,3980,1,D,CS,XC,D
14:08:35,JSMR,RG,3980,42,D,CS,BK,F
14:08:35,JSMR,RG,3980,25,D,CS,YB,D
14:08:35,JSMR,RG,3980,30,D,CS,EP,D
14:08:35,JSMR,RG,3980,1,D,CS,PD,D
14:08:35,JSMR,RG,3980,2,D,CS,YP,D
14:08:35,JSMR,RG,3980,5,D,CS,PD,D
14:08:35,JSMR,RG,3980,25,D,CS,DR,D
14:08:35,JSMR,RG,3980,1,D,CS,DH,D
14:08:35,JSMR,RG,3980,62,D,CS,DR,D
14:08:23,JSMR,RG,3970,5,D,NI,YP,D
14:07:58,JSMR,RG,3970,14,D,NI,OD,D
14:07:52,JSMR,RG,3970,4,D,NI,XC,D
14:07:36,JSMR,RG,3970,4,D,NI,XC,D
14:06:57,JSMR,RG,3970,12,D,NI,OD,D
14:06:16,JSMR,RG,3980,1,D,XC,DR,D
14:05:59,JSMR,RG,3970,13,D,NI,OD,D
14:05:44,JSMR,RG,3980,7,D,YP,DR,D
14:05:44,JSMR,RG,3980,13,D,YP,KK,D
14:05:31,JSMR,RG,3980,287,D,CS,KK,D
14:05:31,JSMR,RG,3980,1,D,CS,YP,D
14:05:31,JSMR,RG,3980,2,D,CS,ZP,F
14:05:31,JSMR,RG,3980,3,D,CS,XL,D
14:05:31,JSMR,RG,3980,3,D,CS,CC,D
14:05:31,JSMR,RG,3980,10,D,CS,YP,D
14:05:31,JSMR,RG,3980,1,D,CS,PD,D
14:05:30,JSMR,RG,3980,1,D,CS,PD,D
14:05:30,JSMR,RG,3980,3,D,CS,KK,D
14:05:30,JSMR,RG,3980,10,D,CS,PD,D
14:05:30,JSMR,RG,3980,30,D,CS,CC,D
14:05:30,JSMR,RG,3980,10,D,CS,YP,D
14:05:30,JSMR,RG,3980,1,D,CS,YP,D
14:05:30,JSMR,RG,3980,5,D,CS,KK,D
14:05:30,JSMR,RG,3980,42,D,CS,YU,D
14:05:24,JSMR,RG,3970,169,D,NI,ZP,F
14:05:14,JSMR,RG,3970,1,D,NI,KK,D
14:05:13,JSMR,RG,3970,6,D,NI,YP,D
14:04:59,JSMR,RG,3970,13,D,NI,OD,D
14:04:05,JSMR,RG,3980,8,D,BB,YU,D
14:04:00,JSMR,RG,3970,13,D,NI,BK,F
14:04:00,JSMR,RG,3970,1,D,NI,CC,D
14:04:00,JSMR,RG,3970,55,D,NI,PD,D
14:04:00,JSMR,RG,3970,68,D,NI,BK,F
14:04:00,JSMR,RG,3970,1,D,NI,XC,D
14:04:00,JSMR,RG,3970,50,D,NI,XC,D
14:04:00,JSMR,RG,3970,34,D,NI,BK,F
14:04:00,JSMR,RG,3970,3,D,NI,KK,D
14:04:00,JSMR,RG,3970,2,D,NI,XC,D
14:04:00,JSMR,RG,3970,50,D,NI,PD,D
14:04:00,JSMR,RG,3970,2,D,NI,XC,D
14:04:00,JSMR,RG,3970,2,D,NI,CC,D
14:04:00,JSMR,RG,3970,2,D,NI,XC,D
14:04:00,JSMR,RG,3970,20,D,NI,OD,D
14:04:00,JSMR,RG,3970,1,D,NI,XC,D
14:04:00,JSMR,RG,3970,12,D,NI,BK,F
14:04:00,JSMR,RG,3970,4,D,NI,NI,D
14:04:00,JSMR,RG,3970,200,D,NI,ZP,D
14:04:00,JSMR,RG,3970,91,D,NI,BK,F
14:04:00,JSMR,RG,3970,20,D,NI,KK,D
14:04:00,JSMR,RG,3970,12,D,NI,ZP,F
14:03:55,JSMR,RG,3960,1,D,YP,OD,D
14:03:55,JSMR,RG,3960,5,D,KK,OD,D
14:03:55,JSMR,RG,3960,7,D,YP,OD,D
14:03:53,JSMR,RG,3960,13,D,YP,SQ,D
14:03:53,JSMR,RG,3960,20,D,XC,SQ,D
14:03:53,JSMR,RG,3960,36,D,BB,SQ,D
14:03:53,JSMR,RG,3960,1,D,BB,SQ,D
14:03:53,JSMR,RG,3960,30,D,CS,SQ,D
14:03:37,JSMR,RG,3970,1,D,BB,ZP,F
14:02:57,JSMR,RG,3960,13,D,CS,OD,D
14:02:42,JSMR,RG,3960,2,D,CS,XC,D
14:02:33,JSMR,RG,3970,15,D,SQ,ZP,F
14:01:56,JSMR,RG,3960,14,D,CS,OD,D
14:01:47,JSMR,RG,3970,10,D,SQ,ZP,F
14:01:14,JSMR,RG,3970,1,D,BB,ZP,F
14:01:05,JSMR,RG,3970,1,D,XC,ZP,F
14:00:53,JSMR,RG,3960,13,D,CS,OD,D
14:00:33,JSMR,RG,3960,34,D,CS,YB,D
14:00:33,JSMR,RG,3960,1,D,LG,YB,D
14:00:33,JSMR,RG,3960,20,D,PD,YB,D
14:00:33,JSMR,RG,3960,1,D,BB,YB,D
14:00:33,JSMR,RG,3960,3,D,EP,YB,D
14:00:33,JSMR,RG,3960,1,D,PD,YB,D
14:00:33,JSMR,RG,3960,1,D,YP,YB,D
14:00:33,JSMR,RG,3960,3,D,LG,YB,D
14:00:33,JSMR,RG,3960,36,D,NI,YB,D
14:00:28,JSMR,RG,3960,10,D,NI,AZ,D
13:59:55,JSMR,RG,3960,14,D,NI,OD,D
13:59:55,JSMR,RG,3970,1,D,BB,ZP,F
13:58:53,JSMR,RG,3960,14,D,NI,OD,D
13:58:32,JSMR,RG,3970,3,D,BB,ZP,F
13:58:32,JSMR,RG,3970,5,D,BB,PD,D
13:58:32,JSMR,RG,3970,28,D,BB,EP,D
13:58:30,JSMR,RG,3960,25,D,NI,YB,D
13:57:55,JSMR,RG,3960,1,D,NI,OD,D
13:57:55,JSMR,RG,3960,10,D,XC,OD,D
13:57:55,JSMR,RG,3960,3,D,DR,OD,D
13:57:45,JSMR,RG,3970,2,D,OD,EP,D
13:57:35,JSMR,RG,3970,1,D,BB,EP,D
13:57:08,JSMR,RG,3970,2,D,XC,EP,D
13:57:07,JSMR,RG,3970,1,D,PD,EP,D
13:57:00,JSMR,RG,3970,3,D,XL,EP,D
13:56:55,JSMR,RG,3960,14,D,DR,OD,D
13:56:43,JSMR,RG,3970,15,D,XC,EP,D
13:56:41,JSMR,RG,3970,5,D,XC,EP,D
13:56:20,JSMR,RG,3970,20,D,XC,EP,D
13:56:11,JSMR,RG,3960,3,D,DR,XC,D
13:56:09,JSMR,RG,3960,20,D,DR,PD,D
13:56:07,JSMR,RG,3960,5,D,DR,HP,D
13:56:07,JSMR,RG,3960,10,D,CC,HP,D
13:56:07,JSMR,RG,3960,1,D,BB,HP,D
13:56:07,JSMR,RG,3960,1,D,XC,HP,D
13:56:07,JSMR,RG,3960,1,D,XC,HP,D
13:56:07,JSMR,RG,3960,10,D,PD,HP,D
13:56:07,JSMR,RG,3960,1,D,PD,HP,D
13:56:07,JSMR,RG,3960,3,D,XL,HP,D
13:56:07,JSMR,RG,3960,8,D,DH,HP,D
13:56:04,JSMR,RG,3960,2,D,DH,CC,D
13:56:04,JSMR,RG,3960,3,D,PD,CC,D
13:56:04,JSMR,RG,3960,10,D,DR,CC,D
13:56:04,JSMR,RG,3960,1,D,XC,CC,D
13:56:04,JSMR,RG,3960,14,D,PG,CC,D
13:55:55,JSMR,RG,3960,14,D,PG,OD,D
13:55:26,JSMR,RG,3960,5,D,PG,YP,D
13:55:07,JSMR,RG,3960,8,D,PG,YP,D
13:55:05,JSMR,RG,3970,1,D,BB,EP,D
13:54:56,JSMR,RG,3960,10,D,PG,YP,D
13:54:53,JSMR,RG,3960,13,D,PG,OD,D
13:54:48,JSMR,RG,3960,2,D,PG,YB,D
13:54:38,JSMR,RG,3960,25,D,PG,DH,D
13:53:51,JSMR,RG,3960,9,D,PG,OD,D
13:53:51,JSMR,RG,3960,5,D,XL,OD,D
13:53:51,JSMR,RG,3960,1,D,BB,OD,D
13:53:49,JSMR,RG,3970,1,D,BB,EP,D
13:53:33,JSMR,RG,3960,2,D,BB,XL,D
13:53:11,JSMR,RG,3970,7,D,YP,EP,D
13:52:58,JSMR,RG,3970,1,D,XL,EP,D
13:52:58,JSMR,RG,3970,4,D,BB,EP,D
13:52:51,JSMR,RG,3960,6,D,BB,OD,D
13:52:51,JSMR,RG,3960,2,D,PD,OD,D
13:52:51,JSMR,RG,3960,6,D,PD,OD,D
13:52:41,JSMR,RG,3970,9,D,BB,EP,D
13:52:26,JSMR,RG,3970,1,D,BB,EP,D
13:52:25,JSMR,RG,3960,1,D,PD,PD,D
13:52:01,JSMR,RG,3960,13,D,PD,YP,D
13:52:01,JSMR,RG,3960,12,D,OD,YP,D
13:51:53,JSMR,RG,3960,12,D,OD,OD,D
13:51:32,JSMR,RG,3970,9,D,BB,EP,D
13:51:28,JSMR,RG,3970,5,D,YB,EP,D
13:51:14,JSMR,RG,3970,1,D,LG,EP,D
13:51:12,JSMR,RG,3970,9,D,YB,EP,D
13:51:12,JSMR,RG,3970,1,D,YB,YP,D
13:51:10,JSMR,RG,3960,2,D,OD,LG,D
13:50:53,JSMR,RG,3960,14,D,OD,OD,D
13:50:51,JSMR,RG,3970,9,D,YB,YP,D
13:50:51,JSMR,RG,3970,16,D,YB,CC,F
13:50:31,JSMR,RG,3970,1,D,LG,CC,F
13:50:21,JSMR,RG,3970,10,D,BB,CC,F
13:49:55,JSMR,RG,3960,15,D,OD,OD,D
13:49:48,JSMR,RG,3970,1,D,BB,CC,F
13:49:26,JSMR,RG,3960,3,D,OD,XL,D
13:49:23,JSMR,RG,3970,2,D,XC,CC,F
13:49:00,JSMR,RG,3970,9,D,BB,CC,F
13:48:53,JSMR,RG,3960,13,D,OD,OD,D
13:48:30,JSMR,RG,3970,1,D,BB,CC,F
13:48:25,JSMR,RG,3970,1,D,PD,CC,F
13:48:21,JSMR,RG,3970,3,D,XC,ZP,F
13:47:57,JSMR,RG,3960,14,D,OD,OD,D
13:47:49,JSMR,RG,3970,10,D,BB,ZP,F
13:47:39,JSMR,RG,3960,5,D,OD,XL,D
13:47:33,JSMR,RG,3960,15,D,OD,XL,D
13:47:33,JSMR,RG,3960,2,D,SQ,XL,D
13:47:33,JSMR,RG,3960,15,D,PD,XL,D
13:47:33,JSMR,RG,3960,1,D,YP,XL,D
13:47:33,JSMR,RG,3960,1,D,BB,XL,D
13:47:27,JSMR,RG,3970,2,D,BB,ZP,F
13:47:10,JSMR,RG,3970,10,D,PD,ZP,F
13:46:57,JSMR,RG,3960,4,D,BB,OD,D
13:46:57,JSMR,RG,3960,9,D,NI,OD,D
13:46:56,JSMR,RG,3960,50,D,NI,YP,D
13:46:36,JSMR,RG,3970,2,D,YP,ZP,F
13:46:36,JSMR,RG,3970,1,D,YP,YB,D
13:46:35,JSMR,RG,3970,1,D,BB,YB,D
13:46:35,JSMR,RG,3970,1,D,BB,PD,D
13:46:35,JSMR,RG,3970,2,D,BB,EP,D
13:46:33,JSMR,RG,3970,10,D,BB,EP,D
13:46:01,JSMR,RG,3970,1,D,BB,EP,D
13:45:59,JSMR,RG,3960,13,D,NI,OD,D
13:45:55,JSMR,RG,3970,15,D,XC,EP,D
13:45:50,JSMR,RG,3970,6,D,BB,EP,D
13:45:34,JSMR,RG,3970,1,D,XC,EP,D
13:45:16,JSMR,RG,3970,9,D,BB,EP,D
13:44:57,JSMR,RG,3960,17,D,NI,OD,D
13:44:54,JSMR,RG,3970,12,D,CD,EP,D
13:44:37,JSMR,RG,3970,10,D,PD,EP,D
13:44:16,JSMR,RG,3970,20,D,AI,EP,D
13:44:15,JSMR,RG,3970,4,D,PD,EP,D
13:44:12,JSMR,RG,3970,1,D,PD,EP,D
13:44:10,JSMR,RG,3970,34,D,XL,EP,D
13:44:05,JSMR,RG,3970,6,D,BB,CC,F
13:44:05,JSMR,RG,3970,40,D,NI,CC,F
13:44:05,JSMR,RG,3980,9,D,BB,PD,D
13:44:05,JSMR,RG,3980,5,D,BB,PD,D
13:43:59,JSMR,RG,3970,103,D,NI,CC,F
13:43:59,JSMR,RG,3970,1,D,NI,CC,D
13:43:59,JSMR,RG,3970,2,D,NI,ZP,F
13:43:59,JSMR,RG,3970,1,D,NI,YP,D
13:43:59,JSMR,RG,3970,8,D,NI,KK,D
13:43:59,JSMR,RG,3970,5,D,NI,PD,D
13:43:59,JSMR,RG,3970,2,D,NI,XL,D
13:43:59,JSMR,RG,3970,1,D,NI,XC,D
13:43:59,JSMR,RG,3970,18,D,NI,XC,D
13:43:59,JSMR,RG,3970,15,D,NI,OD,D
13:43:59,JSMR,RG,3970,4,D,NI,CC,D
13:43:55,JSMR,RG,3960,15,D,NI,OD,D
13:43:51,JSMR,RG,3970,16,D,PG,CC,D
13:43:51,JSMR,RG,3970,84,D,PG,YP,D
13:43:45,JSMR,RG,3970,16,D,GR,YP,D
13:43:45,JSMR,RG,3970,3,D,GR,KK,D
13:43:45,JSMR,RG,3970,106,D,GR,GR,D
13:43:30,JSMR,RG,3970,1,D,BB,GR,D
13:43:21,JSMR,RG,3960,6,D,NI,XC,D
13:43:19,JSMR,RG,3970,6,D,BB,GR,D
13:43:06,JSMR,RG,3960,11,D,NI,YP,D
13:42:57,JSMR,RG,3960,16,D,NI,OD,D
13:42:56,JSMR,RG,3970,9,D,BB,GR,D
13:42:55,JSMR,RG,3970,5,D,YP,GR,D
13:42:44,JSMR,RG,3970,9,D,XC,GR,D
13:42:39,JSMR,RG,3970,114,D,KK,GR,D
13:42:39,JSMR,RG,3970,2,D,KK,CC,D
13:42:39,JSMR,RG,3970,9,D,KK,YP,D
13:42:39,JSMR,RG,3970,45,D,KK,LG,D
13:42:25,JSMR,RG,3970,6,D,BB,LG,D
13:42:08,JSMR,RG,3970,1,D,BB,LG,D
13:42:00,JSMR,RG,3970,4,D,XC,LG,D
13:41:57,JSMR,RG,3970,1,D,PD,LG,D
13:41:54,JSMR,RG,3970,20,D,PD,LG,D
13:41:43,JSMR,RG,3970,9,D,BB,LG,D
13:41:41,JSMR,RG,3970,13,D,PD,LG,D
13:41:31,JSMR,RG,3970,1,D,BB,LG,D
13:41:31,JSMR,RG,3970,5,D,BB,XC,D
13:41:30,JSMR,RG,3960,16,D,NI,OD,D
13:41:30,JSMR,RG,3960,1,D,NI,YP,D
13:41:30,JSMR,RG,3960,6,D,NI,ZP,F
13:41:30,JSMR,RG,3960,26,D,NI,ZP,F
13:41:30,JSMR,RG,3960,114,D,NI,CC,F
13:41:24,JSMR,RG,3960,1,D,BQ,CC,F
13:41:22,JSMR,RG,3960,19,F,BK,CC,F
13:41:22,JSMR,RG,3960,1,F,BK,XC,D
13:41:22,JSMR,RG,3960,131,F,BK,OD,D
13:41:21,JSMR,RG,3960,151,F,BK,OD,D
13:41:21,JSMR,RG,3960,318,D,NI,OD,D
13:41:21,JSMR,RG,3960,12,D,NI,YP,D
13:41:21,JSMR,RG,3960,30,D,NI,YP,D
13:41:21,JSMR,RG,3960,10,D,NI,KK,D
13:41:21,JSMR,RG,3960,20,D,NI,CC,D
13:41:21,JSMR,RG,3960,100,D,NI,YP,D
13:41:21,JSMR,RG,3960,1,D,NI,ZP,D
13:41:21,JSMR,RG,3960,9,D,NI,YP,D
13:41:01,JSMR,RG,3950,15,D,KK,OD,D
13:40:31,JSMR,RG,3960,1,D,BB,YP,D
13:40:31,JSMR,RG,3960,5,D,BB,XC,D
13:40:27,JSMR,RG,3960,10,D,BB,XC,D
13:40:24,JSMR,RG,3960,2,D,NI,XC,D
13:40:16,JSMR,RG,3950,2,D,KK,PD,D
13:40:02,JSMR,RG,3960,4,D,XC,XC,D
13:40:00,JSMR,RG,3960,11,D,SQ,XC,D
13:39:52,JSMR,RG,3960,1,D,XC,CC,D
13:39:37,JSMR,RG,3960,6,D,BB,CC,D
13:39:37,JSMR,RG,3960,1,D,BB,CC,D
13:39:35,JSMR,RG,3950,17,D,KK,CC,F
13:39:35,JSMR,RG,3950,88,D,NI,CC,F
13:39:30,JSMR,RG,3950,31,D,NI,XC,D
13:39:26,JSMR,RG,3950,37,D,NI,AK,F
13:39:26,JSMR,RG,3950,98,D,NI,BK,F
13:39:26,JSMR,RG,3950,16,D,NI,OD,D
13:39:26,JSMR,RG,3950,28,D,NI,AK,F
13:39:26,JSMR,RG,3950,40,D,NI,ZP,F
13:39:26,JSMR,RG,3950,162,D,NI,AK,F
13:39:23,JSMR,RG,3940,104,D,LG,YP,D
13:39:15,JSMR,RG,3950,8,D,BB,AK,F
13:39:08,JSMR,RG,3950,160,D,YP,AK,F
13:39:08,JSMR,RG,3950,2,D,YP,XC,D
13:39:08,JSMR,RG,3950,7,D,YP,ZP,F
13:39:08,JSMR,RG,3950,1,D,YP,XC,D
13:39:08,JSMR,RG,3950,60,D,YP,DR,D
13:39:08,JSMR,RG,3950,1,D,YP,XC,D
13:39:08,JSMR,RG,3950,20,D,YP,DR,D
13:39:08,JSMR,RG,3950,1,D,YP,CC,D
13:39:08,JSMR,RG,3950,3,D,YP,CC,D
13:39:08,JSMR,RG,3950,1,D,YP,CC,D
13:39:08,JSMR,RG,3950,3,D,YP,XC,D
13:39:08,JSMR,RG,3950,1,D,YP,YP,D
13:39:08,JSMR,RG,3950,10,D,YP,PD,D
13:39:08,JSMR,RG,3950,10,D,YP,OD,D
13:39:08,JSMR,RG,3950,6,D,YP,CP,D
13:39:08,JSMR,RG,3950,1,D,YP,YP,D
13:39:08,JSMR,RG,3950,3,D,YP,XC,D
13:39:08,JSMR,RG,3950,5,D,YP,NI,D
13:39:08,JSMR,RG,3950,10,D,YP,YP,D
13:39:08,JSMR,RG,3950,3,D,YP,PD,D
13:39:08,JSMR,RG,3950,4,D,YP,CC,D
13:39:08,JSMR,RG,3950,3,D,YP,XC,D
13:39:08,JSMR,RG,3950,14,D,YP,SQ,D
13:39:08,JSMR,RG,3950,100,D,YP,GR,D
13:39:08,JSMR,RG,3950,100,D,YP,EP,D
13:39:08,JSMR,RG,3950,1000,D,YP,CC,D
13:39:08,JSMR,RG,3950,11,D,YP,XL,D
13:39:08,JSMR,RG,3950,3,D,YP,PD,D
13:39:08,JSMR,RG,3950,20,D,YP,CC,D
13:39:08,JSMR,RG,3950,50,D,YP,DX,D
13:39:08,JSMR,RG,3950,12,D,YP,XC,D
13:39:08,JSMR,RG,3950,10,D,YP,YP,D
13:39:08,JSMR,RG,3950,2,D,YP,ZP,F
13:39:08,JSMR,RG,3950,100,D,YP,YP,D
13:39:08,JSMR,RG,3950,30,D,YP,CP,D
13:39:08,JSMR,RG,3950,7,D,YP,GR,D
13:39:08,JSMR,RG,3950,80,D,YP,YP,D
13:39:08,JSMR,RG,3950,145,D,YP,DR,D
13:39:08,JSMR,RG,3950,1,D,YP,YP,D
13:38:39,JSMR,RG,3950,6,D,BB,YP,D
13:38:35,JSMR,RG,3940,5,D,LG,AK,F
13:38:35,JSMR,RG,3940,17,D,LG,AK,F
13:38:35,JSMR,RG,3940,16,D,LG,OD,D
13:38:35,JSMR,RG,3940,19,D,LG,DR,D
13:38:35,JSMR,RG,3940,25,D,LG,PD,D
13:38:35,JSMR,RG,3940,25,D,LG,ZP,F
13:38:21,JSMR,RG,3940,1,D,BB,CC,F
13:38:06,JSMR,RG,3940,9,D,BB,CC,F
13:38:01,JSMR,RG,3930,14,D,YJ,OD,D
13:37:56,JSMR,RG,3940,100,D,AG,CC,F
13:37:51,JSMR,RG,3940,1,D,XC,CC,F
13:37:48,JSMR,RG,3940,5,D,BB,CC,F
13:37:45,JSMR,RG,3940,5,D,XC,CC,F
13:37:06,JSMR,RG,3940,1,D,XC,CC,F
13:37:03,JSMR,RG,3940,1,D,PD,CC,F
13:37:02,JSMR,RG,3940,5,D,BB,CC,F
13:37:00,JSMR,RG,3940,5,D,SQ,CC,F
13:36:59,JSMR,RG,3930,16,D,YJ,OD,D
13:36:57,JSMR,RG,3940,10,D,AZ,CC,F
13:36:55,JSMR,RG,3940,10,D,BB,CC,F
13:36:40,JSMR,RG,3940,1,D,KK,CC,F
13:36:39,JSMR,RG,3940,1,D,XC,CC,F
13:36:38,JSMR,RG,3940,4,D,LG,CC,F
13:36:19,JSMR,RG,3940,2,D,XC,CC,F
13:36:12,JSMR,RG,3940,5,D,BB,CC,F
13:36:11,JSMR,RG,3930,20,D,YJ,YP,D
13:36:03,JSMR,RG,3930,20,D,YJ,YP,D
13:35:57,JSMR,RG,3930,14,D,YJ,OD,D
13:35:56,JSMR,RG,3930,9,D,YJ,YP,D
13:35:56,JSMR,RG,3930,1,D,NI,YP,D
13:35:56,JSMR,RG,3930,4,D,XC,YP,D
13:35:56,JSMR,RG,3930,5,D,YB,YP,D
13:35:56,JSMR,RG,3930,1,D,PD,YP,D
13:35:53,JSMR,RG,3940,1,D,NI,CC,F
13:35:42,JSMR,RG,3940,9,D,BB,CC,F
13:35:30,JSMR,RG,3940,11,D,XC,CC,F
13:35:22,JSMR,RG,3940,6,D,BB,CC,F
13:35:14,JSMR,RG,3940,5,D,YP,CC,F
13:35:02,JSMR,RG,3940,2,D,LG,CC,F
13:35:00,JSMR,RG,3940,1,D,BB,ZP,F
13:34:59,JSMR,RG,3930,1,D,PD,OD,D
13:34:59,JSMR,RG,3930,6,D,PD,OD,D
13:34:59,JSMR,RG,3930,7,D,CC,OD,D
13:34:31,JSMR,RG,3940,1,D,BB,ZP,F
13:34:25,JSMR,RG,3940,1,D,BB,ZP,F
13:34:18,JSMR,RG,3940,1,D,BB,ZP,F
13:34:03,JSMR,RG,3930,3,D,CC,XC,D
13:34:01,JSMR,RG,3930,1,D,XL,PD,D
13:34:01,JSMR,RG,3940,1,D,KK,ZP,F
13:33:57,JSMR,RG,3930,3,D,XC,OD,D
13:33:57,JSMR,RG,3930,1,D,KK,OD,D
13:33:57,JSMR,RG,3930,10,D,HD,OD,D
13:33:49,JSMR,RG,3930,1,D,KK,PD,D
13:33:14,JSMR,RG,3940,2,D,BB,CC,F
13:33:14,JSMR,RG,3940,84,D,NI,CC,F
13:33:12,JSMR,RG,3940,16,D,NI,ZP,F
13:33:00,JSMR,RG,3940,1,D,PD,CC,F
13:33:00,JSMR,RG,3940,23,D,PD,CC,F
13:33:00,JSMR,RG,3940,3,D,BB,CC,F
13:33:00,JSMR,RG,3940,3,D,BB,CC,F
13:33:00,JSMR,RG,3940,1,D,BB,CC,F
13:33:00,JSMR,RG,3940,1,D,BQ,CC,F
13:33:00,JSMR,RG,3940,5,D,YP,CC,F
13:33:00,JSMR,RG,3940,57,D,EP,CC,F
13:32:59,JSMR,RG,3940,14,D,EP,OD,D
13:32:41,JSMR,RG,3940,53,D,EP,CC,F
13:32:27,JSMR,RG,3940,2,D,EP,XL,D
13:32:26,JSMR,RG,3940,58,D,EP,CC,F
13:32:08,JSMR,RG,3940,26,D,EP,XC,D
13:31:52,JSMR,RG,3940,40,D,EP,ZP,F
13:31:52,JSMR,RG,3940,8,D,NI,ZP,F
13:31:52,JSMR,RG,3940,23,D,NI,CC,F
13:31:37,JSMR,RG,3940,1,D,NI,AK,F
13:31:37,JSMR,RG,3940,6,D,NI,XC,D
13:31:37,JSMR,RG,3940,13,D,NI,OD,D
13:31:37,JSMR,RG,3940,3,D,NI,DR,D
13:31:37,JSMR,RG,3940,12,D,NI,AK,F
13:31:37,JSMR,RG,3940,6,D,NI,AK,F
13:31:37,JSMR,RG,3940,28,D,NI,CC,F
13:31:24,JSMR,RG,3940,15,D,XL,CC,F
13:31:16,JSMR,RG,3940,43,D,YP,CC,F
13:31:16,JSMR,RG,3940,7,D,YP,CC,D
13:31:12,JSMR,RG,3940,3,D,PD,CC,D
13:31:00,JSMR,RG,3940,5,D,KK,CC,D
13:30:37,JSMR,RG,3940,10,D,NI,CC,D
13:30:18,JSMR,RG,3940,3,D,XL,CC,F
13:30:18,JSMR,RG,3940,1,D,XL,CC,F
13:30:14,JSMR,RG,3940,5,D,YP,OD,D
13:30:14,JSMR,RG,3940,1,D,YP,OD,D
13:30:14,JSMR,RG,3940,9,D,YP,OD,D
13:30:10,JSMR,RG,3930,10,D,KK,CC,D
13:30:10,JSMR,RG,3930,39,D,KK,CC,D
13:30:10,JSMR,RG,3930,30,D,AZ,CC,D
13:30:10,JSMR,RG,3930,2,D,PD,CC,D
13:30:10,JSMR,RG,3930,2,D,KK,CC,D
13:30:10,JSMR,RG,3930,2,D,PD,CC,D
13:30:10,JSMR,RG,3930,1,D,XC,CC,D
13:30:10,JSMR,RG,3930,2,D,XL,CC,D
13:30:10,JSMR,RG,3930,1,D,CC,CC,D
13:30:10,JSMR,RG,3930,16,D,CC,CC,D
13:30:10,JSMR,RG,3930,3,D,SQ,CC,D
13:30:10,JSMR,RG,3930,3,D,YP,CC,D
13:30:10,JSMR,RG,3930,50,D,YP,CC,D
13:30:10,JSMR,RG,3930,1,D,CC,CC,D
13:30:10,JSMR,RG,3930,10,D,SQ,CC,D
13:30:10,JSMR,RG,3930,3,D,PD,CC,D
13:30:10,JSMR,RG,3930,11,D,NI,CC,D
13:30:10,JSMR,RG,3940,8,D,CC,CC,D
13:30:10,JSMR,RG,3940,25,D,YP,CC,D
13:30:10,JSMR,RG,3940,6,D,XC,CC,D
13:30:10,JSMR,RG,3940,85,D,CC,CC,D
13:30:09,JSMR,RG,3950,1,D,XL,YP,D
13:30:08,JSMR,RG,3940,1,D,CC,YP,D
13:30:07,JSMR,RG,3940,9,D,CC,YP,D
13:30:06,JSMR,RG,3940,1,D,CC,XC,D
13:30:05,JSMR,RG,3940,15,D,CC,CC,D
13:30:05,JSMR,RG,3940,2,D,CC,CP,D
13:30:05,JSMR,RG,3940,6,D,CC,YP,D
13:30:05,JSMR,RG,3940,7,D,CC,PD,D
13:30:05,JSMR,RG,3940,61,D,CC,PD,D
13:30:04,JSMR,RG,3940,50,D,CC,PD,D
13:30:04,JSMR,RG,3940,1,D,CC,XC,D
13:30:03,JSMR,RG,3940,18,D,CC,AK,F
13:30:03,JSMR,RG,3940,25,D,CC,CC,D
13:30:03,JSMR,RG,3940,1,D,CC,CP,D
13:30:03,JSMR,RG,3940,5,D,CC,XC,D
13:30:03,JSMR,RG,3940,2,D,CC,XC,D
13:30:03,JSMR,RG,3940,15,D,CC,CC,D
13:30:03,JSMR,RG,3940,8,D,CC,PD,D
13:30:02,JSMR,RG,3940,104,D,CC,BK,F
13:30:02,JSMR,RG,3940,1,D,CC,XC,D
13:30:02,JSMR,RG,3940,10,D,CC,OD,D
13:30:02,JSMR,RG,3940,200,D,CC,PG,D
13:30:02,JSMR,RG,3940,10,D,CC,ZP,F
13:30:02,JSMR,RG,3940,2,D,PD,ZP,F
13:30:02,JSMR,RG,3930,20,D,NI,XC,D
13:30:02,JSMR,RG,3940,49,D,LG,ZP,F
13:30:02,JSMR,RG,3940,6,D,LG,OD,D
13:30:02,JSMR,RG,3940,12,D,LG,YP,D
13:30:02,JSMR,RG,3940,3,D,LG,ZP,F
13:30:01,JSMR,RG,3930,10,D,NI,LG,D
11:29:21,JSMR,RG,3930,8,D,NI,OD,D
11:29:13,JSMR,RG,3940,1,D,YB,ZP,F
11:29:12,JSMR,RG,3940,2,D,PD,ZP,F
11:29:00,JSMR,RG,3940,5,D,CC,ZP,F
11:28:22,JSMR,RG,3940,2,D,KK,ZP,F
11:28:19,JSMR,RG,3930,9,D,NI,OD,D
11:28:17,JSMR,RG,3930,1,D,NI,XC,D
11:28:12,JSMR,RG,3930,1,D,NI,XC,D
11:27:17,JSMR,RG,3930,10,D,NI,OD,D
11:27:11,JSMR,RG,3930,10,D,NI,PD,D
11:26:47,JSMR,RG,3940,3,D,XC,ZP,F
11:26:39,JSMR,RG,3940,1,D,PD,ZP,F
11:26:25,JSMR,RG,3930,20,D,NI,KK,D
11:26:15,JSMR,RG,3930,10,D,NI,OD,D
11:26:08,JSMR,RG,3930,2,D,NI,PD,D
11:25:51,JSMR,RG,3930,2,D,NI,PD,D
11:25:34,JSMR,RG,3950,2,D,XL,YP,D
11:25:34,JSMR,RG,3950,5,D,XL,PD,D
11:25:34,JSMR,RG,3950,1,D,XL,CC,D
11:25:21,JSMR,RG,3930,3,D,NI,OD,D
11:25:15,JSMR,RG,3940,5,D,OD,OD,D
11:25:12,JSMR,RG,3940,3,D,YP,ZP,F
11:25:04,JSMR,RG,3940,10,D,OD,PD,D
11:24:42,JSMR,RG,3950,10,D,PD,CC,D
11:24:19,JSMR,RG,3940,10,D,DR,CC,F
11:24:05,JSMR,RG,3940,9,D,DR,OD,D
11:24:05,JSMR,RG,3940,22,D,DR,ZP,F
11:24:05,JSMR,RG,3940,5,D,DR,XC,D
11:24:05,JSMR,RG,3940,54,D,DR,CC,F
11:23:58,JSMR,RG,3940,50,D,YP,CC,F
11:23:56,JSMR,RG,3940,50,D,YP,CC,F
11:23:53,JSMR,RG,3940,10,D,XC,CC,F
11:23:45,JSMR,RG,3940,10,D,CC,CC,F
11:23:16,JSMR,RG,3940,100,D,PD,CC,F
11:23:15,JSMR,RG,3930,9,D,NI,OD,D
11:23:04,JSMR,RG,3940,2,D,XC,CC,F
11:22:50,JSMR,RG,3940,7,D,XL,CC,F
11:22:13,JSMR,RG,3930,8,D,NI,OD,D
11:21:48,JSMR,RG,3940,18,D,PD,CC,F
11:21:48,JSMR,RG,3940,2,D,PD,ZP,F
11:21:46,JSMR,RG,3940,1,D,XL,ZP,F
11:21:32,JSMR,RG,3930,19,D,NI,PD,D
11:21:15,JSMR,RG,3930,9,D,NI,OD,D
11:20:47,JSMR,RG,3940,5,D,DH,CC,F
11:20:45,JSMR,RG,3940,10,D,SQ,PD,D
11:20:45,JSMR,RG,3940,15,D,NI,PD,D
11:20:41,JSMR,RG,3940,20,D,NI,YP,D
11:20:27,JSMR,RG,3940,25,D,NI,PD,D
11:20:13,JSMR,RG,3940,11,D,NI,ZP,F
11:19:38,JSMR,RG,3940,9,D,NI,OD,D
11:19:38,JSMR,RG,3940,5,D,NI,YP,D
11:19:38,JSMR,RG,3940,5,D,NI,YP,D
11:19:38,JSMR,RG,3940,82,D,NI,ZP,F
11:19:38,JSMR,RG,3940,5,D,NI,YP,D
11:19:38,JSMR,RG,3940,23,D,NI,YP,D
11:19:38,JSMR,RG,3940,10,D,NI,YP,D
11:19:38,JSMR,RG,3940,15,D,NI,YP,D
11:19:38,JSMR,RG,3940,3,D,NI,PD,D
11:19:38,JSMR,RG,3940,20,D,NI,YP,D
11:19:38,JSMR,RG,3940,5,D,NI,YB,D
11:19:38,JSMR,RG,3940,31,D,NI,CC,F
11:19:38,JSMR,RG,3940,96,D,NI,ZP,F
11:19:38,JSMR,RG,3940,2,D,NI,TP,D
11:19:38,JSMR,RG,3940,8,D,NI,DR,D
11:19:38,JSMR,RG,3940,10,D,NI,YP,D
11:19:24,JSMR,RG,3930,15,D,NI,YP,D
11:19:13,JSMR,RG,3930,8,D,NI,OD,D
11:19:08,JSMR,RG,3940,100,D,EL,YP,D
11:19:04,JSMR,RG,3930,85,D,NI,KK,D
11:18:39,JSMR,RG,3930,10,D,NI,YP,D
11:18:15,JSMR,RG,3940,1,D,NI,YP,D
11:18:13,JSMR,RG,3930,10,D,NI,OD,D
11:17:54,JSMR,RG,3940,11,D,PD,YP,D
11:17:11,JSMR,RG,3930,9,D,NI,OD,D
11:17:05,JSMR,RG,3930,1,D,NI,ZP,D
11:17:05,JSMR,RG,3930,9,D,YB,ZP,D
11:17:01,JSMR,RG,3940,1,D,NI,YP,D
11:16:30,JSMR,RG,3930,1,D,YB,YP,D
11:16:30,JSMR,RG,3930,19,D,SQ,YP,D
11:16:14,JSMR,RG,3930,20,D,SQ,YP,D
11:16:13,JSMR,RG,3930,9,D,SQ,OD,D
11:16:11,JSMR,RG,3940,27,D,NI,YP,D
11:16:11,JSMR,RG,3940,20,D,NI,CC,D
11:16:11,JSMR,RG,3940,17,D,NI,ZP,F
11:16:11,JSMR,RG,3940,200,D,NI,YP,D
11:16:11,JSMR,RG,3940,10,D,NI,XC,D
11:16:11,JSMR,RG,3940,26,D,NI,DX,D
11:15:19,JSMR,RG,3930,2,D,SQ,PD,D
11:15:13,JSMR,RG,3930,7,D,SQ,OD,D
11:14:38,JSMR,RG,3940,1,D,EP,DX,D
11:14:38,JSMR,RG,3940,5,D,XL,DX,D
11:14:16,JSMR,RG,3930,1,D,SQ,CC,D
11:14:13,JSMR,RG,3930,5,D,SQ,CC,D
11:14:11,JSMR,RG,3930,6,D,SQ,OD,D
11:13:09,JSMR,RG,3930,6,D,SQ,OD,D
11:13:09,JSMR,RG,3930,5,D,SQ,PD,D
11:12:09,JSMR,RG,3930,6,D,SQ,OD,D
11:11:09,JSMR,RG,3930,6,D,SQ,OD,D
11:10:41,JSMR,RG,3940,1,D,PD,DX,D
11:10:07,JSMR,RG,3930,6,D,SQ,OD,D
11:09:39,JSMR,RG,3930,1,D,SQ,NI,D
11:09:26,JSMR,RG,3930,5,D,SQ,YP,D
11:09:24,JSMR,RG,3930,1,D,SQ,XC,D
11:09:09,JSMR,RG,3930,7,D,SQ,OD,D
11:08:57,JSMR,RG,3930,3,D,SQ,YP,D
11:08:47,JSMR,RG,3930,11,D,SQ,EP,D
11:08:28,JSMR,RG,3930,15,D,SQ,PD,D
11:08:09,JSMR,RG,3930,6,D,SQ,OD,D
11:08:09,JSMR,RG,3940,2,D,PD,DX,D
11:07:56,JSMR,RG,3940,25,D,XC,DX,D
11:07:09,JSMR,RG,3930,6,D,SQ,OD,D
11:06:39,JSMR,RG,3930,1,D,SQ,PD,D
11:06:16,JSMR,RG,3940,1,D,XL,DX,D
11:06:11,JSMR,RG,3930,6,D,SQ,OD,D
11:06:02,JSMR,RG,3930,13,D,SQ,OD,D
11:05:11,JSMR,RG,3930,4,D,SQ,NI,D
11:05:09,JSMR,RG,3930,7,D,SQ,OD,D
11:04:38,JSMR,RG,3940,1,D,XC,DX,D
11:04:33,JSMR,RG,3940,1,D,XC,DX,D
11:04:32,JSMR,RG,3940,12,D,XL,DX,D
11:04:32,JSMR,RG,3940,6,D,XL,ZP,F
11:04:32,JSMR,RG,3940,7,D,XL,CC,D
11:04:29,JSMR,RG,3940,1,D,XC,CC,D
11:04:18,JSMR,RG,3940,2,D,KK,CC,D
11:04:18,JSMR,RG,3940,3,D,KK,YP,D
11:04:09,JSMR,RG,3930,6,D,SQ,OD,D
11:03:47,JSMR,RG,3930,1,D,SQ,EP,D
11:02:26,JSMR,RG,3930,13,D,SQ,SQ,D
11:02:22,JSMR,RG,3930,6,D,SQ,OD,D
11:02:22,JSMR,RG,3930,50,D,SQ,DH,D
11:02:22,JSMR,RG,3930,4,D,SQ,KK,D
11:02:22,JSMR,RG,3930,153,D,SQ,BK,F
11:02:22,JSMR,RG,3930,583,D,SQ,LG,D
11:02:16,JSMR,RG,3920,7,D,PD,PD,D
11:02:16,JSMR,RG,3920,13,D,NI,PD,D
11:02:11,JSMR,RG,3920,7,D,NI,OD,D
11:01:37,JSMR,RG,3920,74,D,NI,EP,D
11:01:32,JSMR,RG,3920,20,D,NI,YP,D
11:01:24,JSMR,RG,3920,31,D,NI,CC,D
11:01:14,JSMR,RG,3920,10,D,NI,PD,D
11:01:13,JSMR,RG,3920,7,D,NI,OD,D
11:01:03,JSMR,RG,3930,2,D,KK,LG,D
11:00:51,JSMR,RG,3920,8,D,NI,AK,F
11:00:51,JSMR,RG,3930,10,D,XC,LG,D
11:00:51,JSMR,RG,3930,1,D,XL,LG,D
11:00:51,JSMR,RG,3930,3,D,AZ,LG,D
11:00:51,JSMR,RG,3930,1,D,NI,LG,D
11:00:51,JSMR,RG,3930,5,D,CC,LG,D
11:00:51,JSMR,RG,3930,20,D,YP,LG,D
11:00:51,JSMR,RG,3930,10,D,PD,LG,D
11:00:51,JSMR,RG,3930,100,D,NI,LG,D
11:00:51,JSMR,RG,3930,1,D,PD,LG,D
11:00:51,JSMR,RG,3930,5,D,CC,LG,D
11:00:51,JSMR,RG,3930,100,D,PD,LG,D
11:00:51,JSMR,RG,3930,3,D,XC,LG,D
11:00:51,JSMR,RG,3930,1,D,BQ,LG,D
11:00:51,JSMR,RG,3930,1,D,XC,LG,D
11:00:51,JSMR,RG,3930,1,D,TP,LG,D
11:00:51,JSMR,RG,3930,3,D,YP,LG,D
11:00:51,JSMR,RG,3930,5,D,SQ,LG,D
11:00:51,JSMR,RG,3930,5,D,PD,LG,D
11:00:51,JSMR,RG,3930,1,D,XC,LG,D
11:00:51,JSMR,RG,3930,5,D,SH,LG,D
11:00:51,JSMR,RG,3930,75,D,KI,LG,D
11:00:51,JSMR,RG,3930,10,D,YB,LG,D
11:00:51,JSMR,RG,3930,1,D,XC,LG,D
11:00:51,JSMR,RG,3930,10,D,PD,LG,D
11:00:51,JSMR,RG,3930,2,D,YP,LG,D
11:00:51,JSMR,RG,3930,2,D,XC,LG,D
11:00:51,JSMR,RG,3930,1,D,XC,LG,D
11:00:51,JSMR,RG,3930,1,D,LG,LG,D
11:00:51,JSMR,RG,3930,100,D,NI,LG,D
11:00:51,JSMR,RG,3930,8,D,PD,LG,D
11:00:31,JSMR,RG,3930,1,D,PD,AK,F
11:00:31,JSMR,RG,3930,1,D,PD,YB,D
11:00:15,JSMR,RG,3930,7,D,PD,OD,D
10:59:52,JSMR,RG,3930,1,D,PD,XC,D
10:59:41,JSMR,RG,3930,3,D,PD,AK,F
10:59:25,JSMR,RG,3940,2,D,XC,YP,D
10:59:11,JSMR,RG,3930,6,D,PD,OD,D
10:59:08,JSMR,RG,3940,20,D,LG,YP,D
10:59:08,JSMR,RG,3940,14,D,LG,XC,D
10:59:08,JSMR,RG,3940,2,D,LG,CC,D
10:59:08,JSMR,RG,3940,14,D,LG,PD,D
10:59:00,JSMR,RG,3940,6,D,XC,PD,D
10:59:00,JSMR,RG,3940,3,D,XC,KK,D
10:59:00,JSMR,RG,3940,5,D,XC,XC,D
10:58:26,JSMR,RG,3930,15,D,PD,YP,D
10:58:13,JSMR,RG,3930,6,D,PD,OD,D
10:57:35,JSMR,RG,3930,2,D,PD,PD,D
10:57:35,JSMR,RG,3930,30,D,YP,PD,D
10:57:35,JSMR,RG,3930,10,D,CC,PD,D
10:57:35,JSMR,RG,3930,10,D,XC,PD,D
10:57:35,JSMR,RG,3930,68,D,NI,PD,D
10:57:11,JSMR,RG,3930,6,D,NI,OD,D
10:56:24,JSMR,RG,3930,5,D,NI,EP,D
10:56:13,JSMR,RG,3930,6,D,NI,OD,D
10:56:00,JSMR,RG,3930,10,D,NI,YP,D
10:55:15,JSMR,RG,3930,5,D,NI,OD,D
10:55:15,JSMR,RG,3930,2,D,SQ,OD,D
10:54:51,JSMR,RG,3930,2,D,SQ,PD,D
10:54:51,JSMR,RG,3930,1,D,DR,PD,D
10:54:17,JSMR,RG,3930,6,D,DR,OD,D
10:54:16,JSMR,RG,3940,5,D,YB,XC,D
10:54:07,JSMR,RG,3930,4,D,DR,EP,D
10:53:19,JSMR,RG,3930,6,D,DR,OD,D
10:53:19,JSMR,RG,3930,1,D,DR,XC,D
10:53:15,JSMR,RG,3930,10,D,DR,YP,D
10:53:07,JSMR,RG,3930,3,D,DR,SQ,D
10:52:29,JSMR,RG,3930,44,D,DR,XC,D
10:52:21,JSMR,RG,3930,3,D,DR,OD,D
10:52:21,JSMR,RG,3930,3,D,NI,OD,D
10:51:21,JSMR,RG,3930,6,D,NI,OD,D
10:50:37,JSMR,RG,3930,41,D,NI,CC,D
10:50:37,JSMR,RG,3930,1,D,CC,CC,D
10:50:37,JSMR,RG,3930,2,D,NI,CC,D
10:50:37,JSMR,RG,3930,6,D,NI,CC,D
10:50:35,JSMR,RG,3930,10,D,NI,NI,D
10:50:21,JSMR,RG,3930,7,D,NI,OD,D
10:50:19,JSMR,RG,3930,50,D,NI,DR,D
10:49:47,JSMR,RG,3930,24,D,NI,XL,D
10:49:45,JSMR,RG,3930,2,D,NI,XC,D
10:49:23,JSMR,RG,3930,5,D,NI,OD,D
10:48:32,JSMR,RG,3940,1,D,XL,KK,D
10:48:25,JSMR,RG,3930,7,D,NI,OD,D
10:47:40,JSMR,RG,3940,1,D,XL,KK,D
10:47:40,JSMR,RG,3930,20,D,NI,YP,D
10:47:35,JSMR,RG,3930,2,D,NI,XC,D
10:47:10,JSMR,RG,3930,1,D,NI,XC,D
10:47:06,JSMR,RG,3930,66,D,NI,AI,D
10:47:00,JSMR,RG,3930,2,D,YP,XC,D
10:47:00,JSMR,RG,3930,6,D,CC,XC,D
10:47:00,JSMR,RG,3930,2,D,SQ,XC,D
10:46:50,JSMR,RG,3930,3,D,SQ,YP,D
10:46:45,JSMR,RG,3930,1,D,PD,YP,D
10:46:44,JSMR,RG,3920,30,D,NI,DR,D
10:46:44,JSMR,RG,3920,5,D,PD,DR,D
10:46:44,JSMR,RG,3920,38,D,YP,DR,D
10:46:44,JSMR,RG,3920,2,D,YP,DR,D
10:46:44,JSMR,RG,3920,1,D,XC,DR,D
10:46:44,JSMR,RG,3920,10,D,XC,DR,D
10:46:44,JSMR,RG,3920,1,D,YP,DR,D
10:46:44,JSMR,RG,3920,3,D,XC,DR,D
10:46:44,JSMR,RG,3920,3,D,YP,DR,D
10:46:44,JSMR,RG,3920,20,D,XC,DR,D
10:46:44,JSMR,RG,3920,1,D,PD,DR,D
10:46:44,JSMR,RG,3920,2,D,XL,DR,D
10:46:44,JSMR,RG,3920,3,D,XC,DR,D
10:46:44,JSMR,RG,3920,50,D,SQ,DR,D
10:46:44,JSMR,RG,3920,5,D,DR,DR,D
10:46:44,JSMR,RG,3920,20,D,CC,DR,D
10:46:44,JSMR,RG,3920,1,D,XC,DR,D
10:46:44,JSMR,RG,3920,3,D,KK,DR,D
10:46:44,JSMR,RG,3920,5,D,PD,DR,D
10:46:44,JSMR,RG,3920,10,D,YB,DR,D
10:46:44,JSMR,RG,3920,2,D,YP,DR,D
10:46:44,JSMR,RG,3920,2,D,XC,DR,D
10:46:44,JSMR,RG,3920,11,D,XC,DR,D
10:46:44,JSMR,RG,3920,5,D,XC,DR,D
10:46:44,JSMR,RG,3920,10,D,MG,DR,D
10:46:44,JSMR,RG,3920,4,D,XC,DR,D
10:46:44,JSMR,RG,3920,3,D,XC,DR,D
10:46:44,JSMR,RG,3920,1,D,NI,DR,D
10:46:44,JSMR,RG,3920,50,D,AH,DR,D
10:46:37,JSMR,RG,3930,3,D,PD,OD,D
10:46:35,JSMR,RG,3920,7,D,AH,YP,D
10:46:33,JSMR,RG,3930,4,F,BK,OD,D
10:46:33,JSMR,RG,3930,36,F,BK,YP,D
10:46:33,JSMR,RG,3930,1,F,BK,XC,D
10:46:33,JSMR,RG,3930,2,F,BK,ZP,F
10:46:33,JSMR,RG,3930,28,F,BK,ZP,F
10:46:33,JSMR,RG,3930,80,F,BK,YP,D
10:46:28,JSMR,RG,3930,40,F,BK,YP,D
10:46:28,JSMR,RG,3930,5,F,BK,SQ,D
10:46:28,JSMR,RG,3930,6,F,BK,MG,D
10:46:27,JSMR,RG,3930,4,F,BK,MG,D
10:46:27,JSMR,RG,3930,3,F,BK,YP,D
10:46:27,JSMR,RG,3930,13,F,BK,PD,D
10:46:27,JSMR,RG,3930,5,F,BK,EP,D
10:46:27,JSMR,RG,3930,65,F,BK,AZ,D
10:46:27,JSMR,RG,3930,1,F,BK,PD,D
10:46:27,JSMR,RG,3930,2,F,BK,YP,D
10:46:27,JSMR,RG,3930,45,F,BK,PD,D
10:46:27,JSMR,RG,3930,13,F,BK,ZP,F
10:46:27,JSMR,RG,3930,19,F,BK,ZP,F
10:46:27,JSMR,RG,3930,132,F,BK,AT,D
10:46:26,JSMR,RG,3930,151,F,BK,AT,D
10:46:25,JSMR,RG,3930,151,F,BK,AT,D
10:46:25,JSMR,RG,3930,66,D,ZP,AT,D
10:46:25,JSMR,RG,3930,34,D,ZP,SQ,D
10:46:23,JSMR,RG,3930,10,D,CC,SQ,D
10:46:23,JSMR,RG,3920,6,D,AH,OD,D
10:46:17,JSMR,RG,3930,1,D,CC,SQ,D
10:46:13,JSMR,RG,3930,1,D,PD,SQ,D
10:46:09,JSMR,RG,3930,4,D,CC,SQ,D
10:46:09,JSMR,RG,3930,1,D,CC,PD,D
10:45:59,JSMR,RG,3930,3,D,YP,PD,D
10:45:56,JSMR,RG,3930,1,D,SQ,XC,D
10:45:56,JSMR,RG,3930,3,D,SQ,SQ,D
10:45:56,JSMR,RG,3930,1,D,SQ,XC,D
10:45:47,JSMR,RG,3930,2,D,OD,XC,D
10:45:39,JSMR,RG,3930,30,D,YP,BK,F
10:45:39,JSMR,RG,3920,37,D,AH,NI,D
10:45:39,JSMR,RG,3920,12,D,LG,NI,D
10:45:39,JSMR,RG,3920,1,D,XC,NI,D
10:45:25,JSMR,RG,3920,6,D,CC,OD,D
10:45:13,JSMR,RG,3930,2,D,XC,BK,F
10:44:50,JSMR,RG,3920,10,D,CC,PD,D
10:44:44,JSMR,RG,3920,3,D,CC,YP,D
10:44:28,JSMR,RG,3930,1,D,GR,BK,F
10:44:27,JSMR,RG,3920,1,D,CC,OD,D
10:44:27,JSMR,RG,3920,1,D,XC,OD,D
10:44:27,JSMR,RG,3920,5,D,SQ,OD,D
10:44:26,JSMR,RG,3920,1,D,SQ,XC,D
10:44:09,JSMR,RG,3920,4,D,SQ,YP,D
10:44:09,JSMR,RG,3920,8,D,KK,YP,D
10:44:08,JSMR,RG,3920,7,D,KK,CC,D
10:44:08,JSMR,RG,3920,1,D,NI,CC,D
10:44:08,JSMR,RG,3920,15,D,SQ,CC,D
10:44:08,JSMR,RG,3920,2,D,YP,CC,D
10:43:58,JSMR,RG,3920,3,D,YP,PD,D
10:43:58,JSMR,RG,3920,3,D,NI,PD,D
10:43:58,JSMR,RG,3920,28,D,CC,PD,D
10:43:56,JSMR,RG,3920,5,D,CC,AZ,D
10:43:49,JSMR,RG,3920,1,D,CC,PD,D
10:43:48,JSMR,RG,3920,6,D,CC,NI,D
10:43:36,JSMR,RG,3920,10,D,CC,PD,D
10:43:36,JSMR,RG,3920,10,D,PD,PD,D
10:43:35,JSMR,RG,3920,2,D,PD,YP,D
10:43:35,JSMR,RG,3920,1,D,XC,YP,D
10:43:35,JSMR,RG,3920,1,D,XC,YP,D
10:43:35,JSMR,RG,3920,5,D,SQ,YP,D
10:43:35,JSMR,RG,3920,10,D,XC,YP,D
10:43:35,JSMR,RG,3920,1,D,PD,YP,D
10:43:33,JSMR,RG,3920,1,D,YP,LG,D
10:43:33,JSMR,RG,3920,1,D,YP,LG,D
10:43:33,JSMR,RG,3920,10,D,CP,LG,D
10:43:33,JSMR,RG,3920,1,D,XC,LG,D
10:43:33,JSMR,RG,3920,3,D,XC,LG,D
10:43:33,JSMR,RG,3920,1,D,YP,LG,D
10:43:33,JSMR,RG,3920,1,D,PD,LG,D
10:43:33,JSMR,RG,3920,5,D,XA,LG,D
10:43:33,JSMR,RG,3920,1,D,LG,LG,D
10:43:33,JSMR,RG,3920,5,D,XC,LG,D
10:43:33,JSMR,RG,3920,71,D,NI,LG,D
10:43:25,JSMR,RG,3920,7,D,NI,OD,D
10:43:23,JSMR,RG,3920,3,D,NI,YP,D
10:43:13,JSMR,RG,3920,3,D,NI,XC,D
10:43:09,JSMR,RG,3920,3,D,NI,XC,D
10:43:09,JSMR,RG,3920,20,D,NI,AZ,D
10:43:05,JSMR,RG,3920,1,D,NI,XC,D
10:43:05,JSMR,RG,3920,2,D,NI,GR,D
10:43:05,JSMR,RG,3920,30,D,NI,AI,D
10:43:00,JSMR,RG,3920,20,D,NI,CC,D
10:42:59,JSMR,RG,3920,5,D,NI,XC,D
10:42:58,JSMR,RG,3920,50,D,NI,LG,D
10:42:56,JSMR,RG,3920,6,D,NI,LG,D
10:42:55,JSMR,RG,3920,5,D,NI,XL,D
10:42:42,JSMR,RG,3920,1,D,NI,XC,D
10:42:40,JSMR,RG,3920,13,D,NI,CC,D
10:42:38,JSMR,RG,3920,60,D,NI,PD,D
10:42:38,JSMR,RG,3920,5,D,PD,PD,D
10:42:34,JSMR,RG,3920,5,D,PD,EP,D
10:42:34,JSMR,RG,3920,1,D,SQ,EP,D
10:42:28,JSMR,RG,3920,10,D,KK,GR,D
10:42:28,JSMR,RG,3920,2,D,XL,GR,D
10:42:28,JSMR,RG,3920,1,D,YP,GR,D
10:42:28,JSMR,RG,3920,1,D,KK,GR,D
10:42:28,JSMR,RG,3920,2,D,KK,GR,D
10:42:28,JSMR,RG,3920,10,D,LG,GR,D
10:42:28,JSMR,RG,3920,2,D,KK,GR,D
10:42:28,JSMR,RG,3920,72,D,YP,GR,D
10:42:25,JSMR,RG,3920,6,D,YP,OD,D
10:42:24,JSMR,RG,3920,5,D,YP,AI,D
10:42:20,JSMR,RG,3920,1,D,YP,XL,D
10:42:19,JSMR,RG,3920,2,D,YP,XC,D
10:42:18,JSMR,RG,3920,14,D,YP,DR,D
10:42:18,JSMR,RG,3920,6,D,YP,DR,D
10:42:14,JSMR,RG,3920,8,D,YP,XC,D
10:42:09,JSMR,RG,3920,1,D,YP,PD,D
10:42:08,JSMR,RG,3920,6,D,YP,PD,D
10:42:07,JSMR,RG,3920,29,D,YP,YP,D
10:42:07,JSMR,RG,3920,5,D,GR,YP,D
10:42:07,JSMR,RG,3920,2,D,PD,YP,D
10:42:07,JSMR,RG,3920,1,D,CC,YP,D
10:42:07,JSMR,RG,3920,3,D,PD,YP,D
10:42:07,JSMR,RG,3920,1,D,XC,YP,D
10:42:07,JSMR,RG,3920,1,D,XC,YP,D
10:42:07,JSMR,RG,3920,3,D,PD,YP,D
10:42:07,JSMR,RG,3920,55,D,DR,YP,D
10:42:00,JSMR,RG,3920,10,D,DR,XL,D
10:41:58,JSMR,RG,3920,1,D,DR,PD,D
10:41:54,JSMR,RG,3920,2,D,DR,PD,D
10:41:48,JSMR,RG,3920,8,D,DR,PD,D
10:41:48,JSMR,RG,3920,7,D,SQ,PD,D
10:41:48,JSMR,RG,3920,2,D,SQ,SQ,D
10:41:43,JSMR,RG,3920,1,D,SQ,XC,D
10:41:33,JSMR,RG,3930,9,D,AZ,XC,D
10:41:33,JSMR,RG,3930,11,D,AZ,NI,D
10:41:30,JSMR,RG,3930,1,D,EP,NI,D
10:41:29,JSMR,RG,3930,1,D,YP,NI,D
10:41:29,JSMR,RG,3930,2,D,XC,NI,D
10:41:29,JSMR,RG,3930,1,D,XC,NI,D
10:41:29,JSMR,RG,3930,2,D,AZ,NI,D
10:41:28,JSMR,RG,3930,3,D,AZ,YP,D
10:41:28,JSMR,RG,3930,1,D,PD,YP,D
10:41:28,JSMR,RG,3930,31,D,YP,YP,D
10:41:28,JSMR,RG,3930,19,D,YP,XC,D
10:41:28,JSMR,RG,3930,3,D,DX,XC,D
10:41:28,JSMR,RG,3930,1,D,XC,XC,D
10:41:28,JSMR,RG,3930,2,D,CD,XC,D
10:41:27,JSMR,RG,3930,28,D,CD,YP,D
10:41:27,JSMR,RG,3930,50,D,NI,YP,D
10:41:27,JSMR,RG,3930,3,D,OD,YP,D
10:41:27,JSMR,RG,3930,1,D,CC,YP,D
10:41:27,JSMR,RG,3930,3,D,DH,YP,D
10:41:27,JSMR,RG,3930,5,D,DR,YP,D
10:41:27,JSMR,RG,3930,7,D,XC,YP,D
10:41:27,JSMR,RG,3930,8,D,YP,YP,D
10:41:27,JSMR,RG,3930,1,D,NI,YP,D
10:41:27,JSMR,RG,3930,1,D,XC,YP,D
10:41:27,JSMR,RG,3930,25,D,XC,YP,D
10:41:27,JSMR,RG,3930,5,D,DH,YP,D
10:41:27,JSMR,RG,3930,3,D,XC,YP,D
10:41:27,JSMR,RG,3930,3,D,XL,YP,D
10:41:27,JSMR,RG,3930,5,D,XA,YP,D
10:41:27,JSMR,RG,3930,2,D,XC,YP,D
10:41:27,JSMR,RG,3930,1,D,CC,YP,D
10:41:27,JSMR,RG,3930,5,D,PD,YP,D
10:41:27,JSMR,RG,3930,10,D,YP,YP,D
10:41:27,JSMR,RG,3930,2,D,PD,YP,D
10:41:27,JSMR,RG,3930,2,D,XL,YP,D
10:41:27,JSMR,RG,3930,2,D,YP,YP,D
10:41:27,JSMR,RG,3930,10,D,KK,YP,D
10:41:27,JSMR,RG,3930,1,D,XC,YP,D
10:41:27,JSMR,RG,3930,42,D,NI,YP,D
10:41:24,JSMR,RG,3930,20,D,NI,AZ,D
10:41:22,JSMR,RG,3930,29,D,NI,XC,D
10:41:18,JSMR,RG,3930,9,D,NI,PD,D
10:41:18,JSMR,RG,3930,1,D,PD,PD,D
10:41:14,JSMR,RG,3940,4,D,OD,ZP,F
10:41:14,JSMR,RG,3940,6,D,OD,SQ,D
10:41:08,JSMR,RG,3940,10,D,PD,SQ,D
10:41:08,JSMR,RG,3940,84,D,NI,SQ,D
10:41:05,JSMR,RG,3940,9,D,NI,XC,D
10:40:55,JSMR,RG,3940,7,D,NI,PD,D
10:40:46,JSMR,RG,3940,15,D,NI,YP,D
10:40:37,JSMR,RG,3940,23,D,GR,BK,F
10:40:37,JSMR,RG,3940,6,D,GR,OD,D
10:40:37,JSMR,RG,3940,2,D,GR,YP,D
10:40:37,JSMR,RG,3940,30,D,GR,ZP,F
10:40:37,JSMR,RG,3940,1,D,GR,XC,D
10:40:37,JSMR,RG,3940,20,D,GR,YU,D
10:40:37,JSMR,RG,3940,168,D,GR,CC,F
10:40:23,JSMR,RG,3930,1,D,NI,OD,D
10:40:23,JSMR,RG,3930,2,D,SQ,OD,D
10:40:23,JSMR,RG,3930,1,D,YP,OD,D
10:40:23,JSMR,RG,3930,1,D,YP,OD,D
10:40:23,JSMR,RG,3930,1,D,XL,OD,D
10:40:19,JSMR,RG,3930,1,D,XL,YP,D
10:40:19,JSMR,RG,3930,29,D,AZ,YP,D
10:40:12,JSMR,RG,3930,5,D,AZ,NI,D
10:40:08,JSMR,RG,3930,5,D,AZ,XC,D
10:39:56,JSMR,RG,3930,15,D,AZ,LG,D
10:39:31,JSMR,RG,3930,26,D,AZ,EP,D
10:39:31,JSMR,RG,3930,5,D,DX,EP,D
10:39:31,JSMR,RG,3930,3,D,XC,EP,D
10:39:31,JSMR,RG,3930,10,D,NI,EP,D
10:39:31,JSMR,RG,3930,5,D,CP,EP,D
10:39:31,JSMR,RG,3930,1,D,DH,EP,D
10:39:21,JSMR,RG,3930,4,D,DH,OD,D
10:39:21,JSMR,RG,3930,2,D,AZ,OD,D
10:39:17,JSMR,RG,3940,17,D,XC,CC,F
10:39:11,JSMR,RG,3940,2,D,YP,CC,F
10:38:39,JSMR,RG,3940,3,D,XC,CC,F
10:38:24,JSMR,RG,3940,2,D,XC,CC,F
10:38:21,JSMR,RG,3930,6,D,AZ,OD,D
10:37:50,JSMR,RG,3940,5,D,XC,CC,F
10:37:44,JSMR,RG,3930,2,D,AZ,CC,D
10:37:44,JSMR,RG,3930,1,D,PD,CC,D
10:37:36,JSMR,RG,3930,14,D,PD,CD,D
10:37:36,JSMR,RG,3930,16,D,LG,CD,D
10:37:34,JSMR,RG,3940,9,D,YP,CC,F
10:37:27,JSMR,RG,3930,8,D,LG,PD,D
10:37:27,JSMR,RG,3930,5,D,NI,PD,D
10:37:24,JSMR,RG,3930,3,D,NI,OD,D
10:37:16,JSMR,RG,3930,15,D,NI,BQ,D
10:36:56,JSMR,RG,3930,25,D,NI,PD,D
10:36:54,JSMR,RG,3940,3,D,AZ,OD,D
10:36:54,JSMR,RG,3940,2,D,AZ,ZP,F
10:36:19,JSMR,RG,3930,6,D,NI,OD,D
10:36:13,JSMR,RG,3940,3,D,PD,CC,F
10:36:13,JSMR,RG,3940,1,D,XC,CC,F
10:36:05,JSMR,RG,3940,5,D,CD,CC,F
10:36:05,JSMR,RG,3940,5,D,KK,CC,F
10:36:05,JSMR,RG,3940,10,D,DX,CC,F
10:36:05,JSMR,RG,3940,1,D,CC,CC,F
10:36:05,JSMR,RG,3940,5,D,PD,CC,F
10:36:05,JSMR,RG,3940,4,D,NI,CC,F
10:36:05,JSMR,RG,3940,6,D,YB,CC,F
10:36:05,JSMR,RG,3940,66,D,NI,CC,F
10:36:01,JSMR,RG,3940,10,D,NI,HP,D
10:35:58,JSMR,RG,3940,24,D,NI,CC,F
10:35:58,JSMR,RG,3940,1,D,PD,CC,F
10:35:58,JSMR,RG,3940,16,D,DR,CC,F
10:35:56,JSMR,RG,3940,13,D,DR,ZP,F
10:35:48,JSMR,RG,3940,3,D,DR,YP,D
10:35:28,JSMR,RG,3950,2,D,XC,CC,D
10:35:17,JSMR,RG,3940,6,D,DR,OD,D
10:35:04,JSMR,RG,3950,5,D,YP,CC,D
10:35:01,JSMR,RG,3950,1,D,PD,CC,D
10:34:52,JSMR,RG,3950,1,D,XC,CC,D
10:34:52,JSMR,RG,3950,1,D,XC,PD,D
10:34:51,JSMR,RG,3950,3,D,KK,PD,D
10:34:51,JSMR,RG,3950,2,D,KK,YP,D
10:34:49,JSMR,RG,3950,1,D,XC,YP,D
10:34:09,JSMR,RG,3950,2,D,XC,YP,D
10:34:05,JSMR,RG,3940,6,D,DR,OD,D
10:34:05,JSMR,RG,3940,32,D,DR,ZP,F
10:34:05,JSMR,RG,3940,121,D,DR,BK,F
10:34:05,JSMR,RG,3940,3,D,DR,SQ,D
10:33:57,JSMR,RG,3940,2,D,XC,SQ,D
10:33:53,JSMR,RG,3940,2,D,PD,SQ,D
10:33:47,JSMR,RG,3930,25,D,NI,PD,D
10:33:38,JSMR,RG,3930,9,D,NI,XC,D
10:33:35,JSMR,RG,3940,3,D,XC,SQ,D
10:33:28,JSMR,RG,3930,20,D,NI,XC,D
10:33:17,JSMR,RG,3930,5,D,NI,OD,D
10:32:58,JSMR,RG,3930,10,D,NI,YP,D
10:32:52,JSMR,RG,3940,2,D,PD,SQ,D
10:32:52,JSMR,RG,3940,10,D,XC,SQ,D
10:32:52,JSMR,RG,3940,2,D,YP,SQ,D
10:32:47,JSMR,RG,3940,3,D,YP,ZP,F
10:32:47,JSMR,RG,3940,7,D,PD,ZP,F
10:32:42,JSMR,RG,3940,3,D,PD,CC,D
10:32:42,JSMR,RG,3940,2,D,EP,CC,D
10:32:42,JSMR,RG,3940,2,D,YP,CC,D
10:32:42,JSMR,RG,3940,2,D,XL,CC,D
10:32:42,JSMR,RG,3940,4,D,XC,CC,D
10:32:42,JSMR,RG,3940,4,D,XC,CC,D
10:32:42,JSMR,RG,3940,6,D,XC,CP,D
10:32:42,JSMR,RG,3940,10,D,SQ,CP,D
10:32:42,JSMR,RG,3940,10,D,GR,CP,D
10:32:42,JSMR,RG,3940,20,D,YU,CP,D
10:32:42,JSMR,RG,3940,5,D,XL,CP,D
10:32:42,JSMR,RG,3940,5,D,XC,CP,D
10:32:42,JSMR,RG,3940,15,D,PD,CP,D
10:32:42,JSMR,RG,3940,4,D,XC,CP,D
10:32:42,JSMR,RG,3940,25,D,CD,CP,D
10:32:36,JSMR,RG,3950,1,D,PD,SQ,D
10:32:24,JSMR,RG,3940,1,D,NI,XC,D
10:32:18,JSMR,RG,3940,7,D,NI,OD,D
10:31:54,JSMR,RG,3940,1,D,NI,SQ,D
10:31:14,JSMR,RG,3940,6,D,NI,OD,D
10:30:57,JSMR,RG,3940,6,D,NI,EP,D
10:30:20,JSMR,RG,3940,1,D,NI,LG,D
10:30:19,JSMR,RG,3940,2,D,NI,PD,D
10:29:43,JSMR,RG,3940,8,D,NI,NI,D
10:29:29,JSMR,RG,3940,7,D,NI,OD,D
10:29:29,JSMR,RG,3940,10,D,NI,ZP,F
10:29:29,JSMR,RG,3940,51,D,NI,BK,F
10:29:15,JSMR,RG,3940,120,D,NI,BK,F
10:29:15,JSMR,RG,3940,19,D,NI,PD,D
10:29:15,JSMR,RG,3940,60,D,NI,HP,D
10:29:15,JSMR,RG,3940,1,D,NI,DR,D
10:29:11,JSMR,RG,3930,7,D,NI,OD,D
10:28:41,JSMR,RG,3930,2,D,NI,XC,D
10:28:34,JSMR,RG,3930,10,D,NI,XC,D
10:28:19,JSMR,RG,3930,2,D,NI,XC,D
10:28:08,JSMR,RG,3930,12,D,NI,LG,D
10:27:59,JSMR,RG,3930,1,D,NI,PD,D
10:27:59,JSMR,RG,3930,5,D,NI,OD,D
10:27:59,JSMR,RG,3930,38,D,NI,PD,D
10:27:56,JSMR,RG,3930,62,D,PD,PD,D
10:27:56,JSMR,RG,3930,10,D,PD,YB,D
10:27:56,JSMR,RG,3930,28,D,PD,ZP,F
10:27:56,JSMR,RG,3930,3,D,OD,ZP,F
10:27:54,JSMR,RG,3920,35,D,DR,CD,D
10:27:51,JSMR,RG,3930,3,D,HP,ZP,F
10:27:51,JSMR,RG,3930,2,D,HP,BK,F
10:27:45,JSMR,RG,3930,5,D,XA,BK,F
10:27:43,JSMR,RG,3920,4,D,DR,XC,D
10:27:37,JSMR,RG,3930,200,D,KK,BK,F
10:27:27,JSMR,RG,3920,1,D,DR,NI,D
10:27:14,JSMR,RG,3920,22,D,DR,SQ,D
10:27:13,JSMR,RG,3920,6,D,DR,OD,D
10:27:09,JSMR,RG,3920,10,D,DR,CC,D
10:27:09,JSMR,RG,3920,5,D,DR,PD,D
10:27:05,JSMR,RG,3920,3,D,DR,XC,D
10:27:04,JSMR,RG,3930,10,D,PD,BK,F
10:26:58,JSMR,RG,3920,22,D,DR,PD,D
10:26:54,JSMR,RG,3920,3,D,DR,XA,D
10:26:50,JSMR,RG,3920,10,D,DR,XC,D
10:26:45,JSMR,RG,3920,3,D,DR,XC,D
10:26:34,JSMR,RG,3920,9,D,DR,DH,D
10:26:26,JSMR,RG,3930,1,D,XC,BK,F
10:26:26,JSMR,RG,3930,9,D,XC,PD,D
10:26:25,JSMR,RG,3930,1,D,XC,PD,D
10:26:25,JSMR,RG,3930,1,D,NI,PD,D
10:26:22,JSMR,RG,3920,2,D,DR,YP,D
10:26:18,JSMR,RG,3930,10,D,CP,PD,D
10:26:17,JSMR,RG,3920,1,D,DR,PD,D
10:26:10,JSMR,RG,3930,1,D,XC,PD,D
10:26:01,JSMR,RG,3920,3,D,DR,XC,D
10:26:00,JSMR,RG,3920,6,D,DR,SQ,D
10:26:00,JSMR,RG,3920,2,D,LG,SQ,D
10:26:00,JSMR,RG,3920,5,D,XC,SQ,D
10:26:00,JSMR,RG,3920,5,D,CC,SQ,D
10:26:00,JSMR,RG,3920,10,D,DH,SQ,D
10:26:00,JSMR,RG,3920,3,D,SQ,SQ,D
10:26:00,JSMR,RG,3920,5,D,CC,SQ,D
10:26:00,JSMR,RG,3920,10,D,LG,SQ,D
10:26:00,JSMR,RG,3920,2,D,LG,SQ,D
10:26:00,JSMR,RG,3920,25,D,YP,SQ,D
10:26:00,JSMR,RG,3920,2,D,NI,SQ,D
10:26:00,JSMR,RG,3920,80,D,EP,SQ,D
10:26:00,JSMR,RG,3920,5,D,XC,SQ,D
10:26:00,JSMR,RG,3920,1,D,EP,SQ,D
10:26:00,JSMR,RG,3920,1,D,XA,SQ,D
10:26:00,JSMR,RG,3920,2,D,AZ,SQ,D
10:26:00,JSMR,RG,3920,1,D,LG,SQ,D
10:26:00,JSMR,RG,3920,10,D,YP,SQ,D
10:26:00,JSMR,RG,3920,300,D,DR,SQ,D
10:26:00,JSMR,RG,3920,15,D,KK,SQ,D
10:26:00,JSMR,RG,3920,5,D,LG,SQ,D
10:26:00,JSMR,RG,3920,25,D,DR,SQ,D
10:26:00,JSMR,RG,3920,13,D,XL,SQ,D
10:26:00,JSMR,RG,3920,10,D,LG,SQ,D
10:26:00,JSMR,RG,3920,50,D,IP,SQ,D
10:26:00,JSMR,RG,3920,3,D,LG,SQ,D
10:26:00,JSMR,RG,3920,2,D,PD,SQ,D
10:26:00,JSMR,RG,3920,5,D,PD,SQ,D
10:26:00,JSMR,RG,3920,100,D,DR,SQ,D
10:26:00,JSMR,RG,3920,8,D,XC,SQ,D
10:26:00,JSMR,RG,3920,10,D,DR,SQ,D
10:26:00,JSMR,RG,3920,23,D,KK,SQ,D
10:25:52,JSMR,RG,3920,2,D,KK,XC,D
10:25:52,JSMR,RG,3920,1,D,KK,XC,D
10:25:52,JSMR,RG,3930,3,D,XC,PD,D
10:25:52,JSMR,RG,3930,5,D,XC,OD,D
10:25:49,JSMR,RG,3920,4,D,KK,KK,D
10:25:49,JSMR,RG,3920,1,D,AZ,KK,D
10:25:49,JSMR,RG,3920,1,D,PD,KK,D
10:25:49,JSMR,RG,3920,7,D,YB,KK,D
10:25:49,JSMR,RG,3920,20,D,YB,PD,D
10:25:49,JSMR,RG,3920,3,D,YB,PD,D
10:25:49,JSMR,RG,3930,1,D,XL,OD,D
10:25:48,JSMR,RG,3920,10,D,YB,XL,D
10:25:44,JSMR,RG,3930,1,D,OD,YU,D
10:25:43,JSMR,RG,3930,10,D,SQ,YU,D
10:25:40,JSMR,RG,3930,30,D,CP,YU,D
10:25:40,JSMR,RG,3930,5,D,DX,YU,D
10:25:40,JSMR,RG,3930,1,D,XC,YU,D
10:25:40,JSMR,RG,3930,1,D,PD,YU,D
10:25:40,JSMR,RG,3930,1,D,XC,YU,D
10:25:40,JSMR,RG,3930,10,D,YP,YU,D
10:25:40,JSMR,RG,3930,12,D,XC,YU,D
10:25:40,JSMR,RG,3930,7,D,PD,YU,D
10:25:40,JSMR,RG,3930,1,D,XC,YU,D
10:25:40,JSMR,RG,3930,21,D,DR,YU,D
10:25:37,JSMR,RG,3930,29,D,DR,AO,D
10:25:37,JSMR,RG,3930,3,D,YB,AO,D
10:25:37,JSMR,RG,3930,18,D,XC,AO,D
10:25:37,JSMR,RG,3930,10,D,YB,AO,D
10:25:37,JSMR,RG,3930,10,D,YP,AO,D
10:25:37,JSMR,RG,3930,3,D,KK,AO,D
10:25:37,JSMR,RG,3930,20,D,PD,AO,D
10:25:37,JSMR,RG,3930,1,D,PD,AO,D
10:25:37,JSMR,RG,3930,106,D,XL,AO,D
10:25:36,JSMR,RG,3930,6,D,XL,ZP,D
10:25:36,JSMR,RG,3930,24,D,PD,ZP,D
10:25:34,JSMR,RG,3940,1,D,XC,ZP,F
10:25:31,JSMR,RG,3930,3,D,PD,YP,D
10:25:31,JSMR,RG,3930,50,D,PD,CC,D
10:25:28,JSMR,RG,3930,1,D,PD,XC,D
10:25:28,JSMR,RG,3930,22,D,PD,AO,D
10:25:28,JSMR,RG,3930,10,D,CC,AO,D
10:25:28,JSMR,RG,3930,1,D,CC,AO,D
10:25:28,JSMR,RG,3930,50,D,NI,AO,D
10:25:28,JSMR,RG,3930,10,D,YP,AO,D
10:25:28,JSMR,RG,3930,1,D,XC,AO,D
10:25:28,JSMR,RG,3930,1,D,XC,AO,D
10:25:28,JSMR,RG,3930,1,D,YP,AO,D
10:25:28,JSMR,RG,3930,10,D,EP,AO,D
10:25:28,JSMR,RG,3930,5,D,CC,AO,D
10:25:28,JSMR,RG,3930,1,D,YP,AO,D
10:25:28,JSMR,RG,3930,15,D,PD,AO,D
10:25:28,JSMR,RG,3930,3,D,XC,AO,D
10:25:28,JSMR,RG,3930,5,D,XC,AO,D
10:25:28,JSMR,RG,3930,25,D,AI,AO,D
10:25:28,JSMR,RG,3930,1,D,CC,AO,D
10:25:28,JSMR,RG,3930,8,D,CC,AO,D
10:25:28,JSMR,RG,3930,1,D,AT,AO,D
10:25:28,JSMR,RG,3930,3,D,YP,AO,D
10:25:28,JSMR,RG,3930,2,D,PD,AO,D
10:25:28,JSMR,RG,3930,2,D,PD,AO,D
10:25:28,JSMR,RG,3930,3,D,NI,AO,D
10:25:28,JSMR,RG,3930,30,D,AZ,AO,D
10:25:28,JSMR,RG,3930,200,D,NI,AO,D
10:25:28,JSMR,RG,3930,1,D,XC,AO,D
10:25:28,JSMR,RG,3930,1,D,XL,AO,D
10:25:28,JSMR,RG,3930,5,D,CC,AO,D
10:25:28,JSMR,RG,3930,20,D,HP,AO,D
10:25:28,JSMR,RG,3930,10,D,NI,AO,D
10:25:28,JSMR,RG,3930,3,D,AZ,AO,D
10:25:28,JSMR,RG,3930,15,D,YB,AO,D
10:25:28,JSMR,RG,3930,1,D,CC,AO,D
10:25:28,JSMR,RG,3930,1,D,SQ,AO,D
10:25:28,JSMR,RG,3930,33,D,XC,AO,D
10:25:26,JSMR,RG,3940,5,D,YU,ZP,F
10:25:25,JSMR,RG,3930,17,D,XC,AO,D
10:25:25,JSMR,RG,3930,100,D,YP,AO,D
10:25:25,JSMR,RG,3930,10,D,NI,AO,D
10:25:25,JSMR,RG,3930,5,D,PD,AO,D
10:25:25,JSMR,RG,3930,2,D,SQ,AO,D
10:25:25,JSMR,RG,3930,2,D,NI,AO,D
10:25:25,JSMR,RG,3930,5,D,DX,AO,D
10:25:25,JSMR,RG,3930,1,D,XA,AO,D
10:25:25,JSMR,RG,3930,10,D,PD,AO,D
10:25:25,JSMR,RG,3930,2,D,AZ,AO,D
10:25:25,JSMR,RG,3930,3,D,YB,AO,D
10:25:25,JSMR,RG,3930,5,D,KK,AO,D
10:25:25,JSMR,RG,3930,4,D,XC,AO,D
10:25:25,JSMR,RG,3930,126,D,YP,AO,D
10:25:23,JSMR,RG,3930,74,D,YP,YP,D
10:25:23,JSMR,RG,3930,6,D,PD,YP,D
10:25:23,JSMR,RG,3930,10,D,YP,YP,D
10:25:23,JSMR,RG,3930,9,D,LG,YP,D
10:25:23,JSMR,RG,3940,2,D,YP,AO,D
10:25:17,JSMR,RG,3930,27,D,LG,YP,D
10:25:17,JSMR,RG,3930,13,D,LG,YP,D
10:25:17,JSMR,RG,3930,3,D,YP,YP,D
10:25:17,JSMR,RG,3930,5,D,CC,YP,D
10:25:17,JSMR,RG,3930,2,D,YP,YP,D
10:25:12,JSMR,RG,3930,80,D,YP,YP,D
10:25:11,JSMR,RG,3930,5,D,YP,YP,D
10:25:09,JSMR,RG,3940,1,D,YP,AO,D
10:25:09,JSMR,RG,3940,10,D,CD,AO,D
10:25:08,JSMR,RG,3930,7,D,YP,OD,D
10:25:08,JSMR,RG,3940,20,D,SQ,AO,D
10:25:04,JSMR,RG,3930,3,D,YP,XC,D
10:25:01,JSMR,RG,3930,6,D,YP,CC,D
10:25:01,JSMR,RG,3930,8,D,YP,YB,D
10:25:01,JSMR,RG,3930,7,D,YP,YB,D
10:25:00,JSMR,RG,3930,10,D,YP,PD,D
10:25:00,JSMR,RG,3930,2,D,XC,PD,D
10:25:00,JSMR,RG,3930,1,D,PD,PD,D
10:25:00,JSMR,RG,3930,1,D,PD,PD,D
10:25:00,JSMR,RG,3930,15,D,SQ,PD,D
10:25:00,JSMR,RG,3930,21,D,KK,PD,D
10:25:00,JSMR,RG,3930,9,D,KK,PD,D
10:25:00,JSMR,RG,3930,1,D,PD,PD,D
10:25:00,JSMR,RG,3930,9,D,PD,XL,D
10:25:00,JSMR,RG,3930,1,D,AZ,XL,D
10:25:00,JSMR,RG,3930,5,D,AZ,XL,D
10:25:00,JSMR,RG,3930,10,D,ZP,XL,D
10:24:46,JSMR,RG,3940,5,D,XA,AO,D
10:24:45,JSMR,RG,3940,25,D,YP,AO,D
10:24:42,JSMR,RG,3940,1,D,YP,AO,D
10:24:42,JSMR,RG,3940,5,D,YP,AO,D
10:24:42,JSMR,RG,3940,1,D,XC,AO,D
10:24:42,JSMR,RG,3940,24,D,XL,AO,D
10:24:42,JSMR,RG,3940,50,D,YP,AO,D
10:24:42,JSMR,RG,3940,7,D,LG,AO,D
10:24:42,JSMR,RG,3940,57,D,NI,AO,D
10:24:34,JSMR,RG,3940,43,D,NI,YP,D
10:24:34,JSMR,RG,3940,10,D,DH,YP,D
10:24:34,JSMR,RG,3940,53,D,NI,YP,D
10:24:34,JSMR,RG,3940,25,D,CC,YP,D
10:24:34,JSMR,RG,3940,1,D,XC,YP,D
10:24:34,JSMR,RG,3940,1,D,XC,YP,D
10:24:34,JSMR,RG,3940,17,D,HD,YP,D
10:24:32,JSMR,RG,3940,3,D,HD,XL,D
10:24:32,JSMR,RG,3940,1,D,KK,XL,D
10:24:32,JSMR,RG,3940,1,D,PD,XL,D
10:24:32,JSMR,RG,3940,1,D,PD,XL,D
10:24:32,JSMR,RG,3940,6,D,NI,XL,D
10:24:32,JSMR,RG,3940,1,D,PD,XL,D
10:24:32,JSMR,RG,3940,100,D,PD,XL,D
10:24:32,JSMR,RG,3940,3,D,XL,XL,D
10:24:32,JSMR,RG,3940,1,D,PD,XL,D
10:24:32,JSMR,RG,3940,1,D,YP,XL,D
10:24:32,JSMR,RG,3940,1,D,XC,XL,D
10:24:32,JSMR,RG,3940,10,D,YP,XL,D
10:24:32,JSMR,RG,3940,1,D,YP,XL,D
10:24:32,JSMR,RG,3940,5,D,EP,XL,D
10:24:32,JSMR,RG,3940,60,D,YP,XL,D
10:24:30,JSMR,RG,3940,10,D,YP,XC,D
10:24:22,JSMR,RG,3940,30,D,YP,XC,D
10:24:17,JSMR,RG,3940,1,D,YP,XC,D
10:24:16,JSMR,RG,3940,1,D,YP,EP,D
10:24:16,JSMR,RG,3940,4,D,XC,EP,D
10:24:11,JSMR,RG,3940,3,D,XC,NI,D
10:24:11,JSMR,RG,3940,1,D,XC,NI,D
10:24:11,JSMR,RG,3940,1,D,KK,NI,D
10:24:06,JSMR,RG,3940,1,D,KK,OD,D
10:24:06,JSMR,RG,3940,1,D,XL,OD,D
10:24:06,JSMR,RG,3940,1,D,KK,OD,D
10:24:06,JSMR,RG,3940,4,D,SQ,OD,D
10:24:04,JSMR,RG,3940,1,D,SQ,CD,D
10:24:04,JSMR,RG,3940,8,D,XC,CD,D
10:24:04,JSMR,RG,3940,11,D,CC,CD,D
10:24:03,JSMR,RG,3940,10,D,CC,PD,D
10:24:03,JSMR,RG,3950,1,D,EP,CC,F
10:24:01,JSMR,RG,3940,3,D,CC,YP,D
10:23:45,JSMR,RG,3940,6,D,CC,YB,D
10:23:45,JSMR,RG,3940,2,D,XC,YB,D
10:23:45,JSMR,RG,3940,2,D,XC,YB,D
10:23:43,JSMR,RG,3940,1,D,XC,PD,D
10:23:43,JSMR,RG,3940,2,D,PD,PD,D
10:23:43,JSMR,RG,3940,1,D,YP,AO,D
10:23:43,JSMR,RG,3940,108,D,CC,AO,D
10:23:43,JSMR,RG,3940,5,D,XC,AO,D
10:23:43,JSMR,RG,3940,3,D,XL,AO,D
10:23:43,JSMR,RG,3940,2,D,YP,AO,D
10:23:43,JSMR,RG,3940,1,D,CC,AO,D
10:23:43,JSMR,RG,3940,5,D,KK,AO,D
10:23:43,JSMR,RG,3940,5,D,YP,AO,D
10:23:43,JSMR,RG,3940,5,D,KK,AO,D
10:23:43,JSMR,RG,3940,1,D,YP,AO,D
10:23:43,JSMR,RG,3940,1,D,YP,AO,D
10:23:43,JSMR,RG,3940,100,D,NI,AO,D
10:23:43,JSMR,RG,3940,3,D,CC,AO,D
10:23:43,JSMR,RG,3940,1,D,XL,AO,D
10:23:43,JSMR,RG,3940,2,D,XL,AO,D
10:23:43,JSMR,RG,3940,5,D,CC,AO,D
10:23:43,JSMR,RG,3940,25,D,PD,AO,D
10:23:43,JSMR,RG,3940,10,D,NI,AO,D
10:23:43,JSMR,RG,3940,2,D,XL,AO,D
10:23:43,JSMR,RG,3940,50,D,DX,AO,D
10:23:43,JSMR,RG,3940,10,D,HD,AO,D
10:23:43,JSMR,RG,3940,3,D,OD,AO,D
10:23:43,JSMR,RG,3940,1,D,CC,AO,D
10:23:43,JSMR,RG,3940,1,D,XC,AO,D
10:23:43,JSMR,RG,3940,25,D,PD,AO,D
10:23:43,JSMR,RG,3940,1,D,SQ,AO,D
10:23:43,JSMR,RG,3940,9,D,MG,AO,D
10:23:43,JSMR,RG,3940,1,D,DH,AO,D
10:23:43,JSMR,RG,3940,5,D,LS,AO,D
10:23:43,JSMR,RG,3940,1,D,NI,AO,D
10:23:43,JSMR,RG,3940,10,D,EP,AO,D
10:23:43,JSMR,RG,3940,1,D,XA,AO,D
10:23:43,JSMR,RG,3940,2,D,AZ,AO,D
10:23:43,JSMR,RG,3940,25,D,YP,AO,D
10:23:43,JSMR,RG,3940,1,D,YP,AO,D
10:23:43,JSMR,RG,3940,1,D,YP,AO,D
10:23:43,JSMR,RG,3940,5,D,SQ,AO,D
10:23:43,JSMR,RG,3940,1,D,YP,AO,D
10:23:43,JSMR,RG,3940,5,D,LG,AO,D
10:23:43,JSMR,RG,3940,5,D,PD,AO,D
10:23:43,JSMR,RG,3940,10,D,PD,AO,D
10:23:43,JSMR,RG,3940,5,D,PD,AO,D
10:23:43,JSMR,RG,3940,1,D,PD,AO,D
10:23:43,JSMR,RG,3940,1,D,AZ,AO,D
10:23:43,JSMR,RG,3940,35,D,EP,AO,D
10:23:37,JSMR,RG,3950,1,D,XL,CC,F
10:23:34,JSMR,RG,3940,2,D,EP,XC,D
10:23:31,JSMR,RG,3940,13,D,EP,YP,D
10:23:31,JSMR,RG,3940,5,D,DR,YP,D
10:23:31,JSMR,RG,3940,2,D,YB,YP,D
10:23:31,JSMR,RG,3950,7,D,YP,CC,F
10:23:30,JSMR,RG,3940,1,D,YB,PD,D
10:23:28,JSMR,RG,3950,1,D,XC,CC,F
10:23:09,JSMR,RG,3950,3,D,PD,AK,F
10:23:09,JSMR,RG,3950,1,D,KK,AK,F
10:23:09,JSMR,RG,3950,5,D,XC,AK,F
10:23:09,JSMR,RG,3950,2,D,PD,AK,F
10:23:09,JSMR,RG,3950,11,D,YP,AK,F
10:23:09,JSMR,RG,3950,1,D,XC,AK,F
10:23:09,JSMR,RG,3950,2,D,YP,AK,F
10:23:09,JSMR,RG,3950,19,D,YP,AK,F
10:23:09,JSMR,RG,3950,7,D,YP,AK,F
10:23:09,JSMR,RG,3950,1,D,LG,AK,F
10:23:09,JSMR,RG,3950,4,D,DX,AK,F
10:23:09,JSMR,RG,3950,100,D,AH,AK,F
10:23:09,JSMR,RG,3950,3,D,XC,AK,F
10:23:09,JSMR,RG,3950,5,D,XC,AK,F
10:23:09,JSMR,RG,3950,10,D,YP,AK,F
10:23:09,JSMR,RG,3950,1,D,PD,AK,F
10:23:08,JSMR,RG,3950,2,D,PD,AK,F
10:23:08,JSMR,RG,3950,1,D,PD,AK,F
10:23:08,JSMR,RG,3950,20,D,YP,AK,F
10:23:08,JSMR,RG,3950,10,D,CC,AK,F
10:23:08,JSMR,RG,3950,20,D,PD,AK,F
10:23:08,JSMR,RG,3950,10,D,YP,AK,F
10:23:08,JSMR,RG,3950,3,D,NI,AK,F
10:23:08,JSMR,RG,3950,29,D,NI,AK,F
10:23:08,JSMR,RG,3950,20,D,OD,AK,F
10:23:08,JSMR,RG,3950,1,D,PD,AK,F
10:23:08,JSMR,RG,3950,1,D,CC,AK,F
10:23:08,JSMR,RG,3950,4,D,XC,AK,F
10:23:08,JSMR,RG,3950,5,D,KK,AK,F
10:23:08,JSMR,RG,3950,1,D,BQ,AK,F
10:23:08,JSMR,RG,3950,4,D,CC,AK,F
10:23:08,JSMR,RG,3950,1,D,CC,ZP,F
10:23:08,JSMR,RG,3950,2,D,XC,ZP,F
10:23:08,JSMR,RG,3950,3,D,PD,ZP,F
10:23:08,JSMR,RG,3950,1,D,YP,ZP,F
10:23:08,JSMR,RG,3950,2,D,YP,ZP,F
10:23:08,JSMR,RG,3950,18,D,XC,ZP,F
10:23:07,JSMR,RG,3950,2,D,XC,AK,F
10:23:07,JSMR,RG,3950,1,D,CC,AK,F
10:23:07,JSMR,RG,3950,10,D,XL,AK,F
10:23:07,JSMR,RG,3950,1,D,XL,AK,F
10:23:07,JSMR,RG,3950,25,D,CC,AK,F
10:23:07,JSMR,RG,3950,50,D,DR,AK,F
10:23:07,JSMR,RG,3950,2,D,NI,AK,F
10:23:07,JSMR,RG,3950,20,D,CC,AK,F
10:23:07,JSMR,RG,3950,20,D,CC,AK,F
10:23:07,JSMR,RG,3950,480,D,CC,BK,F
10:23:07,JSMR,RG,3950,1,D,PD,BK,F
10:23:07,JSMR,RG,3950,1,D,XC,BK,F
10:23:07,JSMR,RG,3950,1,D,PD,BK,F
10:23:07,JSMR,RG,3950,1,D,XC,BK,F
10:23:07,JSMR,RG,3950,20,D,CC,BK,F
10:23:07,JSMR,RG,3950,1,D,KK,BK,F
10:23:07,JSMR,RG,3950,1,D,YP,BK,F
10:23:07,JSMR,RG,3950,1,D,YU,BK,F
10:23:07,JSMR,RG,3950,25,D,YP,BK,F
10:23:07,JSMR,RG,3950,1,D,LG,BK,F
10:23:07,JSMR,RG,3950,63,D,DX,BK,F
10:23:07,JSMR,RG,3950,10,D,DH,BK,F
10:23:07,JSMR,RG,3950,1,D,XC,BK,F
10:23:07,JSMR,RG,3950,1,D,XC,BK,F
10:23:07,JSMR,RG,3950,3,D,XC,BK,F
10:23:07,JSMR,RG,3950,1,D,PD,BK,F
10:23:07,JSMR,RG,3950,3,D,YP,BK,F
10:23:07,JSMR,RG,3950,2,D,YP,BK,F
10:23:07,JSMR,RG,3950,5,D,XL,BK,F
10:23:07,JSMR,RG,3950,2,D,YP,BK,F
10:23:07,JSMR,RG,3950,10,D,YP,BK,F
10:23:07,JSMR,RG,3950,5,D,SQ,BK,F
10:23:07,JSMR,RG,3950,1,D,XC,BK,F
10:23:07,JSMR,RG,3950,20,D,EP,BK,F
10:23:07,JSMR,RG,3950,7,D,PD,BK,F
10:23:07,JSMR,RG,3950,1,D,BQ,BK,F
10:23:07,JSMR,RG,3950,5,D,YP,BK,F
10:23:07,JSMR,RG,3950,2,D,XC,BK,F
10:23:07,JSMR,RG,3950,1,D,XL,BK,F
10:23:07,JSMR,RG,3950,5,D,KK,BK,F
10:23:07,JSMR,RG,3950,22,D,HP,BK,F
10:23:07,JSMR,RG,3950,5,D,XC,BK,F
10:23:07,JSMR,RG,3950,1,D,YP,BK,F
10:23:07,JSMR,RG,3950,5,D,PD,BK,F
10:23:07,JSMR,RG,3950,10,D,MG,BK,F
10:23:07,JSMR,RG,3950,200,D,NI,BK,F
10:23:07,JSMR,RG,3950,1,D,OD,BK,F
10:23:07,JSMR,RG,3950,4,D,XC,BK,F
10:23:07,JSMR,RG,3950,1,D,XL,BK,F
10:23:07,JSMR,RG,3950,1,D,DH,BK,F
10:23:07,JSMR,RG,3950,2,D,PD,BK,F
10:23:07,JSMR,RG,3950,10,D,OD,BK,F
10:23:07,JSMR,RG,3950,5,D,XC,BK,F
10:23:07,JSMR,RG,3950,10,D,YP,BK,F
10:23:07,JSMR,RG,3950,1,D,PD,BK,F
10:23:07,JSMR,RG,3950,1,D,CC,BK,F
10:23:07,JSMR,RG,3950,5,D,LG,BK,F
10:23:07,JSMR,RG,3950,1,D,CC,BK,F
10:23:07,JSMR,RG,3950,3,D,YP,BK,F
10:23:07,JSMR,RG,3950,1,D,PD,BK,F
10:23:07,JSMR,RG,3950,10,D,CC,BK,F
10:23:07,JSMR,RG,3950,2,D,LG,BK,F
10:23:07,JSMR,RG,3950,5,D,CC,BK,F
10:23:07,JSMR,RG,3950,50,D,AZ,BK,F
10:23:07,JSMR,RG,3950,2,D,YP,BK,F
10:23:07,JSMR,RG,3950,3,D,SQ,BK,F
10:23:07,JSMR,RG,3950,5,D,CC,BK,F
10:23:07,JSMR,RG,3950,3,D,PD,BK,F
10:23:07,JSMR,RG,3950,2,D,PC,BK,F
10:23:07,JSMR,RG,3950,2,D,YP,BK,F
10:23:07,JSMR,RG,3950,5,D,OD,BK,F
10:23:07,JSMR,RG,3950,2,D,NI,BK,F
10:23:07,JSMR,RG,3950,3,D,PD,BK,F
10:23:07,JSMR,RG,3950,1,D,NI,BK,F
10:23:06,JSMR,RG,3950,131,D,NI,AK,F
10:23:05,JSMR,RG,3950,68,D,NI,AK,F
10:23:05,JSMR,RG,3950,10,D,XC,AK,F
10:23:05,JSMR,RG,3950,10,D,YP,AK,F
10:23:05,JSMR,RG,3950,5,D,GR,AK,F
10:23:05,JSMR,RG,3950,1,D,PD,AK,F
10:23:05,JSMR,RG,3950,26,D,PD,AK,F
10:23:05,JSMR,RG,3950,5,D,GR,AK,F
10:23:05,JSMR,RG,3950,1,D,DR,AK,F
10:23:05,JSMR,RG,3950,5,D,SQ,AK,F
10:23:04,JSMR,RG,3950,5,D,SQ,OD,D
10:22:57,JSMR,RG,3950,4,D,SQ,AK,F
10:22:57,JSMR,RG,3950,4,D,YU,AK,F
10:22:57,JSMR,RG,3950,1,D,CC,AK,F
10:22:57,JSMR,RG,3950,5,D,CC,AK,F
10:22:57,JSMR,RG,3950,10,D,CC,AK,F
10:22:57,JSMR,RG,3950,5,D,CC,AK,F
10:22:57,JSMR,RG,3950,2,D,YB,AK,F
10:22:57,JSMR,RG,3950,13,D,DR,AK,F
10:22:57,JSMR,RG,3950,5,D,DR,PD,D
10:22:56,JSMR,RG,3950,32,D,DR,CC,D
10:22:56,JSMR,RG,3950,1,D,PD,CC,D
10:22:56,JSMR,RG,3950,17,D,YP,CC,D
10:22:42,JSMR,RG,3960,1,D,XC,LG,D
10:22:42,JSMR,RG,3960,3,D,PD,LG,D
10:22:42,JSMR,RG,3960,2,D,NI,LG,D
10:22:42,JSMR,RG,3960,5,D,YP,LG,D
10:22:42,JSMR,RG,3960,1,D,PD,LG,D
10:22:42,JSMR,RG,3960,10,D,HD,LG,D
10:22:42,JSMR,RG,3960,5,D,XA,LG,D
10:22:42,JSMR,RG,3960,100,D,NI,LG,D
10:22:42,JSMR,RG,3960,3,D,PD,LG,D
10:22:42,JSMR,RG,3960,1,D,YP,LG,D
10:22:42,JSMR,RG,3960,1,D,XC,LG,D
10:22:42,JSMR,RG,3960,1,D,KK,LG,D
10:22:42,JSMR,RG,3960,2,D,PD,LG,D
10:22:42,JSMR,RG,3960,25,D,XL,LG,D
10:22:42,JSMR,RG,3960,3,D,XC,LG,D
10:22:42,JSMR,RG,3960,1,D,XC,LG,D
10:22:42,JSMR,RG,3960,1,D,YP,LG,D
10:22:42,JSMR,RG,3960,1,D,XC,LG,D
10:22:42,JSMR,RG,3960,1,D,YP,LG,D
10:22:42,JSMR,RG,3960,10,D,XC,LG,D
10:22:42,JSMR,RG,3960,1,D,LG,LG,D
10:22:42,JSMR,RG,3960,25,D,PD,LG,D
10:22:42,JSMR,RG,3960,6,D,CC,LG,D
10:22:42,JSMR,RG,3960,1,D,PD,LG,D
10:22:42,JSMR,RG,3960,10,D,NI,LG,D
10:22:42,JSMR,RG,3960,20,D,DR,LG,D
10:22:42,JSMR,RG,3960,25,D,YP,LG,D
10:22:42,JSMR,RG,3960,9,D,AH,LG,D
10:22:39,JSMR,RG,3960,4,D,AH,PD,D
10:22:25,JSMR,RG,3960,87,D,AH,DH,D
10:22:25,JSMR,RG,3960,20,D,XC,DH,D
10:22:25,JSMR,RG,3960,10,D,YB,DH,D
10:22:25,JSMR,RG,3960,1,D,XC,DH,D
10:22:25,JSMR,RG,3960,50,D,CP,DH,D
10:22:25,JSMR,RG,3960,4,D,PD,DH,D
10:22:25,JSMR,RG,3960,2,D,XL,DH,D
10:22:25,JSMR,RG,3960,100,D,CC,DH,D
10:22:25,JSMR,RG,3960,3,D,XC,DH,D
10:22:25,JSMR,RG,3960,100,D,NI,DH,D
10:22:25,JSMR,RG,3960,10,D,YJ,DH,D
10:22:25,JSMR,RG,3960,25,D,YP,DH,D
10:22:25,JSMR,RG,3960,10,D,YP,DH,D
10:22:25,JSMR,RG,3960,3,D,XC,DH,D
10:22:25,JSMR,RG,3960,2,D,XC,DH,D
10:22:25,JSMR,RG,3960,2,D,NI,DH,D
10:22:25,JSMR,RG,3960,3,D,YP,DH,D
10:22:25,JSMR,RG,3960,1,D,XC,DH,D
10:22:25,JSMR,RG,3960,10,D,XC,DH,D
10:22:25,JSMR,RG,3960,7,D,PD,DH,D
10:22:09,JSMR,RG,3960,5,D,PD,XL,D
10:22:09,JSMR,RG,3960,6,D,NI,XL,D
10:22:08,JSMR,RG,3960,7,D,NI,OD,D
10:21:38,JSMR,RG,3960,2,D,NI,XC,D
10:21:06,JSMR,RG,3960,5,D,NI,OD,D
10:20:55,JSMR,RG,3970,4,D,SQ,PD,D
10:20:55,JSMR,RG,3970,3,D,SQ,AK,F
10:20:55,JSMR,RG,3970,43,D,SQ,ZP,F
10:20:53,JSMR,RG,3970,6,D,XL,ZP,F
10:20:24,JSMR,RG,3970,2,D,PD,ZP,F
10:20:13,JSMR,RG,3960,1,D,NI,YP,D
10:20:06,JSMR,RG,3960,6,D,NI,OD,D
10:19:56,JSMR,RG,3960,1,D,YP,XL,D
10:19:56,JSMR,RG,3960,25,D,SQ,XL,D
10:19:44,JSMR,RG,3960,15,D,SQ,CC,D
10:19:26,JSMR,RG,3960,3,D,SQ,XL,D
10:19:09,JSMR,RG,3970,5,D,YP,AK,F
10:19:09,JSMR,RG,3970,10,D,XC,AK,F
10:19:09,JSMR,RG,3970,2,D,XC,AK,F
10:19:09,JSMR,RG,3970,1,D,XC,AK,F
10:19:09,JSMR,RG,3970,3,D,XC,AK,F
10:19:09,JSMR,RG,3970,2,D,XC,AK,F
10:19:09,JSMR,RG,3970,50,D,SQ,AK,F
10:19:09,JSMR,RG,3970,13,D,XC,AK,F
10:19:08,JSMR,RG,3970,7,D,XC,PD,D
10:19:06,JSMR,RG,3970,2,D,YP,OD,D
10:19:06,JSMR,RG,3970,1,D,PD,OD,D
10:19:06,JSMR,RG,3970,4,D,OD,OD,D
10:18:24,JSMR,RG,3970,7,D,OD,XC,D
10:18:06,JSMR,RG,3970,6,D,OD,OD,D
10:17:58,JSMR,RG,3970,1,D,OD,PD,D
10:17:39,JSMR,RG,3970,1,D,OD,NI,D
10:17:04,JSMR,RG,3970,5,D,OD,OD,D
10:17:00,JSMR,RG,3970,5,D,OD,SQ,D
10:16:04,JSMR,RG,3970,6,D,OD,OD,D
10:15:46,JSMR,RG,3980,1,D,XC,PD,D
10:15:24,JSMR,RG,3980,8,D,SQ,EP,D
10:15:24,JSMR,RG,3980,8,D,SQ,YP,D
10:15:24,JSMR,RG,3980,43,D,SQ,YP,D
10:15:06,JSMR,RG,3970,6,D,OD,OD,D
10:14:08,JSMR,RG,3970,6,D,OD,OD,D
10:13:57,JSMR,RG,3970,1,D,OD,XC,D
10:13:50,JSMR,RG,3970,2,D,OD,DR,D
10:13:50,JSMR,RG,3970,8,D,NI,DR,D
10:13:06,JSMR,RG,3970,5,D,NI,OD,D
10:13:05,JSMR,RG,3970,20,D,NI,IF,D
10:12:06,JSMR,RG,3970,6,D,NI,OD,D
10:12:05,JSMR,RG,3970,1,D,NI,YB,D
10:11:45,JSMR,RG,3980,7,D,AI,YP,D
10:11:45,JSMR,RG,3980,3,D,AI,PD,D
10:11:10,JSMR,RG,3970,28,D,NI,ZP,F
10:11:10,JSMR,RG,3970,5,D,NI,DR,D
10:11:10,JSMR,RG,3970,1,D,NI,XC,D
10:11:10,JSMR,RG,3970,8,D,NI,YP,D
10:11:10,JSMR,RG,3970,10,D,NI,NI,D
10:11:10,JSMR,RG,3970,4,D,NI,PD,D
10:11:10,JSMR,RG,3970,4,D,NI,ZP,F
10:11:06,JSMR,RG,3960,6,D,SQ,OD,D
10:10:59,JSMR,RG,3970,2,D,YP,ZP,F
10:10:47,JSMR,RG,3970,6,D,PD,ZP,F
10:10:47,JSMR,RG,3970,10,D,PD,YP,D
10:10:47,JSMR,RG,3970,34,D,PD,BK,F
10:10:43,JSMR,RG,3970,59,D,YB,BK,F
10:10:43,JSMR,RG,3970,41,D,YB,ZP,F
10:10:30,JSMR,RG,3970,25,D,XL,AK,F
10:10:06,JSMR,RG,3960,5,D,SQ,OD,D
10:09:50,JSMR,RG,3970,5,D,YB,AK,F
10:09:44,JSMR,RG,3960,4,D,SQ,DH,D
10:09:37,JSMR,RG,3960,12,D,SQ,XC,D
10:09:06,JSMR,RG,3960,7,D,SQ,OD,D
10:09:02,JSMR,RG,3970,1,D,NI,AK,F
10:08:54,JSMR,RG,3970,1,D,XC,AK,F
10:08:08,JSMR,RG,3960,5,D,SQ,OD,D
10:08:05,JSMR,RG,3960,18,D,SQ,DR,D
10:08:05,JSMR,RG,3960,1,D,PD,DR,D
10:08:05,JSMR,RG,3960,2,D,XC,DR,D
10:08:05,JSMR,RG,3960,1,D,YP,DR,D
10:08:05,JSMR,RG,3960,1,D,YB,DR,D
10:08:05,JSMR,RG,3960,1,D,KK,DR,D
10:08:05,JSMR,RG,3960,2,D,KK,DR,D
10:08:05,JSMR,RG,3960,1,D,XC,DR,D
10:08:05,JSMR,RG,3960,6,D,NI,DR,D
10:08:05,JSMR,RG,3960,1,D,YP,DR,D
10:08:05,JSMR,RG,3960,5,D,PD,DR,D
10:08:05,JSMR,RG,3960,20,D,YP,DR,D
10:08:05,JSMR,RG,3960,1,D,XC,DR,D
10:08:05,JSMR,RG,3960,1,D,XC,DR,D
10:08:05,JSMR,RG,3960,1,D,XC,DR,D
10:08:05,JSMR,RG,3960,10,D,KK,DR,D
10:08:05,JSMR,RG,3960,1,D,CC,DR,D
10:08:05,JSMR,RG,3960,5,D,YP,DR,D
10:07:23,JSMR,RG,3960,1,D,YP,CC,D
10:07:12,JSMR,RG,3960,4,D,YP,OD,D
10:07:12,JSMR,RG,3960,1,D,DX,OD,D
10:07:00,JSMR,RG,3960,2,D,SQ,NI,D
10:07:00,JSMR,RG,3960,1,D,CC,NI,D
10:07:00,JSMR,RG,3960,10,D,CC,NI,D
10:07:00,JSMR,RG,3960,10,D,NI,NI,D
10:06:27,JSMR,RG,3960,1,D,NI,XC,D
10:06:12,JSMR,RG,3960,6,D,NI,OD,D
10:06:06,JSMR,RG,3960,1,D,NI,XC,D
10:06:00,JSMR,RG,3960,100,D,NI,CC,D
10:05:25,JSMR,RG,3960,4,D,NI,YB,D
10:05:14,JSMR,RG,3960,6,D,NI,OD,D
10:05:13,JSMR,RG,3970,1,D,YP,AK,F
10:04:33,JSMR,RG,3970,1,D,YP,AK,F
10:04:12,JSMR,RG,3960,6,D,NI,OD,D
10:03:15,JSMR,RG,3970,2,D,PD,BK,F
10:03:15,JSMR,RG,3970,10,D,CC,BK,F
10:03:15,JSMR,RG,3970,2,D,PD,BK,F
10:03:15,JSMR,RG,3970,4,D,XL,BK,F
10:03:15,JSMR,RG,3970,1,D,XC,BK,F
10:03:15,JSMR,RG,3970,1,D,XC,BK,F
10:03:15,JSMR,RG,3970,5,D,CD,BK,F
10:03:15,JSMR,RG,3970,1,D,CC,BK,F
10:03:15,JSMR,RG,3970,3,D,PD,BK,F
10:03:15,JSMR,RG,3970,1,D,PD,BK,F
10:03:15,JSMR,RG,3970,4,D,XC,BK,F
10:03:15,JSMR,RG,3970,200,D,NI,BK,F
10:03:15,JSMR,RG,3970,1,D,XC,BK,F
10:03:15,JSMR,RG,3970,1,D,XC,BK,F
10:03:15,JSMR,RG,3970,1,D,XC,BK,F
10:03:15,JSMR,RG,3970,5,D,PD,BK,F
10:03:15,JSMR,RG,3970,1,D,CC,BK,F
10:03:15,JSMR,RG,3970,48,D,SQ,BK,F
10:03:14,JSMR,RG,3970,131,D,SQ,AK,F
10:03:14,JSMR,RG,3970,6,D,SQ,OD,D
10:03:14,JSMR,RG,3970,131,D,SQ,AK,F
10:03:13,JSMR,RG,3970,131,D,SQ,AK,F
10:03:12,JSMR,RG,3970,53,D,SQ,AK,F
10:03:12,JSMR,RG,3970,25,D,LG,AK,F
10:03:12,JSMR,RG,3970,10,D,YP,AK,F
10:03:12,JSMR,RG,3970,3,D,NI,AK,F
10:03:12,JSMR,RG,3970,40,D,DR,AK,F
10:03:11,JSMR,RG,3970,10,D,DR,AK,F
10:03:11,JSMR,RG,3970,121,D,PD,AK,F
10:02:48,JSMR,RG,3970,1,D,PD,NI,D
10:02:42,JSMR,RG,3970,18,D,PD,EP,D
10:02:42,JSMR,RG,3970,1,D,CC,EP,D
10:02:42,JSMR,RG,3970,5,D,PD,EP,D
10:02:42,JSMR,RG,3970,106,D,IT,EP,D
10:02:34,JSMR,RG,3970,1,D,IT,XC,D
10:02:11,JSMR,RG,3970,30,D,IT,XC,D
10:02:10,JSMR,RG,3970,5,D,IT,OD,D
10:01:21,JSMR,RG,3980,1,D,PD,PD,D
10:01:21,JSMR,RG,3980,8,D,PD,PD,D
10:01:08,JSMR,RG,3970,6,D,IT,OD,D
10:01:06,JSMR,RG,3970,10,D,IT,TF,D
10:00:50,JSMR,RG,3970,50,D,IT,CC,D
10:00:48,JSMR,RG,3970,42,D,IT,XL,D
10:00:48,JSMR,RG,3970,1,D,XL,XL,D
10:00:48,JSMR,RG,3970,1,D,XC,XL,D
10:00:48,JSMR,RG,3970,1,D,XC,XL,D
10:00:48,JSMR,RG,3970,5,D,PD,XL,D
10:00:45,JSMR,RG,3970,5,D,PD,NI,D
10:00:45,JSMR,RG,3970,25,D,AZ,NI,D
10:00:10,JSMR,RG,3970,5,D,AZ,OD,D
9:59:22,JSMR,RG,3970,2,D,AZ,YP,D
9:59:20,JSMR,RG,3970,3,D,AZ,SQ,D
9:59:19,JSMR,RG,3970,2,D,AZ,YP,D
9:59:16,JSMR,RG,3980,5,D,PD,PD,D
9:59:14,JSMR,RG,3980,10,D,AI,PD,D
9:59:12,JSMR,RG,3970,6,D,AZ,OD,D
9:58:32,JSMR,RG,3980,3,D,YP,PD,D
9:58:32,JSMR,RG,3980,27,D,YP,ZP,F
9:58:29,JSMR,RG,3980,5,D,NI,ZP,F
9:58:12,JSMR,RG,3970,5,D,AZ,OD,D
9:57:59,JSMR,RG,3980,10,D,XC,ZP,F
9:57:59,JSMR,RG,3980,2,D,XC,KK,D
9:57:44,JSMR,RG,3980,5,D,OD,KK,D
9:57:37,JSMR,RG,3980,2,D,XC,KK,D
9:57:35,JSMR,RG,3980,1,D,PD,KK,D
9:57:31,JSMR,RG,3980,50,D,NI,PD,D
9:57:09,JSMR,RG,3980,6,D,NI,PD,D
9:57:07,JSMR,RG,3980,2,D,NI,PD,D
9:57:07,JSMR,RG,3980,6,D,NI,OD,D
9:57:07,JSMR,RG,3980,1,D,NI,AK,F
9:57:07,JSMR,RG,3980,15,D,NI,PD,D
9:57:07,JSMR,RG,3980,1,D,NI,KK,D
9:57:07,JSMR,RG,3980,2,D,NI,XC,D
9:57:07,JSMR,RG,3980,15,D,NI,SQ,D
9:57:07,JSMR,RG,3980,5,D,NI,AK,F
9:57:07,JSMR,RG,3980,20,D,NI,YP,D
9:57:07,JSMR,RG,3980,35,D,NI,DR,D
9:57:07,JSMR,RG,3980,10,D,NI,CC,D
9:57:07,JSMR,RG,3980,100,D,NI,OD,D
9:57:07,JSMR,RG,3980,50,D,NI,NI,D
9:57:07,JSMR,RG,3980,100,D,NI,GR,D
9:57:07,JSMR,RG,3980,2,D,NI,NI,D
9:57:07,JSMR,RG,3980,12,D,NI,ZP,F
9:57:07,JSMR,RG,3980,25,D,NI,ZP,F
9:57:07,JSMR,RG,3980,9,D,NI,XL,D
9:57:07,JSMR,RG,3980,34,D,NI,KK,D
9:57:05,JSMR,RG,3970,2,D,AZ,YP,D
9:56:43,JSMR,RG,3980,25,D,CC,KK,D
9:56:17,JSMR,RG,3970,20,D,AZ,NI,D
9:56:17,JSMR,RG,3970,5,D,YP,NI,D
9:56:17,JSMR,RG,3970,1,D,PD,NI,D
9:56:17,JSMR,RG,3970,24,D,NI,NI,D
9:56:16,JSMR,RG,3970,6,D,NI,OD,D
9:56:14,JSMR,RG,3980,5,D,XC,KK,D
9:55:21,JSMR,RG,3980,5,D,PD,KK,D
9:55:16,JSMR,RG,3970,5,D,NI,OD,D
9:55:16,JSMR,RG,3980,1,D,PD,KK,D
9:55:16,JSMR,RG,3980,1,D,PD,XL,D
9:55:00,JSMR,RG,3980,5,D,PD,OD,D
9:54:57,JSMR,RG,3970,3,D,NI,XL,D
9:54:50,JSMR,RG,3980,4,D,CC,OD,D
9:54:22,JSMR,RG,3980,30,D,XC,OD,D
9:54:18,JSMR,RG,3970,5,D,NI,OD,D
9:54:10,JSMR,RG,3970,5,D,NI,PD,D
9:53:51,JSMR,RG,3970,38,D,NI,XC,D
9:53:20,JSMR,RG,3970,6,D,NI,OD,D
9:53:04,JSMR,RG,3970,2,D,NI,CC,D
9:52:22,JSMR,RG,3970,6,D,NI,OD,D
9:52:13,JSMR,RG,3980,31,D,XC,OD,D
9:52:13,JSMR,RG,3980,20,D,XC,YP,D
9:52:13,JSMR,RG,3980,10,D,XC,YP,D
9:52:13,JSMR,RG,3980,89,D,XC,YP,D
9:51:58,JSMR,RG,3970,10,D,NI,NI,D
9:51:22,JSMR,RG,3970,6,D,NI,OD,D
9:51:05,JSMR,RG,3980,11,D,XC,YP,D
9:51:05,JSMR,RG,3980,4,D,XC,XC,D
9:51:02,JSMR,RG,3980,20,D,CC,XC,D
9:50:45,JSMR,RG,3980,1,D,PD,XC,D
9:50:32,JSMR,RG,3970,1,D,NI,PD,D
9:50:22,JSMR,RG,3970,6,D,NI,OD,D
9:49:56,JSMR,RG,3970,5,D,NI,XC,D
9:49:14,JSMR,RG,3970,6,D,NI,OD,D
9:49:14,JSMR,RG,3970,20,D,NI,CC,D
9:49:14,JSMR,RG,3970,1,D,NI,LG,D
9:49:14,JSMR,RG,3970,8,D,NI,ZP,F
9:49:14,JSMR,RG,3970,30,D,NI,EP,D
9:49:14,JSMR,RG,3970,2,D,NI,PD,D
9:49:14,JSMR,RG,3970,2,D,NI,PD,D
9:49:14,JSMR,RG,3970,5,D,NI,XC,D
9:49:14,JSMR,RG,3970,14,D,NI,ZP,F
9:49:14,JSMR,RG,3970,50,D,NI,PD,D
9:49:14,JSMR,RG,3970,10,D,NI,YP,D
9:49:14,JSMR,RG,3970,6,D,NI,CP,D
9:49:14,JSMR,RG,3970,10,D,NI,OD,D
9:49:14,JSMR,RG,3970,2,D,NI,YP,D
9:49:14,JSMR,RG,3970,5,D,NI,PD,D
9:49:14,JSMR,RG,3970,1,D,NI,XC,D
9:49:10,JSMR,RG,3960,10,D,NI,CC,D
9:49:05,JSMR,RG,3970,4,F,YU,XC,D
9:49:05,JSMR,RG,3970,1,F,YU,NI,D
9:49:05,JSMR,RG,3970,1,F,YU,ZP,F
9:49:04,JSMR,RG,3970,5,F,YU,ZP,F
9:49:04,JSMR,RG,3970,7,F,YU,DR,D
9:49:04,JSMR,RG,3970,3,F,YU,DR,D
9:49:04,JSMR,RG,3970,7,F,YU,XC,D
9:49:03,JSMR,RG,3970,18,D,ZP,XC,D
9:49:03,JSMR,RG,3970,20,D,ZP,YP,D
9:49:03,JSMR,RG,3970,100,D,ZP,PD,D
9:49:03,JSMR,RG,3970,319,D,ZP,YP,D
9:49:03,JSMR,RG,3970,20,D,ZP,YP,D
9:49:03,JSMR,RG,3970,23,D,ZP,YP,D
9:48:41,JSMR,RG,3960,5,D,NI,XC,D
9:48:21,JSMR,RG,3970,1,F,YU,YP,D
9:48:20,JSMR,RG,3960,6,D,NI,OD,D
9:48:19,JSMR,RG,3970,1,F,YU,YP,D
9:48:18,JSMR,RG,3960,12,D,NI,NI,D
9:48:17,JSMR,RG,3960,3,D,NI,NI,D
9:48:12,JSMR,RG,3970,1,D,PD,YP,D
9:47:32,JSMR,RG,3970,3,F,YU,YP,D
9:47:30,JSMR,RG,3960,1,D,NI,YP,D
9:47:20,JSMR,RG,3970,6,D,SQ,YP,D
9:47:19,JSMR,RG,3960,15,D,NI,DH,D
9:47:19,JSMR,RG,3970,2,F,YU,YP,D
9:47:18,JSMR,RG,3960,6,D,NI,OD,D
9:46:55,JSMR,RG,3970,10,D,KK,YP,D
9:46:52,JSMR,RG,3970,3,D,AZ,YP,D
9:46:46,JSMR,RG,3970,1,F,YU,YP,D
9:46:45,JSMR,RG,3970,10,D,CC,YP,D
9:46:33,JSMR,RG,3960,3,D,NI,PD,D
9:46:25,JSMR,RG,3970,3,F,YU,YP,D
9:46:24,JSMR,RG,3960,5,D,NI,NI,D
9:46:24,JSMR,RG,3960,6,D,YU,NI,D
9:46:24,JSMR,RG,3960,14,D,YP,NI,D
9:46:23,JSMR,RG,3970,5,F,YU,YP,D
9:46:23,JSMR,RG,3960,1,D,YP,XC,D
9:46:23,JSMR,RG,3960,1,D,CC,XC,D
9:46:22,JSMR,RG,3960,1,D,CC,XC,D
9:46:22,JSMR,RG,3960,2,D,PD,XC,D
9:46:22,JSMR,RG,3960,1,D,YP,XC,D
9:46:22,JSMR,RG,3960,2,D,XC,XC,D
9:46:22,JSMR,RG,3960,10,D,CC,XC,D
9:46:22,JSMR,RG,3960,10,D,GR,XC,D
9:46:22,JSMR,RG,3960,2,D,PD,XC,D
9:46:22,JSMR,RG,3960,5,D,YP,XC,D
9:46:22,JSMR,RG,3960,2,D,YP,XC,D
9:46:18,JSMR,RG,3960,6,D,YP,OD,D
9:46:11,JSMR,RG,3970,1,F,YU,YP,D
9:46:09,JSMR,RG,3960,2,D,YP,XC,D
9:46:09,JSMR,RG,3960,5,D,PD,XC,D
9:46:08,JSMR,RG,3960,2,D,PD,PD,D
9:46:05,JSMR,RG,3970,1,D,PD,YP,D
9:45:53,JSMR,RG,3960,2,D,PD,NI,D
9:45:49,JSMR,RG,3970,2,F,YU,YP,D
9:45:47,JSMR,RG,3960,6,D,PD,NI,D
9:45:47,JSMR,RG,3960,4,D,YP,NI,D
9:45:43,JSMR,RG,3960,5,D,YP,XC,D
9:45:35,JSMR,RG,3960,1,D,YP,XL,D
9:45:29,JSMR,RG,3970,1,F,YU,YP,D
9:45:28,JSMR,RG,3960,1,D,LS,OD,D
9:45:27,JSMR,RG,3960,1,D,LS,KK,D
9:45:16,JSMR,RG,3960,3,D,LS,OD,D
9:45:16,JSMR,RG,3960,4,D,NI,OD,D
9:45:02,JSMR,RG,3970,6,F,YU,YP,D
9:45:00,JSMR,RG,3960,50,D,NI,CC,D
9:44:44,JSMR,RG,3970,1,F,YU,YP,D
9:44:43,JSMR,RG,3970,3,D,XC,YP,D
9:44:43,JSMR,RG,3960,1,D,NI,YP,D
9:44:33,JSMR,RG,3970,3,F,YU,YP,D
9:44:33,JSMR,RG,3970,10,F,YU,YP,D
9:44:31,JSMR,RG,3970,13,D,YP,YP,D
9:44:31,JSMR,RG,3970,47,D,YP,AI,D
9:44:31,JSMR,RG,3960,60,D,NI,DR,D
9:44:31,JSMR,RG,3970,1,D,YU,AI,D
9:44:29,JSMR,RG,3960,3,D,NI,NI,D
9:44:19,JSMR,RG,3970,1,D,PD,AI,D
9:43:59,JSMR,RG,3970,2,F,YU,AI,D
9:43:58,JSMR,RG,3960,12,D,NI,XC,D
9:43:46,JSMR,RG,3960,5,D,NI,PD,D
9:43:45,JSMR,RG,3970,7,F,YU,AI,D
9:43:45,JSMR,RG,3960,8,D,NI,ZP,F
9:43:45,JSMR,RG,3960,3,D,NI,CC,D
9:43:45,JSMR,RG,3960,9,D,NI,OD,D
9:43:45,JSMR,RG,3960,1,D,NI,XC,D
9:43:45,JSMR,RG,3960,10,D,NI,CC,D
9:43:45,JSMR,RG,3960,25,D,NI,PD,D
9:43:45,JSMR,RG,3960,9,D,NI,ZP,F
9:43:44,JSMR,RG,3960,2,F,YU,ZP,F
9:43:44,JSMR,RG,3960,1,F,YU,PD,D
9:43:44,JSMR,RG,3960,2,F,YU,PD,D
9:43:43,JSMR,RG,3960,19,D,LG,PD,D
9:43:43,JSMR,RG,3960,11,D,LG,PD,D
9:43:43,JSMR,RG,3960,15,D,EP,PD,D
9:43:24,JSMR,RG,3960,4,D,OD,PD,D
9:43:24,JSMR,RG,3960,1,D,OD,PD,D
9:43:18,JSMR,RG,3950,3,D,YP,PD,D
9:43:18,JSMR,RG,3950,7,D,SQ,PD,D
9:43:18,JSMR,RG,3950,8,D,SQ,OD,D
9:43:14,JSMR,RG,3960,3,D,YP,PD,D
9:42:51,JSMR,RG,3950,7,D,SQ,NI,D
9:42:39,JSMR,RG,3950,78,D,SQ,YB,D
9:42:39,JSMR,RG,3950,6,D,XC,YB,D
9:42:39,JSMR,RG,3950,2,D,SQ,YB,D
9:42:39,JSMR,RG,3950,5,D,PD,YB,D
9:42:39,JSMR,RG,3950,5,D,EP,YB,D
9:42:39,JSMR,RG,3950,50,D,DR,YB,D
9:42:39,JSMR,RG,3950,15,D,PD,YB,D
9:42:39,JSMR,RG,3950,1,D,PD,YB,D
9:42:39,JSMR,RG,3950,3,D,OD,YB,D
9:42:39,JSMR,RG,3950,1,D,XC,YB,D
9:42:39,JSMR,RG,3950,1,D,CC,YB,D
9:42:39,JSMR,RG,3950,1,D,PD,YB,D
9:42:39,JSMR,RG,3950,10,D,NI,YB,D
9:42:39,JSMR,RG,3950,1,D,XC,YB,D
9:42:39,JSMR,RG,3950,5,D,CC,YB,D
9:42:39,JSMR,RG,3950,3,D,YP,YB,D
9:42:39,JSMR,RG,3950,500,D,EP,YB,D
9:42:39,JSMR,RG,3950,1,D,LG,YB,D
9:42:39,JSMR,RG,3950,5,D,PD,YB,D
9:42:39,JSMR,RG,3950,10,D,CC,YB,D
9:42:39,JSMR,RG,3950,1,D,YP,YB,D
9:42:39,JSMR,RG,3950,2,D,DX,YB,D
9:42:39,JSMR,RG,3950,1,D,SQ,YB,D
9:42:39,JSMR,RG,3950,1,D,PD,YB,D
9:42:39,JSMR,RG,3950,1,D,YP,YB,D
9:42:39,JSMR,RG,3950,20,D,YP,YB,D
9:42:39,JSMR,RG,3950,10,D,YP,YB,D
9:42:28,JSMR,RG,3960,2,D,PD,PD,D
9:42:22,JSMR,RG,3960,50,D,SQ,PD,D
9:42:00,JSMR,RG,3960,5,D,YP,PD,D
9:41:59,JSMR,RG,3960,1,D,PD,PD,D
9:41:59,JSMR,RG,3960,7,D,SQ,PD,D
9:41:58,JSMR,RG,3970,2,D,CC,AI,D
9:41:54,JSMR,RG,3960,10,D,SQ,CC,D
9:41:36,JSMR,RG,3960,8,D,SQ,ZP,F
9:41:36,JSMR,RG,3960,10,D,SQ,AG,D
9:41:36,JSMR,RG,3960,8,D,SQ,OD,D
9:41:36,JSMR,RG,3960,7,D,SQ,XC,D
9:41:36,JSMR,RG,3960,3,D,CC,XC,D
9:41:18,JSMR,RG,3960,1,D,XC,PD,D
9:41:11,JSMR,RG,3960,8,D,YP,OD,D
9:41:11,JSMR,RG,3960,2,D,YP,ZP,F
9:41:05,JSMR,RG,3960,2,D,YU,ZP,F
9:40:57,JSMR,RG,3960,2,D,YP,ZP,F
9:40:29,JSMR,RG,3960,1,D,XC,ZP,F
9:40:22,JSMR,RG,3950,7,D,YP,OD,D
9:40:20,JSMR,RG,3960,2,D,YP,OD,D
9:40:14,JSMR,RG,3960,1,D,YP,ZP,F
9:40:12,JSMR,RG,3960,5,D,YP,XC,D
9:40:10,JSMR,RG,3970,40,D,XL,AI,D
9:40:09,JSMR,RG,3960,92,D,YP,YP,D
9:40:09,JSMR,RG,3960,20,D,NI,YP,D
9:40:09,JSMR,RG,3960,4,D,XC,YP,D
9:40:09,JSMR,RG,3960,6,D,PD,YP,D
9:40:06,JSMR,RG,3960,1,D,PD,XC,D
9:39:58,JSMR,RG,3960,16,D,PD,PD,D
9:39:55,JSMR,RG,3960,2,D,PD,DX,D
9:39:55,JSMR,RG,3960,2,D,XC,DX,D
9:39:55,JSMR,RG,3960,1,D,PD,DX,D
9:39:54,JSMR,RG,3960,49,D,PD,XC,D
9:39:54,JSMR,RG,3960,1,D,CC,XC,D
9:39:54,JSMR,RG,3960,1,D,OD,XC,D
9:39:54,JSMR,RG,3960,5,D,XC,XC,D
9:39:54,JSMR,RG,3960,8,D,XC,XC,D
9:39:54,JSMR,RG,3960,4,D,PD,XC,D
9:39:54,JSMR,RG,3960,148,D,NI,XC,D
9:39:28,JSMR,RG,3960,3,D,NI,XC,D
9:39:20,JSMR,RG,3960,5,D,NI,XC,D
9:39:18,JSMR,RG,3960,8,D,NI,OD,D
9:39:16,JSMR,RG,3960,36,D,NI,YP,D
9:39:16,JSMR,RG,3960,1,D,PD,YP,D
9:39:16,JSMR,RG,3960,30,D,CC,YP,D
9:39:16,JSMR,RG,3960,4,D,XC,YP,D
9:39:16,JSMR,RG,3960,1,D,YP,YP,D
9:39:16,JSMR,RG,3960,16,D,CC,YP,D
9:39:13,JSMR,RG,3960,5,D,CC,PD,D
9:39:01,JSMR,RG,3960,18,D,CC,ZP,F
9:39:01,JSMR,RG,3960,61,D,CC,CC,D
9:39:01,JSMR,RG,3960,9,D,NI,CC,D
9:38:45,JSMR,RG,3960,5,D,NI,YP,D
9:38:34,JSMR,RG,3960,41,D,NI,YP,D
9:38:18,JSMR,RG,3960,9,D,NI,OD,D
9:38:13,JSMR,RG,3960,1,D,NI,EP,D
9:38:06,JSMR,RG,3960,15,D,NI,KK,D
9:38:06,JSMR,RG,3960,7,D,PD,KK,D
9:38:02,JSMR,RG,3960,2,D,PD,AZ,D
9:37:53,JSMR,RG,3960,3,D,PD,ZP,D
9:37:36,JSMR,RG,3960,2,D,PD,XC,D
9:37:29,JSMR,RG,3960,6,D,PD,AZ,D
