Time,Stock,Brd,Price,Qty,BT,BC,SC,ST
15:13:54,JSMR,RG,3390,1,D,XC,ZP,D
15:13:16,JSMR,RG,3390,50,D,YP,ZP,D
15:11:30,JSMR,RG,3390,4,D,DX,ZP,D
15:11:18,JSMR,RG,3390,1,D,XC,ZP,D
15:11:18,JSMR,RG,3390,2,D,KK,ZP,D
15:10:55,JSMR,RG,3390,5,D,NI,ZP,D
15:10:41,JSMR,RG,3390,1,D,XC,ZP,D
15:10:15,JSMR,RG,3390,2,D,DR,ZP,D
15:09:13,JSMR,RG,3390,1,D,KK,ZP,D
15:09:09,JSMR,RG,3390,3,D,MK,ZP,D
15:08:56,JSMR,RG,3390,1,D,PD,ZP,D
15:08:31,JSMR,RG,3390,5,D,GR,ZP,D
15:08:00,JSMR,RG,3390,2,D,BQ,ZP,D
15:07:49,JSMR,RG,3390,43,D,YB,ZP,D
15:07:49,JSMR,RG,3390,6,D,YB,ZP,D
15:07:49,JSMR,RG,3390,1,D,YB,ZP,D
15:06:49,JSMR,RG,3390,20,D,YP,ZP,D
15:06:39,JSMR,RG,3390,87,D,MG,ZP,D
15:06:28,JSMR,RG,3390,3,D,YB,ZP,D
15:06:08,JSMR,RG,3390,10,D,KK,ZP,D
15:05:17,JSMR,RG,3390,5,D,YB,ZP,D
15:05:00,JSMR,RG,3390,3,D,XC,ZP,D
15:03:08,JSMR,RG,3390,6,D,NI,ZP,D
15:02:55,JSMR,RG,3390,1,D,YB,ZP,D
15:02:35,JSMR,RG,3390,1,D,XL,ZP,D
15:02:04,JSMR,RG,3390,50,D,DR,ZP,D
15:01:41,JSMR,RG,3390,5,D,EP,ZP,D
15:01:20,JSMR,RG,3390,5,D,XC,ZP,D
15:01:09,JSMR,RG,3390,20,D,NI,ZP,D
15:01:00,JSMR,RG,3390,10,D,YB,ZP,D
15:01:00,JSMR,RG,3390,10,D,YB,ZP,D
15:00:00,JSMR,RG,3390,9,D,YP,ZP,D
15:00:00,JSMR,RG,3390,41,D,YP,ZP,D
15:00:00,JSMR,RG,3390,2,D,KK,ZP,D
15:00:00,JSMR,RG,3390,20,D,PD,ZP,D
15:00:00,JSMR,RG,3390,22,D,OD,ZP,D
15:00:00,JSMR,RG,3390,7,D,OD,ZP,D
15:00:00,JSMR,RG,3390,1,D,YP,ZP,D
15:00:00,JSMR,RG,3390,1,D,YP,ZP,D
15:00:00,JSMR,RG,3390,5,D,NI,ZP,D
15:00:00,JSMR,RG,3390,4,D,YP,ZP,D
15:00:00,JSMR,RG,3390,1,D,YP,YP,D
15:00:00,JSMR,RG,3390,15,D,YP,ZP,D
15:00:00,JSMR,RG,3390,5,D,DH,ZP,D
15:00:00,JSMR,RG,3390,1,D,PD,ZP,D
15:00:00,JSMR,RG,3390,10,D,YP,ZP,D
15:00:00,JSMR,RG,3390,5,D,XL,ZP,D
15:00:00,JSMR,RG,3390,1,D,SQ,ZP,D
15:00:00,JSMR,RG,3390,10,D,SQ,ZP,D
15:00:00,JSMR,RG,3390,1,D,KK,ZP,D
15:00:00,JSMR,RG,3390,10,D,KK,ZP,D
15:00:00,JSMR,RG,3390,5,D,YP,ZP,D
15:00:00,JSMR,RG,3390,102,F,ZP,ZP,D
15:00:00,JSMR,RG,3390,6,F,ZP,ZP,D
15:00:00,JSMR,RG,3390,246,F,ZP,ZP,D
15:00:00,JSMR,RG,3390,85,F,ZP,ZP,D
15:00:00,JSMR,RG,3390,45,F,ZP,ZP,D
15:00:00,JSMR,RG,3390,3,F,ZP,ZP,D
15:00:00,JSMR,RG,3390,1,F,ZP,ZP,D
15:00:00,JSMR,RG,3390,165,F,ZP,ZP,D
15:00:00,JSMR,RG,3390,6,F,ZP,ZP,D
15:00:00,JSMR,RG,3390,246,F,ZP,ZP,D
15:00:00,JSMR,RG,3390,15,F,ZP,ZP,D
15:00:00,JSMR,RG,3390,70,F,ZP,ZP,D
15:00:00,JSMR,RG,3390,45,F,ZP,ZP,D
15:00:00,JSMR,RG,3390,3,F,ZP,ZP,D
15:00:00,JSMR,RG,3390,1,F,ZP,ZP,D
15:00:00,JSMR,RG,3390,165,F,ZP,ZP,D
15:00:00,JSMR,RG,3390,6,F,ZP,ZP,D
15:00:00,JSMR,RG,3390,210,F,ZP,ZP,D
15:00:00,JSMR,RG,3390,1,D,YP,ZP,D
15:00:00,JSMR,RG,3390,1,D,YP,ZP,D
15:00:00,JSMR,RG,3390,19,F,BK,ZP,D
15:00:00,JSMR,RG,3390,1,D,YP,ZP,D
15:00:00,JSMR,RG,3390,1,D,YP,ZP,D
15:00:00,JSMR,RG,3390,10,D,PD,ZP,D
15:00:00,JSMR,RG,3390,1,D,YP,ZP,D
15:00:00,JSMR,RG,3390,2,D,RF,ZP,D
15:00:00,JSMR,RG,3390,85,D,RF,ZP,D
15:00:00,JSMR,RG,3390,45,D,RF,ZP,D
15:00:00,JSMR,RG,3390,3,D,RF,ZP,D
15:00:00,JSMR,RG,3390,1,D,RF,ZP,D
15:00:00,JSMR,RG,3390,165,D,RF,ZP,D
15:00:00,JSMR,RG,3390,6,D,RF,ZP,D
15:00:00,JSMR,RG,3390,246,D,RF,ZP,D
15:00:00,JSMR,RG,3390,85,D,RF,ZP,D
15:00:00,JSMR,RG,3390,45,D,RF,ZP,D
15:00:00,JSMR,RG,3390,3,D,RF,ZP,D
15:00:00,JSMR,RG,3390,1,D,RF,ZP,D
15:00:00,JSMR,RG,3390,165,D,RF,ZP,D
15:00:00,JSMR,RG,3390,6,D,RF,ZP,D
15:00:00,JSMR,RG,3390,42,D,RF,ZP,D
15:00:00,JSMR,RG,3390,204,D,RF,ZP,D
15:00:00,JSMR,RG,3390,85,D,RF,ZP,D
15:00:00,JSMR,RG,3390,45,D,RF,ZP,D
15:00:00,JSMR,RG,3390,3,D,RF,ZP,D
15:00:00,JSMR,RG,3390,1,D,RF,ZP,D
15:00:00,JSMR,RG,3390,165,D,RF,ZP,D
15:00:00,JSMR,RG,3390,6,D,RF,ZP,D
15:00:00,JSMR,RG,3390,174,D,RF,ZP,D
15:00:00,JSMR,RG,3390,50,D,RF,GR,D
15:00:00,JSMR,RG,3390,6,D,RF,YB,D
15:00:00,JSMR,RG,3390,10,D,RF,LG,D
15:00:00,JSMR,RG,3390,2,D,RF,KK,D
15:00:00,JSMR,RG,3390,7,D,RF,KK,D
15:00:00,JSMR,RG,3390,15,D,RF,XA,D
15:00:00,JSMR,RG,3390,120,D,RF,YP,D
15:00:00,JSMR,RG,3390,7,D,RF,CC,D
15:00:00,JSMR,RG,3390,1,D,YP,CC,D
15:00:00,JSMR,RG,3390,1,D,KK,CC,D
15:00:00,JSMR,RG,3390,1,F,AK,CC,D
15:00:00,JSMR,RG,3390,2,F,AK,CC,D
15:00:00,JSMR,RG,3390,166,D,OD,CC,D
15:00:00,JSMR,RG,3390,1800,D,OD,RF,D
15:00:00,JSMR,RG,3390,1,D,OD,AK,F
15:00:00,JSMR,RG,3390,4,D,FS,AK,F
14:49:45,JSMR,RG,3380,2,F,ZP,YP,D
14:49:36,JSMR,RG,3380,8,F,ZP,YB,D
14:49:36,JSMR,RG,3380,2,D,YB,YB,D
14:49:36,JSMR,RG,3380,1,D,YP,YB,D
14:49:36,JSMR,RG,3380,3,D,PD,YB,D
14:49:34,JSMR,RG,3380,2,D,LG,YP,D
14:49:29,JSMR,RG,3380,18,D,LG,OD,D
14:49:29,JSMR,RG,3380,20,D,NI,OD,D
14:49:29,JSMR,RG,3380,1,D,PD,OD,D
14:49:29,JSMR,RG,3380,1,D,AZ,OD,D
14:49:29,JSMR,RG,3380,10,D,SQ,OD,D
14:49:29,JSMR,RG,3380,15,D,YP,OD,D
14:49:08,JSMR,RG,3380,1,D,YP,BB,D
14:49:01,JSMR,RG,3390,2,F,ZP,ZP,D
14:49:01,JSMR,RG,3390,2,F,ZP,ZP,D
14:48:43,JSMR,RG,3390,20,D,AZ,ZP,D
14:48:30,JSMR,RG,3380,1,D,YP,AK,F
14:48:26,JSMR,RG,3380,55,D,YP,EP,D
14:48:18,JSMR,RG,3390,48,F,ZP,ZP,D
14:48:18,JSMR,RG,3390,85,F,ZP,ZP,D
14:48:18,JSMR,RG,3390,45,F,ZP,ZP,D
14:48:18,JSMR,RG,3390,3,F,ZP,ZP,D
14:48:18,JSMR,RG,3390,1,F,ZP,ZP,D
14:48:18,JSMR,RG,3390,165,F,ZP,ZP,D
14:48:18,JSMR,RG,3390,6,F,ZP,ZP,D
14:48:18,JSMR,RG,3390,147,F,ZP,ZP,D
14:48:07,JSMR,RG,3390,83,F,AK,ZP,D
14:48:07,JSMR,RG,3390,2,D,DH,ZP,D
14:48:07,JSMR,RG,3390,10,D,CC,ZP,D
14:48:07,JSMR,RG,3390,4,F,ZP,ZP,D
14:48:07,JSMR,RG,3390,5,F,ZP,ZP,D
14:48:07,JSMR,RG,3390,80,D,GR,ZP,D
14:48:07,JSMR,RG,3390,45,D,GR,ZP,D
14:48:07,JSMR,RG,3390,3,D,GR,ZP,D
14:48:07,JSMR,RG,3390,1,D,GR,ZP,D
14:48:01,JSMR,RG,3390,165,D,GR,ZP,D
14:48:01,JSMR,RG,3390,6,D,GR,ZP,D
14:48:01,JSMR,RG,3390,246,D,GR,ZP,D
14:48:01,JSMR,RG,3390,85,D,GR,ZP,D
14:48:01,JSMR,RG,3390,45,D,GR,ZP,D
14:48:01,JSMR,RG,3390,3,D,GR,ZP,D
14:48:01,JSMR,RG,3390,1,D,GR,ZP,D
14:47:52,JSMR,RG,3390,165,D,GR,ZP,D
14:47:52,JSMR,RG,3390,6,D,GR,ZP,D
14:47:52,JSMR,RG,3390,149,D,GR,ZP,D
14:47:52,JSMR,RG,3390,97,F,ZP,ZP,D
14:47:52,JSMR,RG,3390,85,F,ZP,ZP,D
14:47:52,JSMR,RG,3390,25,F,ZP,ZP,D
14:47:52,JSMR,RG,3390,1,F,ZP,ZP,D
14:47:52,JSMR,RG,3390,2,D,YU,ZP,D
14:47:52,JSMR,RG,3390,3,D,YP,ZP,D
14:47:52,JSMR,RG,3390,2,D,KK,ZP,D
14:47:52,JSMR,RG,3390,5,D,YP,ZP,D
14:47:52,JSMR,RG,3390,7,F,BK,ZP,D
14:47:52,JSMR,RG,3390,3,F,BK,ZP,D
14:47:52,JSMR,RG,3390,1,F,BK,ZP,D
14:47:35,JSMR,RG,3390,5,F,BK,YP,D
14:47:00,JSMR,RG,3390,1,F,BK,AK,F
14:45:49,JSMR,RG,3390,2,F,BK,XL,D
14:45:49,JSMR,RG,3390,7,D,NI,XL,D
14:45:49,JSMR,RG,3390,2,D,YP,XL,D
14:45:49,JSMR,RG,3390,1,D,XC,XL,D
14:45:15,JSMR,RG,3390,1,D,XC,AK,F
14:44:37,JSMR,RG,3390,12,F,AK,XL,D
14:44:37,JSMR,RG,3380,22,D,YP,CC,D
14:44:37,JSMR,RG,3380,2,D,YP,CC,D
14:44:37,JSMR,RG,3380,10,D,YP,CC,D
14:44:37,JSMR,RG,3380,5,D,YP,CC,D
14:44:37,JSMR,RG,3380,79,D,YP,CC,D
14:44:36,JSMR,RG,3390,15,F,AK,BB,D
14:44:35,JSMR,RG,3390,70,F,AK,ZP,D
14:44:35,JSMR,RG,3390,1,F,CC,ZP,D
14:44:35,JSMR,RG,3390,1,F,AK,ZP,D
14:44:35,JSMR,RG,3390,1,D,YP,ZP,D
14:44:35,JSMR,RG,3390,5,D,PD,ZP,D
14:44:35,JSMR,RG,3390,25,F,CC,ZP,D
14:44:35,JSMR,RG,3390,1,D,YP,ZP,D
14:44:35,JSMR,RG,3390,2,D,OD,ZP,D
14:44:35,JSMR,RG,3390,4,D,KK,ZP,D
14:44:35,JSMR,RG,3390,1,D,KK,ZP,D
14:44:35,JSMR,RG,3390,3,F,AK,ZP,D
14:44:35,JSMR,RG,3390,4,F,AK,ZP,D
14:44:35,JSMR,RG,3390,10,D,CC,ZP,D
14:44:35,JSMR,RG,3390,1,D,KK,ZP,D
14:44:35,JSMR,RG,3390,1,D,XC,ZP,D
14:44:35,JSMR,RG,3390,5,D,PD,ZP,D
14:44:35,JSMR,RG,3390,2,D,KK,ZP,D
14:44:35,JSMR,RG,3390,15,D,YP,ZP,D
14:44:35,JSMR,RG,3390,100,D,AZ,ZP,D
14:44:35,JSMR,RG,3390,3,D,YP,ZP,D
14:44:35,JSMR,RG,3390,4,D,PD,ZP,D
14:44:35,JSMR,RG,3390,10,D,NI,ZP,D
14:44:35,JSMR,RG,3390,9,D,YU,ZP,D
14:44:35,JSMR,RG,3390,1,D,YU,ZP,D
14:44:35,JSMR,RG,3390,2,D,GR,ZP,D
14:44:35,JSMR,RG,3390,54,D,SQ,ZP,D
14:44:35,JSMR,RG,3390,30,D,SQ,ZP,D
14:44:35,JSMR,RG,3390,2,D,SQ,ZP,D
14:44:35,JSMR,RG,3390,1,D,SQ,ZP,D
14:44:29,JSMR,RG,3390,113,D,SQ,MG,D
14:44:29,JSMR,RG,3390,1,D,PD,MG,D
14:44:29,JSMR,RG,3390,2,D,DH,MG,D
14:44:29,JSMR,RG,3390,28,F,ZP,MG,D
14:44:29,JSMR,RG,3390,1,D,EP,MG,D
14:44:29,JSMR,RG,3390,5,F,ZP,MG,D
14:44:09,JSMR,RG,3390,165,F,ZP,ZP,D
14:44:09,JSMR,RG,3390,6,F,ZP,ZP,D
14:44:09,JSMR,RG,3390,246,F,ZP,ZP,D
14:44:09,JSMR,RG,3390,78,F,ZP,ZP,D
14:44:09,JSMR,RG,3390,7,D,FS,ZP,D
14:44:09,JSMR,RG,3390,45,D,FS,ZP,D
14:44:09,JSMR,RG,3390,3,D,FS,ZP,D
14:44:09,JSMR,RG,3390,1,D,FS,ZP,D
14:44:01,JSMR,RG,3390,1,D,FS,CC,D
14:43:56,JSMR,RG,3390,200,D,FS,ZP,D
14:43:56,JSMR,RG,3390,16,D,FS,ZP,D
14:43:56,JSMR,RG,3390,200,D,FS,ZP,D
14:43:56,JSMR,RG,3390,102,D,FS,ZP,D
14:43:54,JSMR,RG,3390,145,D,FS,CC,D
14:43:21,JSMR,RG,3400,7,F,ZP,ZP,D
14:43:00,JSMR,RG,3390,1,D,FS,AK,F
14:42:29,JSMR,RG,3400,10,F,ZP,ZP,D
14:41:15,JSMR,RG,3390,1,D,FS,AK,F
14:40:22,JSMR,RG,3400,9,F,ZP,ZP,D
14:39:45,JSMR,RG,3400,1,F,AK,ZP,D
14:39:00,JSMR,RG,3390,85,D,FS,CC,D
14:37:19,JSMR,RG,3390,44,D,FS,YP,D
14:37:05,JSMR,RG,3390,10,D,FS,PD,D
14:36:30,JSMR,RG,3390,13,D,FS,PD,D
14:34:37,JSMR,RG,3390,1,D,FS,GR,D
14:33:35,JSMR,RG,3400,3,D,NI,ZP,D
14:33:35,JSMR,RG,3400,1,D,NI,ZP,D
14:33:35,JSMR,RG,3400,1,D,NI,XC,D
14:33:04,JSMR,RG,3390,86,D,FS,YP,D
14:33:00,JSMR,RG,3400,1,F,AK,XC,D
14:33:00,JSMR,RG,3390,39,D,FS,CC,D
14:33:00,JSMR,RG,3390,8,D,HP,CC,D
14:33:00,JSMR,RG,3390,2,F,CC,CC,D
14:33:00,JSMR,RG,3390,1,D,YP,CC,D
14:33:00,JSMR,RG,3390,5,F,ZP,CC,D
14:33:00,JSMR,RG,3390,2,D,KK,CC,D
14:33:00,JSMR,RG,3390,1,D,EP,CC,D
14:33:00,JSMR,RG,3390,10,D,DH,CC,D
14:33:00,JSMR,RG,3390,14,D,YP,CC,D
14:33:00,JSMR,RG,3390,5,F,BK,CC,D
14:32:08,JSMR,RG,3400,1,D,BQ,XC,D
14:32:08,JSMR,RG,3400,1,D,BQ,XC,D
14:30:03,JSMR,RG,3390,5,F,BK,IN,D
14:30:03,JSMR,RG,3390,10,D,YU,IN,D
14:30:03,JSMR,RG,3390,1,D,PD,IN,D
14:30:03,JSMR,RG,3390,5,D,YP,IN,D
14:30:03,JSMR,RG,3390,1,D,YP,IN,D
14:30:03,JSMR,RG,3390,53,F,ZP,IN,D
14:29:15,JSMR,RG,3390,20,F,ZP,YP,D
14:28:52,JSMR,RG,3390,5,F,ZP,KK,D
14:27:47,JSMR,RG,3390,1,F,ZP,BB,D
14:27:47,JSMR,RG,3390,110,F,ZP,ZP,D
14:27:47,JSMR,RG,3390,4,F,ZP,ZP,D
14:27:47,JSMR,RG,3390,57,F,ZP,ZP,D
14:27:41,JSMR,RG,3390,3,D,YP,ZP,D
14:27:41,JSMR,RG,3390,6,F,ZP,ZP,D
14:27:41,JSMR,RG,3390,98,D,KK,ZP,D
14:27:41,JSMR,RG,3390,57,D,KK,ZP,D
14:27:41,JSMR,RG,3390,30,D,KK,ZP,D
14:27:41,JSMR,RG,3390,2,D,KK,ZP,D
14:27:41,JSMR,RG,3390,1,D,KK,ZP,D
14:27:13,JSMR,RG,3400,1,D,YP,XC,D
14:27:13,JSMR,RG,3400,1,D,YP,YP,D
14:26:01,JSMR,RG,3380,23,D,YP,CC,D
14:26:01,JSMR,RG,3380,71,D,YP,CC,D
14:26:00,JSMR,RG,3390,2,D,YP,CC,D
14:26:00,JSMR,RG,3390,3,D,KK,CC,D
14:26:00,JSMR,RG,3390,2,F,ZP,CC,D
14:26:00,JSMR,RG,3390,5,F,ZP,CC,D
14:25:45,JSMR,RG,3390,1,F,ZP,YP,D
14:25:45,JSMR,RG,3390,10,F,ZP,SQ,D
14:25:45,JSMR,RG,3390,1,F,ZP,AK,F
14:25:45,JSMR,RG,3390,102,F,ZP,ZP,D
14:25:45,JSMR,RG,3390,50,F,ZP,YB,D
14:25:45,JSMR,RG,3390,10,F,ZP,DR,D
14:25:45,JSMR,RG,3390,1,F,ZP,AK,F
14:25:45,JSMR,RG,3390,70,F,ZP,ZP,D
14:25:42,JSMR,RG,3390,3,D,KK,ZP,D
14:25:41,JSMR,RG,3380,25,D,YP,CC,D
14:25:36,JSMR,RG,3390,25,F,ZP,ZP,D
14:25:36,JSMR,RG,3390,4,D,YP,ZP,D
14:25:36,JSMR,RG,3390,246,D,YP,ZP,D
14:25:36,JSMR,RG,3390,117,D,YP,ZP,D
14:25:30,JSMR,RG,3390,1,F,AK,ZP,D
14:24:43,JSMR,RG,3390,2,D,PD,ZP,D
14:24:39,JSMR,RG,3390,1,D,CC,ZP,D
14:24:27,JSMR,RG,3380,1,D,YP,YP,D
14:24:18,JSMR,RG,3380,4,D,YP,PD,D
14:24:18,JSMR,RG,3380,16,D,YP,PD,D
14:23:46,JSMR,RG,3380,5,D,YP,PD,D
14:23:31,JSMR,RG,3390,1,D,XA,ZP,D
14:22:48,JSMR,RG,3390,20,D,TP,ZP,D
14:22:24,JSMR,RG,3390,2,D,KK,ZP,D
14:22:20,JSMR,RG,3390,2,D,KK,ZP,D
14:21:15,JSMR,RG,3380,10,D,YP,DR,D
14:20:31,JSMR,RG,3380,1,D,YP,RO,D
14:19:22,JSMR,RG,3380,1,D,YP,DR,D
14:19:00,JSMR,RG,3380,1,D,YP,CC,D
14:19:00,JSMR,RG,3380,66,D,YP,CC,D
14:19:00,JSMR,RG,3380,11,D,YP,CC,D
14:19:00,JSMR,RG,3380,1,D,YP,CC,D
14:19:00,JSMR,RG,3380,1,D,YP,CC,D
14:19:00,JSMR,RG,3380,1,D,YP,CC,D
14:19:00,JSMR,RG,3380,3,D,XL,CC,D
14:18:31,JSMR,RG,3390,2,D,YP,ZP,D
14:18:20,JSMR,RG,3390,1,D,YP,ZP,D
14:18:10,JSMR,RG,3390,17,F,ZP,ZP,D
14:18:08,JSMR,RG,3390,83,F,ZP,ZP,D
14:17:57,JSMR,RG,3390,4,F,ZP,ZP,D
14:17:57,JSMR,RG,3390,60,F,ZP,HP,D
14:17:57,JSMR,RG,3390,30,F,ZP,ZP,D
14:17:44,JSMR,RG,3390,1,F,ZP,ZP,D
14:17:44,JSMR,RG,3390,1,D,YP,ZP,D
14:17:44,JSMR,RG,3390,5,D,SQ,ZP,D
14:17:44,JSMR,RG,3390,7,F,ZP,ZP,D
14:17:36,JSMR,RG,3390,150,F,ZP,MG,D
14:17:33,JSMR,RG,3390,7,F,ZP,ZP,D
14:17:19,JSMR,RG,3390,3,F,ZP,ZP,D
14:17:05,JSMR,RG,3390,3,F,ZP,ZP,D
14:16:22,JSMR,RG,3390,20,F,ZP,ZP,D
14:16:15,JSMR,RG,3390,60,F,ZP,ZP,D
14:16:14,JSMR,RG,3390,1,F,AK,ZP,D
14:16:14,JSMR,RG,3390,18,D,SQ,ZP,D
14:16:08,JSMR,RG,3390,5,D,YU,ZP,D
14:16:07,JSMR,RG,3390,5,F,ZP,ZP,D
14:16:07,JSMR,RG,3390,211,F,ZP,ZP,D
14:16:07,JSMR,RG,3390,3,F,ZP,PD,D
14:16:07,JSMR,RG,3390,14,F,ZP,YB,D
14:16:07,JSMR,RG,3390,5,F,ZP,BB,D
14:16:07,JSMR,RG,3390,1,F,ZP,AK,F
14:16:07,JSMR,RG,3390,1,F,ZP,YP,D
14:16:07,JSMR,RG,3390,3,F,ZP,IU,D
14:16:07,JSMR,RG,3390,12,F,ZP,ZP,D
14:15:50,JSMR,RG,3390,30,D,YP,ZP,D
14:15:49,JSMR,RG,3390,3,F,AK,ZP,D
14:15:48,JSMR,RG,3390,3,F,AK,ZP,D
14:15:48,JSMR,RG,3390,1,F,AK,ZP,D
14:15:48,JSMR,RG,3390,6,F,AK,ZP,D
14:15:48,JSMR,RG,3390,1,F,AK,ZP,D
14:15:48,JSMR,RG,3390,13,F,AK,ZP,D
14:15:47,JSMR,RG,3390,1,F,AK,ZP,D
14:15:47,JSMR,RG,3390,26,F,AK,ZP,D
14:15:47,JSMR,RG,3390,2,F,AK,ZP,D
14:15:47,JSMR,RG,3390,102,D,YP,ZP,D
14:15:47,JSMR,RG,3390,10,D,YP,ZP,D
14:15:47,JSMR,RG,3390,30,D,YP,BB,D
14:15:47,JSMR,RG,3390,300,D,YP,ZP,D
14:15:47,JSMR,RG,3390,165,D,YP,ZP,D
14:15:47,JSMR,RG,3390,6,D,YP,ZP,D
14:15:47,JSMR,RG,3390,246,D,YP,ZP,D
14:15:47,JSMR,RG,3390,85,D,YP,ZP,D
14:15:47,JSMR,RG,3390,45,D,YP,ZP,D
14:15:47,JSMR,RG,3390,3,D,YP,ZP,D
14:15:47,JSMR,RG,3390,1,D,YP,ZP,D
14:15:47,JSMR,RG,3390,1,D,YP,AK,F
14:15:47,JSMR,RG,3390,1,D,YP,AK,F
14:15:47,JSMR,RG,3390,5,D,YP,ZP,D
14:15:21,JSMR,RG,3390,2,F,ZP,ZP,D
14:15:03,JSMR,RG,3390,10,D,GR,ZP,D
14:14:12,JSMR,RG,3390,4,F,ZP,ZP,D
14:13:33,JSMR,RG,3390,2,D,KK,ZP,D
14:12:45,JSMR,RG,3380,1,D,XL,AK,F
14:12:17,JSMR,RG,3390,11,F,ZP,ZP,D
14:10:37,JSMR,RG,3390,5,D,CC,ZP,D
14:10:29,JSMR,RG,3390,5,D,PD,ZP,D
14:10:15,JSMR,RG,3380,1,D,XL,XL,D
14:10:00,JSMR,RG,3380,5,D,XL,CC,D
14:10:00,JSMR,RG,3380,2,D,YP,CC,D
14:10:00,JSMR,RG,3380,1,D,LG,CC,D
14:10:00,JSMR,RG,3380,30,D,KK,CC,D
14:10:00,JSMR,RG,3380,20,D,DR,CC,D
14:10:00,JSMR,RG,3380,6,D,PD,CC,D
14:10:00,JSMR,RG,3380,19,D,PD,CC,D
14:09:55,JSMR,RG,3390,125,D,YP,ZP,D
14:09:40,JSMR,RG,3380,5,D,PD,YB,D
14:09:19,JSMR,RG,3390,10,D,DH,ZP,D
14:07:49,JSMR,RG,3390,21,D,SQ,ZP,D
14:07:49,JSMR,RG,3390,1,D,SQ,BB,D
14:07:49,JSMR,RG,3390,28,D,SQ,ZP,D
14:07:08,JSMR,RG,3390,1,D,OD,ZP,D
14:06:21,JSMR,RG,3390,1,D,XC,ZP,D
14:05:58,JSMR,RG,3390,2,F,AK,BB,D
14:05:58,JSMR,RG,3390,2,F,AK,BB,D
14:05:58,JSMR,RG,3390,6,F,AK,AZ,D
14:05:58,JSMR,RG,3390,5,F,AK,AZ,D
14:05:58,JSMR,RG,3390,6,F,ZP,AZ,D
14:05:58,JSMR,RG,3390,1,D,YP,AZ,D
14:05:58,JSMR,RG,3390,5,D,YB,AZ,D
14:05:58,JSMR,RG,3390,2,D,LS,AZ,D
14:05:58,JSMR,RG,3390,5,D,DH,AZ,D
14:05:19,JSMR,RG,3400,10,D,PD,YP,D
14:04:05,JSMR,RG,3400,1,F,AK,YP,D
14:03:02,JSMR,RG,3380,26,D,PD,YP,D
14:03:02,JSMR,RG,3380,144,D,PD,YP,D
14:03:02,JSMR,RG,3390,4,D,PD,YP,D
14:03:02,JSMR,RG,3390,11,F,ZP,YP,D
14:02:33,JSMR,RG,3390,1,D,KK,KK,D
14:02:33,JSMR,RG,3390,1,D,PD,KK,D
14:02:33,JSMR,RG,3390,1,D,YP,KK,D
14:02:33,JSMR,RG,3390,58,D,OD,KK,D
14:02:17,JSMR,RG,3390,42,D,OD,AK,F
14:02:17,JSMR,RG,3390,2,D,EP,AK,F
14:02:17,JSMR,RG,3390,10,D,YB,AK,F
14:02:17,JSMR,RG,3390,1,D,CC,AK,F
14:02:17,JSMR,RG,3390,34,D,YP,AK,F
14:02:04,JSMR,RG,3390,23,D,YP,BQ,D
14:01:30,JSMR,RG,3390,1,D,YP,XC,D
14:00:00,JSMR,RG,3390,42,D,YP,CC,D
14:00:00,JSMR,RG,3390,1,D,AZ,CC,D
14:00:00,JSMR,RG,3390,10,D,LS,CC,D
14:00:00,JSMR,RG,3390,6,D,YP,CC,D
14:00:00,JSMR,RG,3390,1,F,ZP,CC,D
14:00:00,JSMR,RG,3390,27,D,YP,CC,D
13:58:49,JSMR,RG,3390,5,D,YP,LG,D
13:57:26,JSMR,RG,3390,4,D,YP,PD,D
13:56:39,JSMR,RG,3390,7,D,YP,XC,D
13:55:41,JSMR,RG,3390,1,D,YP,XC,D
13:55:41,JSMR,RG,3390,4,D,YP,PD,D
13:55:41,JSMR,RG,3390,131,D,YP,ZP,D
13:55:36,JSMR,RG,3390,69,F,ZP,ZP,D
13:55:36,JSMR,RG,3390,1,F,ZP,AK,F
13:55:36,JSMR,RG,3390,10,F,ZP,ZP,D
13:55:36,JSMR,RG,3390,21,F,ZP,BB,D
13:55:36,JSMR,RG,3390,30,F,ZP,GR,D
13:55:36,JSMR,RG,3390,20,F,ZP,YP,D
13:55:36,JSMR,RG,3390,3,F,ZP,YP,D
13:55:36,JSMR,RG,3390,1,F,ZP,AK,F
13:55:36,JSMR,RG,3390,15,F,ZP,YP,D
13:55:36,JSMR,RG,3390,80,F,ZP,PD,D
13:55:32,JSMR,RG,3390,7,D,SQ,PD,D
13:55:29,JSMR,RG,3390,13,D,KK,PD,D
13:55:29,JSMR,RG,3390,137,D,KK,ZP,D
13:55:24,JSMR,RG,3390,2,F,ZP,ZP,D
13:55:24,JSMR,RG,3390,61,F,ZP,ZP,D
13:55:24,JSMR,RG,3390,165,F,ZP,ZP,D
13:55:24,JSMR,RG,3390,6,F,ZP,ZP,D
13:55:24,JSMR,RG,3390,18,F,ZP,ZP,D
13:55:15,JSMR,RG,3380,1,D,PD,AK,F
13:54:18,JSMR,RG,3390,3,D,CC,ZP,D
13:54:16,JSMR,RG,3390,4,F,ZP,ZP,D
13:54:10,JSMR,RG,3390,50,D,MG,ZP,D
13:53:57,JSMR,RG,3390,5,D,CC,ZP,D
13:53:35,JSMR,RG,3390,2,D,SQ,ZP,D
13:53:09,JSMR,RG,3390,50,D,EP,ZP,D
13:53:08,JSMR,RG,3390,20,D,NI,ZP,D
13:52:29,JSMR,RG,3390,3,F,ZP,ZP,D
13:51:52,JSMR,RG,3390,1,D,CC,ZP,D
13:51:47,JSMR,RG,3390,4,D,YB,ZP,D
13:51:20,JSMR,RG,3390,1,D,NI,ZP,D
13:50:58,JSMR,RG,3390,1,D,NI,ZP,D
13:50:44,JSMR,RG,3380,5,D,PD,LG,D
13:50:44,JSMR,RG,3380,16,D,PD,LG,D
13:50:26,JSMR,RG,3390,3,F,ZP,ZP,D
13:50:15,JSMR,RG,3390,1,F,AK,ZP,D
13:49:54,JSMR,RG,3390,10,D,YP,ZP,D
13:49:45,JSMR,RG,3390,1,D,XC,ZP,D
13:49:38,JSMR,RG,3390,5,D,KK,ZP,D
13:49:38,JSMR,RG,3390,1,D,YP,ZP,D
13:49:30,JSMR,RG,3390,1,D,YP,ZP,D
13:47:50,JSMR,RG,3390,1,D,YP,ZP,D
13:47:16,JSMR,RG,3390,7,F,ZP,ZP,D
13:46:48,JSMR,RG,3390,3,D,XL,ZP,D
13:46:37,JSMR,RG,3390,15,D,YP,ZP,D
13:46:36,JSMR,RG,3390,7,D,YP,ZP,D
13:46:00,JSMR,RG,3390,1,D,KK,ZP,D
13:45:19,JSMR,RG,3390,1,F,ZP,ZP,D
13:45:04,JSMR,RG,3390,3,F,ZP,ZP,D
13:43:53,JSMR,RG,3390,7,F,ZP,ZP,D
13:43:36,JSMR,RG,3390,15,D,CC,ZP,D
13:43:18,JSMR,RG,3390,2,D,YP,ZP,D
13:42:55,JSMR,RG,3390,1,D,YP,ZP,D
13:42:45,JSMR,RG,3390,1,F,AK,ZP,D
13:42:30,JSMR,RG,3390,5,D,PD,ZP,D
13:42:24,JSMR,RG,3390,19,F,ZP,ZP,D
13:42:24,JSMR,RG,3390,59,F,ZP,ZP,D
13:42:24,JSMR,RG,3390,45,F,ZP,ZP,D
13:42:24,JSMR,RG,3390,3,F,ZP,ZP,D
13:42:24,JSMR,RG,3390,1,F,ZP,ZP,D
13:42:24,JSMR,RG,3390,20,F,ZP,ZP,D
13:42:24,JSMR,RG,3390,17,F,ZP,BB,D
13:42:24,JSMR,RG,3390,105,F,ZP,ZP,D
13:42:08,JSMR,RG,3390,5,D,CC,ZP,D
13:41:15,JSMR,RG,3390,10,D,PD,ZP,D
13:40:58,JSMR,RG,3390,5,D,NI,ZP,D
13:40:38,JSMR,RG,3390,25,D,CC,ZP,D
13:40:08,JSMR,RG,3390,2,D,KK,ZP,D
13:39:54,JSMR,RG,3390,2,D,YP,ZP,D
13:39:41,JSMR,RG,3390,1,D,NI,ZP,D
13:38:12,JSMR,RG,3380,1,D,PD,NI,D
13:37:52,JSMR,RG,3380,3,D,PD,YP,D
13:37:24,JSMR,RG,3390,1,D,YP,ZP,D
13:37:02,JSMR,RG,3380,25,D,PD,EP,D
13:37:00,JSMR,RG,3380,3,D,PD,AZ,D
13:36:45,JSMR,RG,3380,1,D,PD,PD,D
13:36:43,JSMR,RG,3380,3,D,PD,CP,D
13:36:33,JSMR,RG,3380,28,D,PD,EP,D
13:36:22,JSMR,RG,3380,57,D,PD,AT,D
13:36:16,JSMR,RG,3380,101,D,PD,EP,D
13:36:16,JSMR,RG,3380,1,D,PD,EP,D
13:36:16,JSMR,RG,3380,2,D,YP,EP,D
13:36:16,JSMR,RG,3380,1,D,PD,EP,D
13:36:16,JSMR,RG,3380,5,D,CC,EP,D
13:35:26,JSMR,RG,3390,4,F,ZP,ZP,D
13:34:17,JSMR,RG,3390,20,F,ZP,ZP,D
13:33:34,JSMR,RG,3390,1,D,CP,ZP,D
13:33:24,JSMR,RG,3390,7,F,ZP,ZP,D
13:33:24,JSMR,RG,3390,12,D,SQ,ZP,D
13:33:24,JSMR,RG,3390,1,D,SQ,AK,F
13:33:24,JSMR,RG,3390,1,D,SQ,AK,F
13:33:24,JSMR,RG,3390,5,D,SQ,BB,D
13:33:24,JSMR,RG,3390,181,D,SQ,ZP,D
13:30:41,JSMR,RG,3390,10,D,YP,ZP,D
13:30:41,JSMR,RG,3390,3,D,XL,ZP,D
13:30:41,JSMR,RG,3390,1,D,CC,ZP,D
13:30:41,JSMR,RG,3390,4,D,YP,ZP,D
13:30:41,JSMR,RG,3390,1,D,YP,ZP,D
13:30:41,JSMR,RG,3390,1,D,XC,ZP,D
13:30:41,JSMR,RG,3390,10,D,XL,ZP,D
13:30:41,JSMR,RG,3390,1,D,YB,ZP,D
13:30:41,JSMR,RG,3390,1,D,XC,ZP,D
13:30:41,JSMR,RG,3390,1,D,XC,ZP,D
13:30:41,JSMR,RG,3390,2,D,DH,ZP,D
13:30:41,JSMR,RG,3390,1,D,XC,ZP,D
13:30:41,JSMR,RG,3390,10,D,YP,ZP,D
13:30:41,JSMR,RG,3390,6,D,NI,ZP,D
13:30:41,JSMR,RG,3390,15,D,PD,ZP,D
13:30:41,JSMR,RG,3390,15,D,PD,ZP,D
13:30:41,JSMR,RG,3390,1,D,PD,ZP,D
13:30:41,JSMR,RG,3390,3,D,KK,ZP,D
13:30:41,JSMR,RG,3390,4,D,PD,ZP,D
13:30:41,JSMR,RG,3390,2,D,YB,ZP,D
13:30:41,JSMR,RG,3390,1,D,CC,ZP,D
13:30:41,JSMR,RG,3390,9,D,XC,ZP,D
13:30:41,JSMR,RG,3390,45,D,EP,ZP,D
13:30:41,JSMR,RG,3390,10,D,YP,ZP,D
13:30:41,JSMR,RG,3390,13,F,ZP,ZP,D
13:30:41,JSMR,RG,3390,49,F,ZP,ZP,D
13:30:20,JSMR,RG,3400,1,F,AK,YP,D
13:30:06,JSMR,RG,3390,2,F,ZP,AK,F
13:30:04,JSMR,RG,3390,1,F,ZP,YP,D
13:30:03,JSMR,RG,3400,4,D,YP,YP,D
13:30:02,JSMR,RG,3390,2,F,ZP,CC,D
13:30:01,JSMR,RG,3390,8,F,ZP,YB,D
13:30:01,JSMR,RG,3390,1,F,ZP,PD,D
13:30:01,JSMR,RG,3390,87,F,ZP,IF,D
13:30:01,JSMR,RG,3390,5,D,CC,IF,D
13:30:01,JSMR,RG,3390,1,D,XC,IF,D
13:30:01,JSMR,RG,3390,10,D,SQ,IF,D
13:30:01,JSMR,RG,3390,1,D,NI,IF,D
13:30:01,JSMR,RG,3390,1,D,PD,IF,D
13:30:01,JSMR,RG,3390,2,D,YP,IF,D
13:30:01,JSMR,RG,3390,23,D,YP,IF,D
11:29:00,JSMR,RG,3390,5,D,YP,CC,D
11:27:02,JSMR,RG,3390,12,D,YP,KK,D
11:27:02,JSMR,RG,3390,3,D,NI,KK,D
11:27:02,JSMR,RG,3390,100,D,LG,KK,D
11:27:02,JSMR,RG,3390,25,D,YP,KK,D
11:24:46,JSMR,RG,3400,1,D,PD,YP,D
11:24:34,JSMR,RG,3400,5,D,YU,YP,D
11:21:39,JSMR,RG,3390,1,D,YP,NI,D
11:21:29,JSMR,RG,3390,1,D,YP,PD,D
11:20:45,JSMR,RG,3390,1,D,YP,AK,F
11:16:45,JSMR,RG,3390,22,D,YP,YP,D
11:16:45,JSMR,RG,3390,3,F,ZP,YP,D
11:16:45,JSMR,RG,3390,1,F,ZP,YP,D
11:12:03,JSMR,RG,3390,1,F,ZP,NI,D
11:11:12,JSMR,RG,3390,30,F,ZP,CC,D
11:11:00,JSMR,RG,3390,38,F,ZP,YP,D
11:08:57,JSMR,RG,3390,10,F,ZP,YB,D
11:08:57,JSMR,RG,3390,1,F,ZP,AK,F
11:08:57,JSMR,RG,3390,169,F,ZP,ZP,D
11:08:45,JSMR,RG,3390,5,F,ZP,ZP,D
11:08:45,JSMR,RG,3390,26,D,YP,ZP,D
11:08:45,JSMR,RG,3390,124,D,YP,CC,D
11:08:45,JSMR,RG,3390,50,D,YP,ZP,D
11:08:13,JSMR,RG,3390,100,D,YP,ZP,D
11:07:56,JSMR,RG,3390,5,D,GR,ZP,D
11:07:55,JSMR,RG,3390,10,D,SQ,ZP,D
11:07:55,JSMR,RG,3390,6,D,SQ,ZP,D
11:07:55,JSMR,RG,3390,4,D,SQ,ZP,D
11:05:01,JSMR,RG,3390,1,D,YP,ZP,D
11:04:04,JSMR,RG,3390,5,D,PD,ZP,D
11:03:39,JSMR,RG,3390,1,D,DH,ZP,D
11:03:31,JSMR,RG,3390,1,D,PD,ZP,D
11:03:31,JSMR,RG,3390,15,D,YP,ZP,D
11:03:31,JSMR,RG,3390,7,D,PD,ZP,D
11:03:31,JSMR,RG,3390,1,D,PD,ZP,D
11:03:31,JSMR,RG,3390,10,D,DH,ZP,D
11:03:31,JSMR,RG,3390,1,D,YP,ZP,D
11:03:31,JSMR,RG,3390,200,F,ZP,ZP,D
11:03:31,JSMR,RG,3390,50,F,ZP,ZP,D
11:03:31,JSMR,RG,3390,4,F,ZP,ZP,D
11:03:31,JSMR,RG,3390,31,D,YP,ZP,D
11:03:31,JSMR,RG,3390,45,D,YP,ZP,D
11:03:31,JSMR,RG,3390,3,D,YP,ZP,D
11:03:31,JSMR,RG,3390,1,D,YP,ZP,D
11:01:54,JSMR,RG,3390,45,D,YP,PC,D
10:59:40,JSMR,RG,3390,1,D,YP,NI,D
10:58:48,JSMR,RG,3390,11,D,YP,PD,D
10:58:14,JSMR,RG,3390,2,D,YP,NI,D
10:57:50,JSMR,RG,3390,1,D,YP,NI,D
10:57:16,JSMR,RG,3390,29,D,YP,ZP,D
10:55:38,JSMR,RG,3390,5,D,YP,ZP,D
10:54:55,JSMR,RG,3390,10,D,CC,ZP,D
10:54:46,JSMR,RG,3390,1,D,CP,ZP,D
10:54:32,JSMR,RG,3390,1,D,XC,ZP,D
10:54:03,JSMR,RG,3390,50,D,YP,ZP,D
10:54:03,JSMR,RG,3390,1,D,CC,ZP,D
10:54:03,JSMR,RG,3390,13,D,PD,ZP,D
10:54:03,JSMR,RG,3390,5,D,PD,ZP,D
10:54:03,JSMR,RG,3390,5,D,YP,ZP,D
10:54:03,JSMR,RG,3390,1,D,CC,ZP,D
10:54:03,JSMR,RG,3390,15,D,YB,ZP,D
10:54:03,JSMR,RG,3390,5,F,ZP,ZP,D
10:54:03,JSMR,RG,3390,159,F,ZP,ZP,D
10:52:39,JSMR,RG,3390,10,F,ZP,CC,D
10:52:31,JSMR,RG,3390,1,F,ZP,YP,D
10:52:25,JSMR,RG,3390,25,F,ZP,YP,D
10:51:55,JSMR,RG,3390,37,F,ZP,ZP,D
10:51:55,JSMR,RG,3390,10,F,ZP,XL,D
10:51:55,JSMR,RG,3390,8,F,ZP,PD,D
10:51:53,JSMR,RG,3390,2,D,PD,PD,D
10:51:43,JSMR,RG,3390,4,F,ZP,PD,D
10:51:43,JSMR,RG,3390,46,D,CC,PD,D
10:51:43,JSMR,RG,3390,10,D,CC,ZP,D
10:51:43,JSMR,RG,3390,9,D,CC,ZP,D
10:51:43,JSMR,RG,3390,1,D,CC,AK,F
10:51:43,JSMR,RG,3390,37,D,CC,ZP,D
10:51:43,JSMR,RG,3390,42,D,CC,CC,D
10:51:41,JSMR,RG,3390,2,D,DH,CC,D
10:51:40,JSMR,RG,3390,10,D,YP,CC,D
10:51:13,JSMR,RG,3390,5,D,PD,CC,D
10:50:20,JSMR,RG,3380,1,D,PD,PD,D
10:50:20,JSMR,RG,3380,2,D,KK,PD,D
10:50:20,JSMR,RG,3380,2,D,PD,PD,D
10:50:20,JSMR,RG,3380,1,D,GR,PD,D
10:48:41,JSMR,RG,3380,6,D,GR,YP,D
10:48:37,JSMR,RG,3380,100,D,GR,YP,D
10:48:10,JSMR,RG,3390,20,D,LG,ZP,D
10:48:10,JSMR,RG,3390,1,D,CC,ZP,D
10:48:10,JSMR,RG,3390,6,F,CC,ZP,D
10:48:10,JSMR,RG,3390,4,D,XC,ZP,D
10:48:10,JSMR,RG,3390,5,D,YP,ZP,D
10:48:10,JSMR,RG,3390,10,D,YP,ZP,D
10:48:10,JSMR,RG,3390,14,D,CC,ZP,D
10:48:10,JSMR,RG,3390,1,D,YP,ZP,D
10:48:10,JSMR,RG,3390,21,D,YP,ZP,D
10:47:31,JSMR,RG,3390,24,D,YP,ZP,D
10:47:31,JSMR,RG,3390,50,D,YP,ZP,D
10:47:31,JSMR,RG,3390,1,D,PD,ZP,D
10:47:31,JSMR,RG,3390,10,D,YP,ZP,D
10:47:31,JSMR,RG,3390,17,D,LG,ZP,D
10:47:31,JSMR,RG,3390,29,D,LG,ZP,D
10:47:31,JSMR,RG,3390,1,D,BQ,ZP,D
10:47:31,JSMR,RG,3390,75,D,PD,ZP,D
10:47:31,JSMR,RG,3390,2,D,BQ,ZP,D
10:47:31,JSMR,RG,3390,5,D,YP,ZP,D
10:47:31,JSMR,RG,3390,50,D,PD,ZP,D
10:47:31,JSMR,RG,3390,3,D,LG,ZP,D
10:47:31,JSMR,RG,3390,6,D,LG,ZP,D
10:47:31,JSMR,RG,3390,91,D,LG,ZP,D
10:47:31,JSMR,RG,3390,20,D,BQ,ZP,D
10:47:31,JSMR,RG,3390,100,D,PD,ZP,D
10:47:31,JSMR,RG,3390,10,D,ZP,ZP,D
10:47:31,JSMR,RG,3390,1,D,PD,ZP,D
10:47:31,JSMR,RG,3390,1,D,YP,ZP,D
10:47:31,JSMR,RG,3390,2,D,CC,ZP,D
10:47:31,JSMR,RG,3390,2,D,YP,ZP,D
10:47:31,JSMR,RG,3390,1,D,PD,ZP,D
10:47:31,JSMR,RG,3390,1,D,YP,ZP,D
10:47:31,JSMR,RG,3390,2,D,SQ,ZP,D
10:47:31,JSMR,RG,3390,8,F,ZP,ZP,D
10:47:31,JSMR,RG,3390,7,F,ZP,ZP,D
10:47:31,JSMR,RG,3390,85,F,ZP,ZP,D
10:47:31,JSMR,RG,3390,45,F,ZP,ZP,D
10:47:31,JSMR,RG,3390,3,F,ZP,ZP,D
10:47:31,JSMR,RG,3390,1,F,ZP,ZP,D
10:40:17,JSMR,RG,3390,300,F,ZP,KI,D
10:39:08,JSMR,RG,3390,2,F,ZP,CC,D
10:39:02,JSMR,RG,3390,2,F,ZP,XC,D
10:38:44,JSMR,RG,3400,2,F,ZP,YP,D
10:38:01,JSMR,RG,3400,1,D,YP,YP,D
10:37:08,JSMR,RG,3400,15,F,ZP,YP,D
10:36:14,JSMR,RG,3400,1,D,NI,YP,D
10:35:49,JSMR,RG,3400,1,D,YP,YP,D
10:34:17,JSMR,RG,3390,1,F,ZP,AK,F
10:34:17,JSMR,RG,3390,54,F,ZP,CC,D
10:34:14,JSMR,RG,3390,1,D,YP,CC,D
10:34:08,JSMR,RG,3390,3,D,YP,CC,D
10:34:02,JSMR,RG,3390,1,D,YP,PD,D
10:34:02,JSMR,RG,3390,1,D,YP,AK,F
10:34:02,JSMR,RG,3390,1,D,YP,AK,F
10:33:33,JSMR,RG,3390,1,D,DH,ZP,D
10:33:31,JSMR,RG,3390,3,D,YP,ZP,D
10:33:22,JSMR,RG,3390,3,D,YP,ZP,D
10:33:18,JSMR,RG,3390,5,D,YP,ZP,D
10:32:57,JSMR,RG,3390,1,D,YP,ZP,D
10:32:50,JSMR,RG,3390,3,D,YP,ZP,D
10:32:40,JSMR,RG,3380,1,D,GR,DR,D
10:32:30,JSMR,RG,3390,1,D,CP,ZP,D
10:32:19,JSMR,RG,3390,1,D,CC,ZP,D
10:31:33,JSMR,RG,3390,10,D,CC,ZP,D
10:28:42,JSMR,RG,3390,2,D,KK,ZP,D
10:26:39,JSMR,RG,3380,56,D,GR,ZP,D
10:26:39,JSMR,RG,3380,29,D,GR,ZP,D
10:26:39,JSMR,RG,3380,307,D,GR,ZP,D
10:26:39,JSMR,RG,3380,100,D,YU,ZP,D
10:26:39,JSMR,RG,3380,27,D,YB,ZP,D
10:26:35,JSMR,RG,3390,10,D,GR,ZP,D
10:26:30,JSMR,RG,3380,3,D,YB,KK,D
10:26:30,JSMR,RG,3380,9,D,PD,KK,D
10:26:30,JSMR,RG,3380,3,D,IF,KK,D
10:26:30,JSMR,RG,3380,1,D,IF,KK,D
10:26:30,JSMR,RG,3380,5,D,IF,NI,D
10:26:30,JSMR,RG,3380,1,D,IF,AK,F
10:25:59,JSMR,RG,3390,18,D,YB,ZP,D
10:25:51,JSMR,RG,3390,2,D,CC,ZP,D
10:25:22,JSMR,RG,3390,100,D,LG,ZP,D
10:24:53,JSMR,RG,3390,1,D,YP,ZP,D
10:24:24,JSMR,RG,3390,2,D,PD,ZP,D
10:24:24,JSMR,RG,3390,3,D,PD,ZP,D
10:24:01,JSMR,RG,3390,2,D,YB,ZP,D
10:24:01,JSMR,RG,3390,15,D,YB,ZP,D
10:23:47,JSMR,RG,3390,4,D,YP,ZP,D
10:23:28,JSMR,RG,3390,1,D,XL,ZP,D
10:23:19,JSMR,RG,3390,10,D,NI,ZP,D
10:22:38,JSMR,RG,3390,5,D,CC,ZP,D
10:22:33,JSMR,RG,3390,5,F,ZP,ZP,D
10:22:33,JSMR,RG,3390,21,D,YB,ZP,D
10:22:33,JSMR,RG,3390,85,D,YB,ZP,D
10:22:33,JSMR,RG,3390,2,D,NI,ZP,D
10:22:33,JSMR,RG,3390,1,D,NI,ZP,D
10:22:33,JSMR,RG,3390,10,D,SQ,ZP,D
10:22:33,JSMR,RG,3390,5,D,EP,ZP,D
10:22:33,JSMR,RG,3390,30,D,EP,ZP,D
10:22:33,JSMR,RG,3390,20,D,YP,ZP,D
10:22:33,JSMR,RG,3390,100,D,GR,ZP,D
10:22:33,JSMR,RG,3390,1,D,DX,ZP,D
10:22:33,JSMR,RG,3390,1,D,YP,ZP,D
10:22:33,JSMR,RG,3390,10,D,YB,ZP,D
10:22:33,JSMR,RG,3390,2,D,SH,ZP,D
10:22:33,JSMR,RG,3390,5,D,YP,ZP,D
10:22:33,JSMR,RG,3390,5,F,CC,ZP,D
10:22:33,JSMR,RG,3390,1,D,XC,ZP,D
10:22:33,JSMR,RG,3390,3,D,YP,ZP,D
10:22:33,JSMR,RG,3390,1,D,MK,ZP,D
10:22:33,JSMR,RG,3390,1,D,PD,ZP,D
10:22:33,JSMR,RG,3390,2,D,YP,ZP,D
10:22:33,JSMR,RG,3390,1,D,KK,ZP,D
10:22:33,JSMR,RG,3390,1,D,YP,ZP,D
10:22:33,JSMR,RG,3390,91,F,ZP,ZP,D
10:22:32,JSMR,RG,3390,159,F,ZP,ZP,D
10:22:32,JSMR,RG,3390,3,D,YP,ZP,D
10:22:32,JSMR,RG,3390,1,D,YP,ZP,D
10:22:32,JSMR,RG,3390,100,D,YP,ZP,D
10:22:32,JSMR,RG,3390,3,D,PD,ZP,D
10:22:32,JSMR,RG,3390,17,F,ZP,ZP,D
10:22:32,JSMR,RG,3390,5,D,PD,ZP,D
10:22:32,JSMR,RG,3390,1,D,CC,ZP,D
10:22:32,JSMR,RG,3390,147,D,PD,ZP,D
10:22:32,JSMR,RG,3390,1,D,DH,ZP,D
10:22:32,JSMR,RG,3390,10,D,PD,ZP,D
10:22:32,JSMR,RG,3390,1,D,PD,ZP,D
10:22:32,JSMR,RG,3390,20,D,SQ,ZP,D
10:22:32,JSMR,RG,3390,10,D,DR,ZP,D
10:22:32,JSMR,RG,3390,1,D,YB,ZP,D
10:22:32,JSMR,RG,3390,5,D,YP,ZP,D
10:22:32,JSMR,RG,3390,1,D,YP,ZP,D
10:22:32,JSMR,RG,3390,6,D,YB,ZP,D
10:22:32,JSMR,RG,3390,3,F,ZP,ZP,D
10:22:32,JSMR,RG,3390,10,D,YP,ZP,D
10:22:32,JSMR,RG,3390,50,D,CC,ZP,D
10:22:32,JSMR,RG,3390,50,D,CD,ZP,D
10:22:32,JSMR,RG,3390,10,D,KK,ZP,D
10:22:32,JSMR,RG,3390,1,D,NI,ZP,D
10:22:32,JSMR,RG,3390,1,D,YJ,ZP,D
10:22:32,JSMR,RG,3390,2,D,KK,ZP,D
10:22:32,JSMR,RG,3390,250,F,ZP,ZP,D
10:22:32,JSMR,RG,3390,2,D,KK,ZP,D
10:22:32,JSMR,RG,3390,1,D,NI,ZP,D
10:22:32,JSMR,RG,3390,2,D,KK,ZP,D
10:22:32,JSMR,RG,3390,1,D,XC,ZP,D
10:22:32,JSMR,RG,3390,10,D,YP,ZP,D
10:22:32,JSMR,RG,3390,10,D,CC,ZP,D
10:22:32,JSMR,RG,3390,1,D,MK,ZP,D
10:22:32,JSMR,RG,3390,158,F,ZP,ZP,D
10:22:32,JSMR,RG,3390,92,F,ZP,ZP,D
10:22:32,JSMR,RG,3390,10,D,SQ,ZP,D
10:22:32,JSMR,RG,3390,3,D,XC,ZP,D
10:22:32,JSMR,RG,3390,294,D,YP,ZP,D
10:22:32,JSMR,RG,3390,1,D,AT,ZP,D
10:22:32,JSMR,RG,3390,5,D,KK,ZP,D
10:22:32,JSMR,RG,3390,1,D,NI,ZP,D
10:22:32,JSMR,RG,3390,7,D,SQ,ZP,D
10:22:32,JSMR,RG,3390,5,D,PD,ZP,D
10:22:32,JSMR,RG,3390,25,D,LG,ZP,D
10:22:32,JSMR,RG,3390,10,D,PD,ZP,D
10:22:32,JSMR,RG,3390,6,D,DX,ZP,D
10:22:32,JSMR,RG,3390,25,D,YP,ZP,D
10:22:32,JSMR,RG,3390,50,D,SQ,ZP,D
10:22:32,JSMR,RG,3390,2,D,PD,ZP,D
10:22:32,JSMR,RG,3390,2,D,PD,ZP,D
10:22:32,JSMR,RG,3390,5,D,XC,ZP,D
10:22:32,JSMR,RG,3390,10,D,YP,ZP,D
10:22:32,JSMR,RG,3390,3,D,YP,ZP,D
10:22:32,JSMR,RG,3390,10,D,YP,ZP,D
10:22:32,JSMR,RG,3390,5,D,DR,ZP,D
10:22:32,JSMR,RG,3390,1,D,YP,ZP,D
10:22:32,JSMR,RG,3390,1,D,DR,ZP,D
10:22:32,JSMR,RG,3390,100,D,LG,ZP,D
10:22:32,JSMR,RG,3390,8,D,XC,ZP,D
10:22:32,JSMR,RG,3390,7,D,XC,ZP,D
10:22:32,JSMR,RG,3390,1,D,PD,ZP,D
10:22:32,JSMR,RG,3390,5,D,CC,ZP,D
10:22:32,JSMR,RG,3390,2,D,NI,ZP,D
10:22:32,JSMR,RG,3390,5,D,YP,ZP,D
10:22:32,JSMR,RG,3390,40,F,ZP,ZP,D
10:22:13,JSMR,RG,3390,2,F,ZP,YB,D
10:20:44,JSMR,RG,3390,1,F,ZP,XC,D
10:20:27,JSMR,RG,3400,3,D,YP,ZP,D
10:20:27,JSMR,RG,3400,2,D,YP,ZP,D
10:18:01,JSMR,RG,3400,5,D,GR,ZP,D
10:17:49,JSMR,RG,3400,1,D,DH,ZP,D
10:17:32,JSMR,RG,3400,1,D,XL,ZP,D
10:17:23,JSMR,RG,3400,1,D,PD,ZP,D
10:17:00,JSMR,RG,3390,1,F,ZP,AK,F
10:16:45,JSMR,RG,3400,2,D,KK,ZP,D
10:16:41,JSMR,RG,3400,2,D,KK,ZP,D
10:16:36,JSMR,RG,3400,2,D,KK,ZP,D
10:16:34,JSMR,RG,3390,5,F,ZP,EP,D
10:12:54,JSMR,RG,3400,3,D,NI,ZP,D
10:12:14,JSMR,RG,3400,2,D,KK,ZP,D
10:12:10,JSMR,RG,3400,2,D,KK,ZP,D
10:12:06,JSMR,RG,3390,10,F,ZP,PD,D
10:12:06,JSMR,RG,3390,191,F,ZP,NI,D
10:12:06,JSMR,RG,3390,2,D,YB,NI,D
10:12:06,JSMR,RG,3390,1,D,PD,NI,D
10:12:06,JSMR,RG,3390,1,D,BQ,NI,D
10:12:06,JSMR,RG,3390,1,D,BQ,NI,D
10:12:06,JSMR,RG,3390,50,D,YP,NI,D
10:12:06,JSMR,RG,3390,13,D,YB,NI,D
10:12:06,JSMR,RG,3390,50,D,CC,NI,D
10:12:06,JSMR,RG,3390,50,D,CC,NI,D
10:12:06,JSMR,RG,3390,10,D,YP,NI,D
10:12:06,JSMR,RG,3390,10,D,YJ,NI,D
10:12:06,JSMR,RG,3390,1,D,AZ,NI,D
10:12:06,JSMR,RG,3390,1,D,YB,NI,D
10:12:06,JSMR,RG,3390,1,D,PD,NI,D
10:12:06,JSMR,RG,3390,500,D,KK,NI,D
10:12:06,JSMR,RG,3390,5,D,YP,NI,D
10:12:06,JSMR,RG,3390,5,D,YP,NI,D
10:12:06,JSMR,RG,3390,1,D,XC,NI,D
10:12:06,JSMR,RG,3390,5,D,YP,NI,D
10:12:06,JSMR,RG,3390,1,D,YP,NI,D
10:12:06,JSMR,RG,3390,82,D,YP,NI,D
10:12:05,JSMR,RG,3400,2,D,KK,ZP,D
10:10:45,JSMR,RG,3400,1,D,YP,ZP,D
10:10:15,JSMR,RG,3390,1,D,YP,AK,F
10:10:07,JSMR,RG,3400,1,D,MK,ZP,D
10:09:55,JSMR,RG,3400,1,D,YP,ZP,D
10:09:49,JSMR,RG,3400,1,D,YP,ZP,D
10:09:35,JSMR,RG,3400,1,D,YP,ZP,D
10:09:29,JSMR,RG,3400,3,D,YP,ZP,D
10:09:21,JSMR,RG,3400,1,D,KK,ZP,D
10:08:43,JSMR,RG,3390,1,D,YP,BK,F
10:08:40,JSMR,RG,3400,100,D,YP,ZP,D
10:08:18,JSMR,RG,3400,1,D,YP,ZP,D
10:06:52,JSMR,RG,3400,1,D,YP,ZP,D
10:06:47,JSMR,RG,3400,3,D,YP,ZP,D
10:06:42,JSMR,RG,3400,5,D,PD,ZP,D
10:06:20,JSMR,RG,3390,2,D,YP,BK,F
10:06:17,JSMR,RG,3400,65,D,XC,ZP,D
10:06:17,JSMR,RG,3400,31,F,ZP,ZP,D
10:06:17,JSMR,RG,3400,1,D,YP,ZP,D
10:06:17,JSMR,RG,3400,2,D,OD,ZP,D
10:06:17,JSMR,RG,3400,5,D,PD,ZP,D
10:06:17,JSMR,RG,3400,3,D,PD,ZP,D
10:06:17,JSMR,RG,3400,10,D,YB,ZP,D
10:06:17,JSMR,RG,3400,1,D,IP,ZP,D
10:06:17,JSMR,RG,3400,1,D,LG,ZP,D
10:06:17,JSMR,RG,3400,1,D,CC,ZP,D
10:06:17,JSMR,RG,3400,199,D,AZ,ZP,D
10:05:38,JSMR,RG,3400,1,D,AZ,BK,F
10:05:38,JSMR,RG,3400,1,D,SQ,BK,F
10:05:34,JSMR,RG,3400,4,D,SQ,ZP,D
10:05:34,JSMR,RG,3400,52,F,ZP,ZP,D
10:05:34,JSMR,RG,3400,29,F,ZP,ZP,D
10:05:34,JSMR,RG,3400,169,F,ZP,ZP,D
10:05:34,JSMR,RG,3400,70,D,PD,ZP,D
10:05:34,JSMR,RG,3400,1,F,CC,ZP,D
10:05:34,JSMR,RG,3400,1,D,YP,ZP,D
10:05:34,JSMR,RG,3400,1,D,LG,ZP,D
10:05:34,JSMR,RG,3400,3,D,YB,ZP,D
10:05:34,JSMR,RG,3400,189,F,ZP,ZP,D
10:05:30,JSMR,RG,3400,15,F,ZP,NI,D
10:05:10,JSMR,RG,3400,46,F,ZP,XC,D
10:05:10,JSMR,RG,3400,1,D,YB,XC,D
10:05:10,JSMR,RG,3400,5,D,KK,XC,D
10:05:10,JSMR,RG,3400,4,F,ZP,XC,D
10:05:10,JSMR,RG,3400,1,D,YP,XC,D
10:05:10,JSMR,RG,3400,2,D,IF,XC,D
10:03:52,JSMR,RG,3400,1,D,IF,YB,D
10:03:52,JSMR,RG,3400,1,F,ZP,YB,D
10:03:52,JSMR,RG,3400,1,F,ZP,YB,D
09:59:52,JSMR,RG,3410,2,D,YP,ZP,D
09:59:29,JSMR,RG,3410,2,D,OD,ZP,D
09:57:08,JSMR,RG,3410,2,D,YP,ZP,D
09:57:08,JSMR,RG,3410,50,D,CC,ZP,D
09:56:37,JSMR,RG,3410,2,D,YP,ZP,D
09:56:30,JSMR,RG,3400,7,F,ZP,YB,D
09:56:20,JSMR,RG,3410,22,D,CC,ZP,D
09:55:48,JSMR,RG,3410,2,D,YP,ZP,D
09:55:26,JSMR,RG,3410,2,D,YP,ZP,D
09:55:11,JSMR,RG,3410,2,D,YP,ZP,D
09:54:54,JSMR,RG,3410,7,D,NI,ZP,D
09:54:54,JSMR,RG,3410,3,D,NI,ZP,D
09:54:31,JSMR,RG,3410,2,D,KK,ZP,D
09:51:17,JSMR,RG,3410,10,D,LG,ZP,D
09:49:03,JSMR,RG,3400,1,F,ZP,NI,D
09:48:38,JSMR,RG,3400,1,F,ZP,AK,F
09:48:38,JSMR,RG,3400,1,F,ZP,AK,F
09:48:38,JSMR,RG,3400,1,F,ZP,AK,F
09:48:38,JSMR,RG,3400,9,F,ZP,BK,F
09:48:38,JSMR,RG,3400,79,F,ZP,PD,D
09:47:46,JSMR,RG,3400,21,D,DR,PD,D
09:47:46,JSMR,RG,3400,25,D,DR,PD,D
09:46:41,JSMR,RG,3400,2,D,KK,PD,D
09:46:12,JSMR,RG,3400,2,D,KK,PD,D
09:45:45,JSMR,RG,3390,4,D,YP,BK,F
09:45:45,JSMR,RG,3390,10,D,YP,YB,D
09:45:45,JSMR,RG,3390,39,D,XL,YB,D
09:45:45,JSMR,RG,3390,1,D,YP,YB,D
09:45:45,JSMR,RG,3390,20,D,PD,YB,D
09:45:45,JSMR,RG,3390,1,D,PD,YB,D
09:45:45,JSMR,RG,3390,2,D,YP,YB,D
09:45:45,JSMR,RG,3390,1,D,PD,YB,D
09:45:45,JSMR,RG,3390,17,D,YB,YB,D
09:45:33,JSMR,RG,3390,13,D,YB,BK,F
09:45:33,JSMR,RG,3390,5,D,YB,BK,F
09:45:31,JSMR,RG,3400,1,D,CP,AK,F
09:45:31,JSMR,RG,3400,1,D,XC,AK,F
09:45:31,JSMR,RG,3400,1,D,KK,AK,F
09:45:31,JSMR,RG,3400,7,D,NI,AK,F
09:45:31,JSMR,RG,3400,2,D,PD,AK,F
09:45:31,JSMR,RG,3400,500,F,ZP,AK,F
09:45:31,JSMR,RG,3400,23,F,ZP,AK,F
09:45:31,JSMR,RG,3400,25,D,YP,AK,F
09:45:31,JSMR,RG,3400,2,F,CC,AK,F
09:45:31,JSMR,RG,3400,5,D,KK,AK,F
09:45:31,JSMR,RG,3400,2,D,PD,AK,F
09:45:31,JSMR,RG,3400,1,D,NI,AK,F
09:45:31,JSMR,RG,3400,5,D,PD,AK,F
09:45:31,JSMR,RG,3400,2,D,BQ,AK,F
09:45:31,JSMR,RG,3400,1,D,MK,AK,F
09:45:31,JSMR,RG,3400,3,D,CC,AK,F
09:45:31,JSMR,RG,3400,5,D,LS,AK,F
09:45:31,JSMR,RG,3400,10,D,PD,AK,F
09:45:31,JSMR,RG,3400,2,D,YP,AK,F
09:45:31,JSMR,RG,3400,1,D,XA,AK,F
09:45:31,JSMR,RG,3400,1,D,PD,AK,F
09:45:31,JSMR,RG,3400,5,D,DH,AK,F
09:45:31,JSMR,RG,3400,100,D,LG,AK,F
09:45:31,JSMR,RG,3400,11,D,CC,AK,F
09:45:31,JSMR,RG,3400,2,D,DH,AK,F
09:45:31,JSMR,RG,3400,1,D,YP,AK,F
09:45:31,JSMR,RG,3400,250,F,ZP,AK,F
09:45:31,JSMR,RG,3400,28,D,NI,AK,F
09:45:31,JSMR,RG,3400,1,D,KK,AK,F
09:45:31,JSMR,RG,3400,5,D,YP,AK,F
09:45:31,JSMR,RG,3400,1,D,OD,AK,F
09:45:31,JSMR,RG,3400,250,F,ZP,AK,F
09:45:31,JSMR,RG,3400,18,F,ZP,AK,F
09:45:31,JSMR,RG,3400,477,D,AR,AK,F
09:45:31,JSMR,RG,3400,2,D,AR,AK,F
09:45:31,JSMR,RG,3400,56,D,AR,ZP,D
09:45:31,JSMR,RG,3400,29,D,AR,ZP,D
09:45:31,JSMR,RG,3400,434,D,AR,ZP,D
09:44:09,JSMR,RG,3400,7,D,AR,DH,D
09:44:02,JSMR,RG,3400,1,D,AR,XC,D
09:43:39,JSMR,RG,3400,10,D,AR,PD,D
09:43:14,JSMR,RG,3400,4,D,AR,AK,F
09:43:10,JSMR,RG,3400,56,D,AR,ZP,D
09:43:10,JSMR,RG,3400,29,D,AR,ZP,D
09:43:10,JSMR,RG,3400,365,D,AR,ZP,D
09:43:10,JSMR,RG,3400,7,D,SQ,ZP,D
09:43:10,JSMR,RG,3400,1,D,YP,ZP,D
09:43:10,JSMR,RG,3400,61,F,AK,ZP,D
09:43:01,JSMR,RG,3400,2,F,AK,PD,D
09:41:51,JSMR,RG,3410,5,D,KK,ZP,D
09:41:29,JSMR,RG,3400,15,F,AK,YB,D
09:41:29,JSMR,RG,3400,1,D,XC,YB,D
09:41:29,JSMR,RG,3400,4,F,ZP,YB,D
09:41:29,JSMR,RG,3400,237,D,PD,YB,D
09:41:07,JSMR,RG,3400,40,D,PD,NI,D
09:40:33,JSMR,RG,3410,2,D,KK,ZP,D
09:40:12,JSMR,RG,3410,1,D,DH,ZP,D
09:37:35,JSMR,RG,3410,58,D,YB,ZP,D
09:37:34,JSMR,RG,3410,100,F,ZP,ZP,D
09:37:28,JSMR,RG,3410,100,F,ZP,ZP,D
09:37:23,JSMR,RG,3410,150,F,ZP,ZP,D
09:37:19,JSMR,RG,3410,1,D,XC,ZP,D
09:36:53,JSMR,RG,3410,38,D,YB,ZP,D
09:36:53,JSMR,RG,3410,112,D,YB,ZP,D
09:36:52,JSMR,RG,3410,3,D,SQ,ZP,D
09:36:19,JSMR,RG,3410,1,D,CC,ZP,D
09:35:01,JSMR,RG,3410,15,D,CC,ZP,D
09:33:28,JSMR,RG,3410,1,D,DR,ZP,D
09:31:35,JSMR,RG,3400,3,D,PD,LG,D
09:31:26,JSMR,RG,3400,2,D,PD,LG,D
09:29:21,JSMR,RG,3400,15,D,PD,NI,D
09:28:12,JSMR,RG,3410,3,D,KK,ZP,D
09:27:57,JSMR,RG,3400,3,D,PD,LG,D
09:27:42,JSMR,RG,3400,3,D,KK,PD,D
09:27:42,JSMR,RG,3400,5,D,PD,PD,D
09:27:42,JSMR,RG,3400,1,D,YP,PD,D
09:27:42,JSMR,RG,3400,2,F,ZP,PD,D
09:27:42,JSMR,RG,3400,39,D,YP,PD,D
09:27:37,JSMR,RG,3400,1,D,YP,AK,F
09:27:37,JSMR,RG,3400,6,D,YP,AK,F
09:27:37,JSMR,RG,3400,2,D,YP,LG,D
09:27:37,JSMR,RG,3400,2,D,YP,LG,D
09:27:14,JSMR,RG,3400,3,F,ZP,LG,D
09:27:14,JSMR,RG,3400,1,F,ZP,AK,F
09:27:14,JSMR,RG,3400,4,F,ZP,BK,F
09:27:14,JSMR,RG,3400,6,F,ZP,XC,D
09:27:14,JSMR,RG,3400,1,F,ZP,AK,F
09:27:14,JSMR,RG,3400,22,F,ZP,ZP,D
09:27:14,JSMR,RG,3400,12,F,ZP,ZP,D
09:27:14,JSMR,RG,3400,51,F,ZP,ZP,D
09:26:47,JSMR,RG,3400,2,F,ZP,ZP,D
09:26:47,JSMR,RG,3400,100,F,ZP,ZP,D
09:26:38,JSMR,RG,3400,21,F,ZP,ZP,D
09:26:38,JSMR,RG,3400,12,F,ZP,YB,D
09:26:38,JSMR,RG,3400,16,F,ZP,EP,D
09:26:38,JSMR,RG,3400,1,F,ZP,CC,D
09:26:38,JSMR,RG,3400,1,F,ZP,AK,F
09:26:38,JSMR,RG,3400,22,F,ZP,ZP,D
09:26:38,JSMR,RG,3400,12,F,ZP,ZP,D
09:26:38,JSMR,RG,3400,15,F,ZP,ZP,D
09:25:34,JSMR,RG,3400,1,D,DH,ZP,D
09:25:33,JSMR,RG,3400,100,D,LG,ZP,D
09:25:29,JSMR,RG,3400,15,D,CC,ZP,D
09:25:23,JSMR,RG,3400,1,F,ZP,ZP,D
09:24:52,JSMR,RG,3400,30,D,NI,ZP,D
09:24:42,JSMR,RG,3400,1,F,ZP,ZP,D
09:23:44,JSMR,RG,3400,1,D,XC,ZP,D
09:22:52,JSMR,RG,3400,10,D,KK,ZP,D
09:22:52,JSMR,RG,3400,2,D,KK,AZ,D
09:22:50,JSMR,RG,3400,1,F,ZP,AZ,D
09:22:50,JSMR,RG,3400,2,D,KK,AZ,D
09:22:50,JSMR,RG,3400,2,D,YP,AZ,D
09:22:50,JSMR,RG,3400,8,D,SQ,AZ,D
09:22:34,JSMR,RG,3400,15,D,SQ,AK,F
09:22:34,JSMR,RG,3400,2,D,SQ,YB,D
09:22:30,JSMR,RG,3400,10,D,DR,YB,D
09:22:28,JSMR,RG,3400,50,D,KK,YB,D
09:22:22,JSMR,RG,3400,14,D,KK,YB,D
09:22:19,JSMR,RG,3400,1,D,XC,AK,F
09:22:09,JSMR,RG,3400,1,D,GR,AK,F
09:22:09,JSMR,RG,3400,12,F,ZP,AK,F
09:22:09,JSMR,RG,3400,1,D,DR,AK,F
09:22:09,JSMR,RG,3400,10,D,SQ,AK,F
09:22:09,JSMR,RG,3400,1,D,YP,AK,F
09:22:09,JSMR,RG,3400,2,D,PD,AK,F
09:22:09,JSMR,RG,3400,2,D,YP,AK,F
09:22:09,JSMR,RG,3400,30,D,PD,AK,F
09:22:09,JSMR,RG,3400,5,D,AR,AK,F
09:22:09,JSMR,RG,3400,5,D,YB,AK,F
09:22:09,JSMR,RG,3400,3,D,XL,AK,F
09:22:09,JSMR,RG,3400,1,D,XL,AK,F
09:22:09,JSMR,RG,3400,2,D,XC,AK,F
09:22:09,JSMR,RG,3400,5,D,LG,AK,F
09:22:09,JSMR,RG,3400,10,D,PD,AK,F
09:22:09,JSMR,RG,3400,2,D,PD,AK,F
09:22:09,JSMR,RG,3400,1,D,CC,AK,F
09:22:09,JSMR,RG,3400,1,D,YP,AK,F
09:22:09,JSMR,RG,3400,10,D,CC,AK,F
09:22:09,JSMR,RG,3400,25,D,PC,AK,F
09:22:09,JSMR,RG,3400,4,F,CC,AK,F
09:22:09,JSMR,RG,3400,1,D,PD,AK,F
09:22:09,JSMR,RG,3400,1,D,YP,AK,F
09:22:09,JSMR,RG,3400,10,D,YP,AK,F
09:22:09,JSMR,RG,3400,10,D,KK,AK,F
09:22:09,JSMR,RG,3400,1,D,YP,AK,F
09:22:09,JSMR,RG,3400,1,D,KK,AK,F
09:22:09,JSMR,RG,3400,2,D,YP,AK,F
09:22:09,JSMR,RG,3400,3,D,AZ,AK,F
09:22:09,JSMR,RG,3400,5,D,CC,AK,F
09:22:09,JSMR,RG,3400,25,D,CC,AK,F
09:22:09,JSMR,RG,3400,25,D,EP,AK,F
09:22:09,JSMR,RG,3400,1,D,XC,AK,F
09:22:09,JSMR,RG,3400,10,D,PD,AK,F
09:22:09,JSMR,RG,3400,1,D,KK,AK,F
09:22:09,JSMR,RG,3400,2,D,EP,AK,F
09:22:09,JSMR,RG,3400,1,D,YP,AK,F
09:22:09,JSMR,RG,3400,50,D,YU,AK,F
09:22:09,JSMR,RG,3400,282,D,YP,AK,F
09:22:09,JSMR,RG,3400,50,D,CD,AK,F
09:22:09,JSMR,RG,3400,1,D,YP,AK,F
09:22:09,JSMR,RG,3400,10,D,YJ,AK,F
09:22:09,JSMR,RG,3400,40,D,YP,AK,F
09:22:09,JSMR,RG,3400,20,D,PD,AK,F
09:22:09,JSMR,RG,3400,2,D,KK,AK,F
09:22:09,JSMR,RG,3400,3,D,PD,AK,F
09:22:09,JSMR,RG,3400,99,D,LG,AK,F
09:22:09,JSMR,RG,3400,1,D,LG,ZP,D
09:22:09,JSMR,RG,3400,1,D,YP,ZP,D
09:22:09,JSMR,RG,3400,5,D,AT,ZP,D
09:22:09,JSMR,RG,3400,24,F,ZP,ZP,D
09:22:09,JSMR,RG,3400,3,D,YP,ZP,D
09:22:09,JSMR,RG,3400,7,D,YP,ZP,D
09:22:09,JSMR,RG,3400,5,D,PD,ZP,D
09:22:09,JSMR,RG,3400,1,D,XC,ZP,D
09:22:09,JSMR,RG,3400,3,D,XL,ZP,D
09:22:09,JSMR,RG,3400,1,D,PD,ZP,D
09:22:09,JSMR,RG,3400,1,F,ZP,ZP,D
09:22:09,JSMR,RG,3400,249,F,ZP,ZP,D
09:22:09,JSMR,RG,3400,5,D,YP,ZP,D
09:22:09,JSMR,RG,3400,2,D,YB,ZP,D
09:22:09,JSMR,RG,3400,5,D,DR,ZP,D
09:21:50,JSMR,RG,3400,2,D,DR,AK,F
09:21:50,JSMR,RG,3400,16,D,DR,AK,F
09:21:50,JSMR,RG,3400,120,D,DR,NI,D
09:21:32,JSMR,RG,3400,2,D,DR,AK,F
09:21:10,JSMR,RG,3400,7,D,DR,YB,D
09:20:55,JSMR,RG,3400,10,D,DR,YB,D
09:20:40,JSMR,RG,3400,3,D,DR,CC,D
09:20:01,JSMR,RG,3400,2,D,DR,AK,F
09:19:50,JSMR,RG,3400,1,D,DR,YP,D
09:19:37,JSMR,RG,3410,1,D,PD,ZP,D
09:18:17,JSMR,RG,3400,3,D,DR,XL,D
09:17:18,JSMR,RG,3400,5,D,DR,YP,D
09:17:03,JSMR,RG,3410,1,D,XC,ZP,D
09:16:56,JSMR,RG,3400,20,D,DR,KK,D
09:16:49,JSMR,RG,3410,10,D,CC,ZP,D
09:16:33,JSMR,RG,3410,1,D,YP,ZP,D
09:16:17,JSMR,RG,3400,6,D,DR,YU,D
09:15:58,JSMR,RG,3400,10,D,DR,PD,D
09:15:30,JSMR,RG,3400,1,D,DR,XL,D
09:15:30,JSMR,RG,3410,25,D,CC,ZP,D
09:15:12,JSMR,RG,3410,2,D,AZ,ZP,D
09:14:51,JSMR,RG,3410,100,F,ZP,ZP,D
09:14:39,JSMR,RG,3400,2,D,DR,PD,D
09:14:24,JSMR,RG,3410,5,D,PD,ZP,D
09:14:17,JSMR,RG,3410,14,D,KK,ZP,D
09:14:00,JSMR,RG,3410,10,D,PD,ZP,D
09:13:54,JSMR,RG,3400,285,D,DR,OD,D
09:13:54,JSMR,RG,3400,1,D,XC,OD,D
09:13:54,JSMR,RG,3400,1,D,XC,OD,D
09:13:54,JSMR,RG,3400,1,D,YP,OD,D
09:13:54,JSMR,RG,3400,1,D,PD,OD,D
09:13:54,JSMR,RG,3400,5,D,YP,OD,D
09:13:54,JSMR,RG,3400,15,D,SQ,OD,D
09:13:54,JSMR,RG,3400,2,D,YP,OD,D
09:13:54,JSMR,RG,3400,3,D,YP,OD,D
09:13:54,JSMR,RG,3400,5,D,DH,OD,D
09:13:54,JSMR,RG,3400,10,D,YU,OD,D
09:13:54,JSMR,RG,3400,5,D,YB,OD,D
09:13:54,JSMR,RG,3400,30,D,KK,OD,D
09:13:54,JSMR,RG,3400,10,D,XC,OD,D
09:13:54,JSMR,RG,3400,5,D,YB,OD,D
09:13:54,JSMR,RG,3400,30,D,KK,OD,D
09:13:54,JSMR,RG,3400,5,D,YP,OD,D
09:13:54,JSMR,RG,3400,1,D,YP,OD,D
09:13:54,JSMR,RG,3400,3,D,YP,OD,D
09:13:54,JSMR,RG,3400,1,D,BQ,OD,D
09:13:54,JSMR,RG,3400,1,D,YB,OD,D
09:13:54,JSMR,RG,3400,20,D,CC,OD,D
09:13:54,JSMR,RG,3400,25,D,YP,OD,D
09:13:54,JSMR,RG,3400,1,D,XC,OD,D
09:13:54,JSMR,RG,3400,1,D,LG,OD,D
09:13:54,JSMR,RG,3400,1,D,PD,OD,D
09:13:52,JSMR,RG,3400,12,D,YB,DR,D
09:13:52,JSMR,RG,3400,2,D,PD,DR,D
09:13:52,JSMR,RG,3400,11,D,NI,DR,D
09:13:52,JSMR,RG,3400,1,D,XC,DR,D
09:13:52,JSMR,RG,3400,1,D,XC,DR,D
09:13:52,JSMR,RG,3400,2,D,YP,DR,D
09:13:52,JSMR,RG,3400,10,D,PD,DR,D
09:13:52,JSMR,RG,3400,3,D,YP,DR,D
09:13:52,JSMR,RG,3400,45,D,PD,DR,D
09:13:52,JSMR,RG,3400,1,F,CC,DR,D
09:13:52,JSMR,RG,3400,11,F,ZP,DR,D
09:13:52,JSMR,RG,3400,100,D,YP,DR,D
09:13:52,JSMR,RG,3400,1,D,YP,DR,D
09:13:41,JSMR,RG,3410,2,D,YP,ZP,D
09:13:17,JSMR,RG,3410,16,D,CD,ZP,D
09:13:17,JSMR,RG,3410,4,D,CD,ZP,D
09:13:17,JSMR,RG,3410,30,D,CD,ZP,D
09:12:55,JSMR,RG,3400,2,D,YP,PD,D
09:12:55,JSMR,RG,3400,2,D,XL,PD,D
09:12:35,JSMR,RG,3410,4,D,EP,ZP,D
09:12:23,JSMR,RG,3400,4,D,XL,BQ,D
09:11:55,JSMR,RG,3410,2,D,KK,ZP,D
09:11:52,JSMR,RG,3410,2,F,AK,ZP,D
09:11:50,JSMR,RG,3400,23,D,XL,CC,D
09:11:50,JSMR,RG,3400,1,F,ZP,CC,D
09:11:50,JSMR,RG,3400,1,D,YP,CC,D
09:11:50,JSMR,RG,3400,3,D,CC,CC,D
09:11:50,JSMR,RG,3400,2,D,YP,CC,D
09:11:50,JSMR,RG,3400,1,D,YP,CC,D
09:11:50,JSMR,RG,3400,30,D,CC,CC,D
09:11:50,JSMR,RG,3400,2,D,PD,CC,D
09:11:50,JSMR,RG,3400,10,D,YP,CC,D
09:11:50,JSMR,RG,3400,1,D,PD,CC,D
09:11:50,JSMR,RG,3400,25,D,PD,CC,D
09:11:50,JSMR,RG,3400,25,D,XL,CC,D
09:11:50,JSMR,RG,3400,1,D,PD,CC,D
09:11:50,JSMR,RG,3400,2,D,YP,CC,D
09:11:50,JSMR,RG,3400,1,D,PD,CC,D
09:11:50,JSMR,RG,3400,2,D,KK,CC,D
09:11:50,JSMR,RG,3400,30,D,KK,CC,D
09:11:50,JSMR,RG,3400,30,D,KK,CC,D
09:11:50,JSMR,RG,3400,10,D,CC,CC,D
09:11:29,JSMR,RG,3400,3,D,CC,XL,D
09:11:06,JSMR,RG,3400,30,D,CC,KK,D
09:11:05,JSMR,RG,3410,2,D,YP,ZP,D
09:11:04,JSMR,RG,3410,1,D,YP,ZP,D
09:10:49,JSMR,RG,3410,10,D,DR,ZP,D
09:10:49,JSMR,RG,3410,5,D,YP,ZP,D
09:10:22,JSMR,RG,3410,10,D,LG,ZP,D
09:09:34,JSMR,RG,3400,19,D,CC,YB,D
09:09:29,JSMR,RG,3410,1,D,XL,ZP,D
09:08:58,JSMR,RG,3400,3,D,CC,AZ,D
09:08:54,JSMR,RG,3400,4,D,CC,AZ,D
09:08:26,JSMR,RG,3410,3,D,DH,ZP,D
09:07:54,JSMR,RG,3400,1,D,CC,PD,D
09:07:17,JSMR,RG,3400,2,D,CC,PD,D
09:06:54,JSMR,RG,3400,2,D,CC,YB,D
09:06:29,JSMR,RG,3400,1,D,CC,DH,D
09:05:19,JSMR,RG,3410,42,D,KK,ZP,D
09:05:12,JSMR,RG,3410,1,D,YP,ZP,D
09:05:02,JSMR,RG,3410,4,D,YB,ZP,D
09:03:41,JSMR,RG,3410,30,D,YB,ZP,D
09:03:37,JSMR,RG,3410,50,D,CC,ZP,D
09:03:22,JSMR,RG,3410,45,D,CC,ZP,D
09:03:22,JSMR,RG,3410,34,D,CC,ZP,D
09:03:22,JSMR,RG,3410,18,D,CC,ZP,D
09:03:22,JSMR,RG,3410,3,D,CC,ZP,D
09:03:08,JSMR,RG,3410,2,F,ZP,ZP,D
09:03:07,JSMR,RG,3410,3,D,PD,ZP,D
09:02:26,JSMR,RG,3410,10,D,YP,ZP,D
09:02:16,JSMR,RG,3400,1,F,ZP,PD,D
09:02:14,JSMR,RG,3410,7,F,ZP,ZP,D
09:02:13,JSMR,RG,3410,30,D,MG,ZP,D
09:02:00,JSMR,RG,3400,55,F,ZP,CC,D
09:02:00,JSMR,RG,3400,1,D,YB,CC,D
09:02:00,JSMR,RG,3400,244,F,ZP,CC,D
09:01:59,JSMR,RG,3410,1,D,XC,ZP,D
09:01:54,JSMR,RG,3410,23,F,ZP,ZP,D
09:01:54,JSMR,RG,3410,100,D,YB,ZP,D
09:01:42,JSMR,RG,3410,2,F,ZP,ZP,D
09:01:42,JSMR,RG,3410,5,D,CC,ZP,D
09:01:26,JSMR,RG,3410,2,D,NI,ZP,D
09:01:12,JSMR,RG,3410,5,F,ZP,ZP,D
09:01:12,JSMR,RG,3410,20,D,SQ,ZP,D
09:01:07,JSMR,RG,3400,5,F,ZP,PD,D
09:01:03,JSMR,RG,3410,2,F,ZP,ZP,D
09:01:02,JSMR,RG,3410,5,D,YP,ZP,D
09:00:54,JSMR,RG,3410,1,D,YP,ZP,D
09:00:49,JSMR,RG,3410,1,D,YP,ZP,D
09:00:41,JSMR,RG,3400,1,F,ZP,XC,D
09:00:35,JSMR,RG,3410,2,F,ZP,ZP,D
09:00:33,JSMR,RG,3410,5,D,XL,ZP,D
09:00:24,JSMR,RG,3410,1,F,ZP,ZP,D
09:00:24,JSMR,RG,3410,5,D,YP,ZP,D
09:00:24,JSMR,RG,3410,5,F,ZP,ZP,D
09:00:24,JSMR,RG,3410,20,D,YP,ZP,D
09:00:24,JSMR,RG,3410,1,F,ZP,ZP,D
09:00:23,JSMR,RG,3420,6,F,ZP,OD,D
09:00:22,JSMR,RG,3420,2,D,YP,OD,D
09:00:22,JSMR,RG,3420,20,D,YP,OD,D
09:00:21,JSMR,RG,3420,2,D,XL,OD,D
09:00:20,JSMR,RG,3420,5,F,ZP,OD,D
09:00:19,JSMR,RG,3420,10,D,CC,OD,D
09:00:18,JSMR,RG,3420,10,D,YP,OD,D
09:00:14,JSMR,RG,3420,3,D,YP,OD,D
09:00:12,JSMR,RG,3420,8,F,ZP,OD,D
09:00:12,JSMR,RG,3410,3,F,ZP,AK,F
09:00:12,JSMR,RG,3410,1,D,YP,AK,F
09:00:12,JSMR,RG,3410,8,D,CC,AK,F
09:00:11,JSMR,RG,3420,2,D,XL,OD,D
09:00:11,JSMR,RG,3410,2,D,CC,PD,D
09:00:11,JSMR,RG,3410,2,D,YP,PD,D
09:00:11,JSMR,RG,3410,30,D,KK,PD,D
09:00:11,JSMR,RG,3410,1,D,CC,PD,D
09:00:11,JSMR,RG,3410,1,D,AZ,PD,D
09:00:11,JSMR,RG,3410,3,D,AZ,PD,D
09:00:10,JSMR,RG,3420,8,F,ZP,OD,D
09:00:09,JSMR,RG,3420,2,D,CC,OD,D
09:00:09,JSMR,RG,3420,17,F,ZP,OD,D
09:00:09,JSMR,RG,3420,8,D,XL,OD,D
09:00:08,JSMR,RG,3420,2,D,XL,OD,D
09:00:08,JSMR,RG,3420,7,F,ZP,OD,D
09:00:08,JSMR,RG,3420,1,D,YP,OD,D
09:00:07,JSMR,RG,3420,5,D,KK,OD,D
09:00:06,JSMR,RG,3420,1,F,ZP,OD,D
09:00:06,JSMR,RG,3420,11,F,ZP,OD,D
09:00:06,JSMR,RG,3410,2,D,YB,AK,F
09:00:06,JSMR,RG,3420,1,D,PD,OD,D
09:00:05,JSMR,RG,3420,20,D,DH,OD,D
09:00:05,JSMR,RG,3420,4,D,PD,OD,D
09:00:05,JSMR,RG,3420,14,D,SQ,OD,D
09:00:04,JSMR,RG,3420,10,D,DR,OD,D
09:00:04,JSMR,RG,3420,3,D,PD,OD,D
09:00:04,JSMR,RG,3420,1,D,XL,OD,D
09:00:04,JSMR,RG,3420,2,D,YP,OD,D
09:00:04,JSMR,RG,3420,2,D,KK,OD,D
09:00:04,JSMR,RG,3420,3,D,AZ,OD,D
09:00:04,JSMR,RG,3420,50,D,HP,OD,D
09:00:04,JSMR,RG,3430,2,D,YP,OD,D
09:00:04,JSMR,RG,3430,6,D,EP,OD,D
09:00:04,JSMR,RG,3440,10,D,CC,ZP,D
09:00:04,JSMR,RG,3430,1,D,EP,YP,D
09:00:03,JSMR,RG,3440,2,D,YP,ZP,D
09:00:03,JSMR,RG,3440,2,D,YP,ZP,D
09:00:03,JSMR,RG,3440,2,D,YP,ZP,D
09:00:03,JSMR,RG,3440,2,D,YP,ZP,D
09:00:03,JSMR,RG,3440,1,D,XC,ZP,D
09:00:02,JSMR,RG,3440,1,D,ZP,ZP,D
09:00:02,JSMR,RG,3430,1,D,EP,CC,D
09:00:02,JSMR,RG,3440,5,D,AT,ZP,D
09:00:02,JSMR,RG,3440,8,D,EP,ZP,D
09:00:02,JSMR,RG,3440,8,D,EP,ZP,D
09:00:02,JSMR,RG,3440,8,D,EP,ZP,D
09:00:00,JSMR,RG,3450,1,D,SQ,ZP,D
