Time,Stock,Brd,Price,Qty,BT,BC,SC,ST
15:14:03,JSMR,RG,3830,14,D,OD,HP,D
15:09:44,JSMR,RG,3830,42,D,OD,YP,D
15:09:44,JSMR,RG,3830,45,D,YP,YP,D
15:09:44,JSMR,RG,3830,13,D,YP,YP,D
15:09:16,JSMR,RG,3830,7,D,YP,YP,D
15:09:16,JSMR,RG,3830,1,D,XC,YP,D
15:06:53,JSMR,RG,3830,1,D,XC,YP,D
15:06:53,JSMR,RG,3830,2,D,YP,YP,D
15:06:53,JSMR,RG,3830,1,D,YP,YP,D
15:06:53,JSMR,RG,3830,2,D,PD,YP,D
15:05:23,JSMR,RG,3830,2,D,PD,CC,D
15:05:03,JSMR,RG,3830,1,D,PD,XC,D
15:04:09,JSMR,RG,3830,1,D,PD,PD,D
15:04:04,JSMR,RG,3830,4,D,PD,DR,D
15:04:04,JSMR,RG,3830,5,D,CC,DR,D
15:04:04,JSMR,RG,3830,10,D,PD,DR,D
15:04:04,JSMR,RG,3830,16,D,PD,DR,D
15:04:04,JSMR,RG,3830,25,D,AZ,DR,D
15:04:04,JSMR,RG,3830,5,D,YP,DR,D
15:04:04,JSMR,RG,3830,10,D,CC,DR,D
15:04:04,JSMR,RG,3830,1,D,YP,DR,D
15:04:04,JSMR,RG,3830,2,D,YP,DR,D
15:04:04,JSMR,RG,3830,1,D,XC,DR,D
15:04:04,JSMR,RG,3830,1,D,LG,DR,D
15:04:04,JSMR,RG,3830,220,D,IF,DR,D
15:04:04,JSMR,RG,3830,87,D,IF,YP,D
15:03:44,JSMR,RG,3830,1,D,IF,YB,D
15:03:04,JSMR,RG,3830,2,D,IF,XC,D
15:01:04,JSMR,RG,3830,10,D,IF,YP,D
15:00:00,JSMR,RG,3830,200,D,IF,LG,D
15:00:00,JSMR,RG,3830,1,D,IF,YP,D
15:00:00,JSMR,RG,3830,8,D,IF,AK,F
15:00:00,JSMR,RG,3830,12,D,IF,AK,F
15:00:00,JSMR,RG,3830,69,D,IF,LG,D
15:00:00,JSMR,RG,3830,67,D,IF,PD,D
15:00:00,JSMR,RG,3830,163,D,IF,PD,D
15:00:00,JSMR,RG,3830,2,D,NI,PD,D
15:00:00,JSMR,RG,3830,5,D,EP,PD,D
15:00:00,JSMR,RG,3830,50,D,NI,PD,D
15:00:00,JSMR,RG,3830,10,D,YP,PD,D
15:00:00,JSMR,RG,3830,1,D,DH,PD,D
15:00:00,JSMR,RG,3830,13,D,YP,PD,D
15:00:00,JSMR,RG,3830,27,D,CC,PD,D
15:00:00,JSMR,RG,3830,10,D,YP,PD,D
15:00:00,JSMR,RG,3830,8,D,XC,PD,D
15:00:00,JSMR,RG,3830,10,D,XC,PD,D
15:00:00,JSMR,RG,3830,1,D,PD,PD,D
15:00:00,JSMR,RG,3830,10,D,YP,PD,D
15:00:00,JSMR,RG,3830,65,D,EP,PD,D
15:00:00,JSMR,RG,3830,5,D,NI,PD,D
15:00:00,JSMR,RG,3830,140,D,XC,PD,D
15:00:00,JSMR,RG,3830,10,D,KK,PD,D
15:00:00,JSMR,RG,3830,1,D,KK,PD,D
15:00:00,JSMR,RG,3830,5,D,EP,PD,D
15:00:00,JSMR,RG,3830,10,D,YP,PD,D
15:00:00,JSMR,RG,3830,1,D,EP,PD,D
15:00:00,JSMR,RG,3830,1,D,DH,PD,D
15:00:00,JSMR,RG,3830,1,D,YP,PD,D
15:00:00,JSMR,RG,3830,20,D,PD,PD,D
15:00:00,JSMR,RG,3830,2,D,EP,PD,D
15:00:00,JSMR,RG,3830,2,D,DH,PD,D
15:00:00,JSMR,RG,3830,10,D,YP,PD,D
15:00:00,JSMR,RG,3830,2,D,ZP,PD,D
15:00:00,JSMR,RG,3830,3,D,XC,PD,D
15:00:00,JSMR,RG,3830,8,D,AZ,PD,D
15:00:00,JSMR,RG,3830,20,D,PD,PD,D
15:00:00,JSMR,RG,3830,1,D,PD,PD,D
15:00:00,JSMR,RG,3830,30,D,OD,PD,D
15:00:00,JSMR,RG,3830,7,D,XC,PD,D
15:00:00,JSMR,RG,3830,26,D,YP,PD,D
15:00:00,JSMR,RG,3830,5,D,YJ,PD,D
15:00:00,JSMR,RG,3830,1,D,OD,PD,D
15:00:00,JSMR,RG,3830,1,D,CC,PD,D
15:00:00,JSMR,RG,3830,22,D,XA,PD,D
15:00:00,JSMR,RG,3830,2,D,ZP,PD,D
15:00:00,JSMR,RG,3830,2,D,NI,PD,D
15:00:00,JSMR,RG,3830,11,D,DH,PD,D
15:00:00,JSMR,RG,3830,20,D,YP,PD,D
15:00:00,JSMR,RG,3830,2,D,YP,PD,D
15:00:00,JSMR,RG,3830,4,D,NI,PD,D
15:00:00,JSMR,RG,3830,6,D,PD,PD,D
15:00:00,JSMR,RG,3830,20,D,YP,PD,D
15:00:00,JSMR,RG,3830,50,D,YP,PD,D
15:00:00,JSMR,RG,3830,147,D,PD,PD,D
15:00:00,JSMR,RG,3830,3,D,YP,PD,D
15:00:00,JSMR,RG,3830,5,D,KK,PD,D
15:00:00,JSMR,RG,3830,3,D,YP,PD,D
15:00:00,JSMR,RG,3830,1,D,PD,PD,D
15:00:00,JSMR,RG,3830,68,D,YP,PD,D
15:00:00,JSMR,RG,3830,5,D,YP,PD,D
15:00:00,JSMR,RG,3830,1,D,YP,PD,D
15:00:00,JSMR,RG,3830,1,D,PD,PD,D
15:00:00,JSMR,RG,3830,3,D,YP,PD,D
15:00:00,JSMR,RG,3830,3,D,YB,PD,D
15:00:00,JSMR,RG,3830,5,D,YP,PD,D
15:00:00,JSMR,RG,3830,1,D,LG,PD,D
15:00:00,JSMR,RG,3830,1,D,LG,PD,D
15:00:00,JSMR,RG,3830,19,F,ZP,PD,D
14:49:57,JSMR,RG,3850,11,D,YP,AT,D
14:49:56,JSMR,RG,3860,119,D,LG,LG,D
14:49:55,JSMR,RG,3860,160,D,LG,LG,D
14:49:55,JSMR,RG,3860,2,D,LG,XC,D
14:49:55,JSMR,RG,3860,250,D,LG,LG,D
14:49:55,JSMR,RG,3860,1,D,LG,DH,D
14:49:55,JSMR,RG,3860,459,D,LG,LG,D
14:49:49,JSMR,RG,3850,1,D,LG,YP,D
14:49:28,JSMR,RG,3850,1,D,LG,AK,F
14:49:26,JSMR,RG,3850,4,D,LG,NI,D
14:49:26,JSMR,RG,3850,500,D,LG,LG,D
14:49:26,JSMR,RG,3850,500,D,LG,LG,D
14:49:26,JSMR,RG,3850,1,D,LG,AK,F
14:49:26,JSMR,RG,3850,163,D,LG,ZP,D
14:49:21,JSMR,RG,3840,2,D,XA,AK,F
14:49:15,JSMR,RG,3850,31,D,BB,ZP,D
14:49:10,JSMR,RG,3850,27,D,BB,ZP,D
14:48:28,JSMR,RG,3850,3,D,BB,ZP,D
14:48:28,JSMR,RG,3840,100,D,XA,CC,D
14:48:23,JSMR,RG,3850,1,D,YP,ZP,D
14:48:18,JSMR,RG,3850,3,D,BB,ZP,D
14:48:07,JSMR,RG,3840,1,D,XA,AK,F
14:48:06,JSMR,RG,3850,18,D,CC,ZP,D
14:47:42,JSMR,RG,3850,1,D,BB,ZP,D
14:47:42,JSMR,RG,3850,3,D,YP,ZP,D
14:47:39,JSMR,RG,3850,4,D,YP,AK,F
14:47:38,JSMR,RG,3850,3,D,YP,NI,D
14:47:38,JSMR,RG,3850,13,D,BB,NI,D
14:47:38,JSMR,RG,3850,9,D,PD,NI,D
14:47:38,JSMR,RG,3850,20,D,AZ,NI,D
14:47:38,JSMR,RG,3850,31,D,BQ,NI,D
14:47:37,JSMR,RG,3850,3,D,BQ,CS,D
14:47:37,JSMR,RG,3850,5,D,BQ,YP,D
14:47:31,JSMR,RG,3850,6,D,BQ,YP,D
14:47:30,JSMR,RG,3850,4,D,BQ,CS,D
14:47:22,JSMR,RG,3850,1,D,BQ,CS,D
14:47:21,JSMR,RG,3850,7,D,BB,AK,F
14:47:21,JSMR,RG,3860,2,D,BB,LG,D
14:47:21,JSMR,RG,3850,18,D,BB,BK,F
14:47:21,JSMR,RG,3850,129,D,AZ,BK,F
14:47:19,JSMR,RG,3850,14,D,AZ,AK,F
14:47:19,JSMR,RG,3850,3,D,AZ,CS,D
14:46:52,JSMR,RG,3850,15,D,AZ,PD,D
14:46:35,JSMR,RG,3850,3,D,AZ,KK,D
14:46:35,JSMR,RG,3850,1,D,AZ,AK,F
14:46:35,JSMR,RG,3850,1,D,AZ,AK,F
14:46:35,JSMR,RG,3850,3,D,AZ,DH,D
14:46:35,JSMR,RG,3850,5,D,AZ,YP,F
14:46:35,JSMR,RG,3850,1,D,AZ,YP,D
14:46:35,JSMR,RG,3850,2,D,AZ,AK,F
14:46:35,JSMR,RG,3850,5,D,AZ,CS,D
14:46:35,JSMR,RG,3850,318,D,AZ,LG,D
14:46:31,JSMR,RG,3850,20,D,BB,LG,D
14:46:24,JSMR,RG,3850,50,D,AZ,LG,D
14:46:21,JSMR,RG,3850,15,D,DH,LG,D
14:46:21,JSMR,RG,3850,50,D,AZ,LG,D
14:46:05,JSMR,RG,3850,2,D,YP,LG,D
14:46:02,JSMR,RG,3850,45,D,AZ,LG,D
14:46:02,JSMR,RG,3850,13,D,AZ,CS,D
14:46:02,JSMR,RG,3850,5,D,AZ,KK,D
14:46:02,JSMR,RG,3850,4,D,AZ,CS,D
14:46:02,JSMR,RG,3850,1,D,AZ,SQ,D
14:46:02,JSMR,RG,3850,200,D,AZ,YP,D
14:46:02,JSMR,RG,3850,5,D,AZ,CS,D
14:46:02,JSMR,RG,3850,10,D,AZ,CS,D
14:46:02,JSMR,RG,3850,1,D,AZ,AK,F
14:46:02,JSMR,RG,3850,9,D,AZ,CS,D
14:46:02,JSMR,RG,3850,3,D,AZ,NI,D
14:46:02,JSMR,RG,3850,17,D,AZ,CS,D
14:46:02,JSMR,RG,3850,3,D,AZ,CS,D
14:46:02,JSMR,RG,3850,2,D,AZ,CS,D
14:46:02,JSMR,RG,3850,1,D,AZ,CS,D
14:46:02,JSMR,RG,3850,1,D,AZ,AK,F
14:46:02,JSMR,RG,3850,10,D,AZ,YP,D
14:46:02,JSMR,RG,3850,27,D,AZ,CS,D
14:46:02,JSMR,RG,3850,1,D,AZ,XC,D
14:46:02,JSMR,RG,3850,142,D,AZ,LG,D
14:46:00,JSMR,RG,3840,1,D,XA,CC,D
14:45:58,JSMR,RG,3840,1,D,XA,CS,D
14:45:57,JSMR,RG,3840,3,D,XA,CS,D
14:45:57,JSMR,RG,3840,2,D,XA,CS,D
14:45:54,JSMR,RG,3840,1,D,XA,CS,D
14:45:54,JSMR,RG,3840,2,D,XA,CS,D
14:45:54,JSMR,RG,3840,3,D,XA,CS,D
14:45:54,JSMR,RG,3840,8,D,XA,CS,D
14:45:53,JSMR,RG,3840,22,D,XA,CS,D
14:45:53,JSMR,RG,3840,14,D,XA,CS,D
14:45:43,JSMR,RG,3850,21,D,BB,LG,D
14:45:41,JSMR,RG,3840,11,D,XA,CS,D
14:45:41,JSMR,RG,3840,12,D,XA,CS,D
14:45:22,JSMR,RG,3850,1,D,CC,LG,D
14:45:06,JSMR,RG,3850,250,D,AZ,LG,D
14:44:58,JSMR,RG,3850,3,D,DH,LG,D
14:44:52,JSMR,RG,3850,23,D,BB,LG,D
14:44:43,JSMR,RG,3850,10,D,LG,LG,D
14:44:15,JSMR,RG,3840,5,D,XA,AK,F
14:43:59,JSMR,RG,3840,18,D,XA,CS,D
14:43:58,JSMR,RG,3840,14,D,XA,CS,D
14:43:57,JSMR,RG,3850,21,D,BB,LG,D
14:43:54,JSMR,RG,3840,48,D,XA,CC,D
14:43:34,JSMR,RG,3840,2,D,XA,DH,D
14:43:21,JSMR,RG,3840,8,D,XA,CS,D
14:43:21,JSMR,RG,3840,12,D,PD,CS,D
14:43:21,JSMR,RG,3840,3,D,PD,CS,D
14:43:21,JSMR,RG,3840,1,D,YB,CS,D
14:43:21,JSMR,RG,3840,11,D,CC,CS,D
14:43:21,JSMR,RG,3840,14,D,CC,CS,D
14:43:21,JSMR,RG,3840,2,D,XC,CS,D
14:43:21,JSMR,RG,3840,11,D,CC,CS,D
14:43:14,JSMR,RG,3840,11,D,CC,CS,D
14:43:09,JSMR,RG,3850,25,D,BB,LG,D
14:42:56,JSMR,RG,3840,29,D,CC,CC,D
14:42:14,JSMR,RG,3840,29,D,CC,CC,D
14:42:14,JSMR,RG,3850,4,D,BB,LG,D
14:42:14,JSMR,RG,3850,1,D,BB,AK,F
14:42:14,JSMR,RG,3850,20,D,BB,CS,D
14:42:14,JSMR,RG,3850,3,D,BB,CS,D
14:42:12,JSMR,RG,3840,30,D,CC,CS,D
14:42:12,JSMR,RG,3840,1,D,OD,CS,D
14:41:32,JSMR,RG,3840,9,D,OD,CC,D
14:41:32,JSMR,RG,3840,22,D,CC,CC,D
14:41:12,JSMR,RG,3850,13,D,BB,CS,D
14:41:12,JSMR,RG,3850,10,D,BB,CS,D
14:41:12,JSMR,RG,3850,3,D,BB,CS,D
14:41:12,JSMR,RG,3850,1,D,BB,CS,D
14:41:12,JSMR,RG,3850,1,D,BB,CC,D
14:41:12,JSMR,RG,3850,3,D,BB,LG,D
14:40:58,JSMR,RG,3850,1,D,YB,LG,D
14:40:51,JSMR,RG,3850,20,D,YP,LG,D
14:40:46,JSMR,RG,3840,4,D,CC,CC,D
14:40:46,JSMR,RG,3840,9,D,SQ,CC,D
14:40:46,JSMR,RG,3840,19,D,AZ,CC,D
14:40:46,JSMR,RG,3840,20,D,AZ,CS,D
14:40:38,JSMR,RG,3840,11,D,AZ,PD,D
14:40:38,JSMR,RG,3840,9,D,AZ,PD,D
14:40:08,JSMR,RG,3850,34,D,BB,LG,D
14:40:07,JSMR,RG,3850,1,D,PD,LG,D
14:40:05,JSMR,RG,3840,41,D,AZ,CS,D
14:40:05,JSMR,RG,3840,2,D,AZ,CS,D
14:40:04,JSMR,RG,3840,32,D,AZ,CC,D
14:39:52,JSMR,RG,3840,50,D,AZ,OD,D
14:39:20,JSMR,RG,3840,29,D,AZ,CC,D
14:38:57,JSMR,RG,3850,25,D,LG,LG,D
14:38:53,JSMR,RG,3850,38,D,BB,LG,D
14:38:38,JSMR,RG,3840,32,D,AZ,CC,D
14:38:34,JSMR,RG,3840,31,D,AZ,CS,D
14:38:16,JSMR,RG,3850,8,D,CC,LG,D
14:38:14,JSMR,RG,3850,10,D,CD,LG,D
14:37:54,JSMR,RG,3840,32,D,AZ,CC,D
14:37:46,JSMR,RG,3850,20,D,PD,LG,D
14:37:30,JSMR,RG,3850,43,D,BB,LG,D
14:37:10,JSMR,RG,3840,26,D,AZ,CC,D
14:36:47,JSMR,RG,3840,1,D,AZ,NI,D
14:36:28,JSMR,RG,3840,33,D,AZ,CC,D
14:36:00,JSMR,RG,3840,42,D,AZ,CS,D
14:35:58,JSMR,RG,3850,50,D,BB,LG,D
14:35:44,JSMR,RG,3840,30,D,AZ,CC,D
14:35:42,JSMR,RG,3840,26,D,AZ,CC,D
14:35:24,JSMR,RG,3840,2,D,AZ,YP,D
14:35:02,JSMR,RG,3840,1,D,AZ,XC,D
14:35:00,JSMR,RG,3840,29,D,AZ,CC,D
14:34:38,JSMR,RG,3840,20,D,AZ,LG,D
14:34:25,JSMR,RG,3840,33,D,AZ,CS,D
14:34:18,JSMR,RG,3840,25,D,AZ,CC,D
14:34:13,JSMR,RG,3840,24,D,AZ,CC,D
14:34:13,JSMR,RG,3840,2,D,PD,CC,D
14:34:10,JSMR,RG,3850,55,D,BB,LG,D
14:34:00,JSMR,RG,3840,8,D,PD,YB,D
14:34:00,JSMR,RG,3840,2,D,XC,YB,D
14:34:00,JSMR,RG,3840,4,D,OD,YB,D
14:33:34,JSMR,RG,3840,28,D,OD,CC,D
14:33:30,JSMR,RG,3840,26,D,OD,CC,D
14:32:52,JSMR,RG,3840,5,D,OD,PD,D
14:32:50,JSMR,RG,3840,31,D,OD,CC,D
14:32:49,JSMR,RG,3840,1,D,OD,XC,D
14:32:16,JSMR,RG,3840,5,D,OD,CC,D
14:32:16,JSMR,RG,3840,10,D,NI,CC,D
14:32:16,JSMR,RG,3840,1,D,YP,CC,D
14:32:16,JSMR,RG,3840,10,D,YP,CC,D
14:32:11,JSMR,RG,3850,12,D,BB,LG,D
14:32:06,JSMR,RG,3840,29,D,YP,CC,D
14:32:02,JSMR,RG,3840,11,D,YP,CC,D
14:32:02,JSMR,RG,3840,15,D,LG,CC,D
14:31:56,JSMR,RG,3840,3,D,LG,XL,D
14:31:24,JSMR,RG,3840,33,D,LG,CC,D
14:30:55,JSMR,RG,3850,32,D,BB,LG,D
14:30:42,JSMR,RG,3850,500,D,AZ,LG,D
14:30:42,JSMR,RG,3850,7,D,BB,LG,D
14:30:42,JSMR,RG,3850,141,D,AZ,LG,D
14:30:38,JSMR,RG,3850,28,D,AZ,CC,D
14:30:30,JSMR,RG,3850,20,D,AZ,KK,D
14:30:28,JSMR,RG,3850,1,D,AZ,XL,D
14:30:23,JSMR,RG,3850,10,D,AZ,CC,D
14:29:56,JSMR,RG,3850,28,D,AZ,CC,D
14:29:27,JSMR,RG,3860,39,D,BB,LG,D
14:29:22,JSMR,RG,3850,1,D,AZ,NI,D
14:29:16,JSMR,RG,3850,7,D,AZ,CS,D
14:29:02,JSMR,RG,3850,2,D,AZ,CS,D
14:29:02,JSMR,RG,3850,2,D,AZ,CS,D
14:29:02,JSMR,RG,3850,2,D,AZ,CS,D
14:29:02,JSMR,RG,3850,2,D,AZ,CS,D
14:29:02,JSMR,RG,3850,2,D,AZ,CS,D
14:29:02,JSMR,RG,3850,2,D,AZ,CS,D
14:29:02,JSMR,RG,3850,1,D,AZ,AK,F
14:29:02,JSMR,RG,3850,1,D,AZ,CS,D
14:28:47,JSMR,RG,3850,26,D,LG,CC,D
14:28:47,JSMR,RG,3850,1,D,LG,PD,D
14:28:47,JSMR,RG,3850,28,D,LG,CS,D
14:28:47,JSMR,RG,3850,1,D,LG,AK,F
14:28:47,JSMR,RG,3850,10,D,LG,NI,D
14:28:47,JSMR,RG,3850,3,D,LG,XC,D
14:28:47,JSMR,RG,3850,5,D,LG,CS,D
14:28:47,JSMR,RG,3850,1,D,LG,AK,F
14:28:47,JSMR,RG,3850,30,D,LG,CS,D
14:28:47,JSMR,RG,3850,3,D,LG,CS,D
14:28:47,JSMR,RG,3850,5,D,LG,NI,D
14:28:47,JSMR,RG,3850,25,D,LG,CS,D
14:28:47,JSMR,RG,3850,2,D,LG,AK,F
14:28:47,JSMR,RG,3850,9,D,LG,CS,D
14:28:47,JSMR,RG,3850,2,D,LG,CS,D
14:28:47,JSMR,RG,3850,18,D,LG,CS,D
14:28:47,JSMR,RG,3850,16,D,LG,CS,D
14:28:47,JSMR,RG,3850,7,D,LG,CS,D
14:28:47,JSMR,RG,3850,20,D,LG,CS,D
14:28:47,JSMR,RG,3850,34,D,LG,PD,D
14:28:47,JSMR,RG,3850,363,D,LG,PD,D
14:28:30,JSMR,RG,3840,31,D,LG,CC,D
14:28:10,JSMR,RG,3850,75,D,AZ,PD,D
14:28:01,JSMR,RG,3850,35,D,AZ,PD,D
14:27:57,JSMR,RG,3850,20,D,BB,PD,D
14:27:44,JSMR,RG,3840,18,D,LG,CC,D
14:27:44,JSMR,RG,3840,10,D,LG,CC,D
14:27:23,JSMR,RG,3850,16,D,NI,PD,D
14:27:00,JSMR,RG,3840,32,D,LG,CC,D
14:26:16,JSMR,RG,3840,27,D,LG,CC,D
14:25:41,JSMR,RG,3850,1,D,PD,PD,D
14:25:34,JSMR,RG,3840,27,D,LG,CC,D
14:24:52,JSMR,RG,3840,33,D,LG,CC,D
14:24:06,JSMR,RG,3840,20,D,LG,CC,D
14:24:06,JSMR,RG,3840,5,D,EP,CC,D
14:24:06,JSMR,RG,3840,4,D,AZ,CC,D
14:23:24,JSMR,RG,3840,28,D,AZ,CC,D
14:23:02,JSMR,RG,3840,50,D,AZ,PD,D
14:23:01,JSMR,RG,3840,40,D,AZ,PD,D
14:22:38,JSMR,RG,3840,30,D,AZ,CC,D
14:22:12,JSMR,RG,3840,98,D,AZ,PD,D
14:22:12,JSMR,RG,3840,302,D,LG,PD,D
14:22:12,JSMR,RG,3840,350,D,LG,PD,D
14:21:47,JSMR,RG,3850,206,D,AZ,PD,D
14:21:47,JSMR,RG,3850,2,D,AZ,CS,D
14:21:47,JSMR,RG,3850,5,D,AZ,CS,D
14:21:47,JSMR,RG,3850,100,D,AZ,SQ,D
14:21:47,JSMR,RG,3850,26,D,AZ,CC,D
14:21:47,JSMR,RG,3850,2,D,AZ,GR,D
14:21:47,JSMR,RG,3850,4,D,AZ,XC,D
14:21:47,JSMR,RG,3850,2,D,AZ,KK,D
14:21:47,JSMR,RG,3850,3,D,AZ,AK,F
14:21:47,JSMR,RG,3850,6,D,AZ,CS,D
14:21:47,JSMR,RG,3850,9,D,AZ,CS,D
14:21:47,JSMR,RG,3850,1,D,AZ,KK,D
14:21:47,JSMR,RG,3850,6,D,AZ,CS,D
14:21:47,JSMR,RG,3850,1,D,AZ,AK,F
14:21:47,JSMR,RG,3850,15,D,AZ,CS,D
14:21:47,JSMR,RG,3850,12,D,AZ,CS,D
14:21:47,JSMR,RG,3850,12,D,AZ,CS,D
14:21:47,JSMR,RG,3850,15,D,AZ,CS,D
14:21:47,JSMR,RG,3850,2,D,AZ,CS,D
14:21:47,JSMR,RG,3850,1,D,AZ,CS,D
14:21:47,JSMR,RG,3850,10,D,AZ,DR,D
14:21:47,JSMR,RG,3850,20,D,AZ,CS,D
14:21:47,JSMR,RG,3850,2,D,AZ,AK,F
14:21:47,JSMR,RG,3850,20,D,AZ,CS,D
14:21:47,JSMR,RG,3850,7,D,AZ,CS,D
14:21:47,JSMR,RG,3850,7,D,AZ,CS,D
14:21:47,JSMR,RG,3850,4,D,AZ,AK,F
14:21:30,JSMR,RG,3850,29,D,AZ,AK,F
14:21:30,JSMR,RG,3850,13,D,AZ,CS,D
14:21:30,JSMR,RG,3850,458,D,AZ,LG,D
14:21:18,JSMR,RG,3840,15,D,LG,HP,D
14:21:10,JSMR,RG,3840,28,D,LG,CC,D
14:21:09,JSMR,RG,3850,50,D,AZ,LG,D
14:21:01,JSMR,RG,3850,50,D,AZ,LG,D
14:21:00,JSMR,RG,3840,26,D,LG,CC,D
14:20:47,JSMR,RG,3840,26,D,LG,CC,D
14:20:42,JSMR,RG,3840,2,D,LG,YP,D
14:20:42,JSMR,RG,3840,2,D,AZ,YP,D
14:20:37,JSMR,RG,3840,1,D,AZ,XC,D
14:20:28,JSMR,RG,3840,30,D,AZ,CC,D
14:20:16,JSMR,RG,3840,17,D,AZ,YP,D
14:20:16,JSMR,RG,3840,2,D,XC,YP,D
14:20:16,JSMR,RG,3840,9,D,PD,YP,D
14:19:46,JSMR,RG,3840,28,D,PD,CC,D
14:19:02,JSMR,RG,3840,31,D,PD,CC,D
14:18:28,JSMR,RG,3840,26,D,PD,CC,D
14:18:18,JSMR,RG,3840,30,D,PD,CC,D
14:17:51,JSMR,RG,3840,26,D,PD,CC,D
14:17:36,JSMR,RG,3840,3,D,PD,KK,D
14:17:36,JSMR,RG,3840,26,D,PD,CC,D
14:17:34,JSMR,RG,3840,1,D,PD,PD,D
14:17:32,JSMR,RG,3840,1,D,KK,CC,D
14:17:32,JSMR,RG,3840,29,D,AZ,CC,D
14:16:55,JSMR,RG,3840,50,D,AZ,YP,D
14:16:48,JSMR,RG,3840,24,D,AZ,CC,D
14:16:06,JSMR,RG,3840,27,D,AZ,CC,D
14:16:00,JSMR,RG,3850,50,D,AZ,LG,D
14:15:24,JSMR,RG,3840,29,D,AZ,CC,D
14:14:40,JSMR,RG,3840,28,D,AZ,CC,D
14:13:56,JSMR,RG,3840,31,D,AZ,CC,D
14:13:23,JSMR,RG,3850,9,D,CC,LG,D
14:13:17,JSMR,RG,3840,5,D,AZ,CC,D
14:13:10,JSMR,RG,3840,25,D,AZ,CC,D
14:13:06,JSMR,RG,3840,2,D,AZ,CC,D
14:12:36,JSMR,RG,3850,5,D,CC,LG,D
14:12:35,JSMR,RG,3850,7,D,XL,LG,D
14:12:35,JSMR,RG,3850,214,D,BB,LG,D
14:12:35,JSMR,RG,3850,100,D,LG,LG,D
14:12:35,JSMR,RG,3850,161,D,LG,LG,D
14:12:35,JSMR,RG,3850,238,D,LG,LG,D
14:12:35,JSMR,RG,3850,197,D,BB,LG,D
14:12:35,JSMR,RG,3850,461,D,AZ,LG,D
14:12:27,JSMR,RG,3860,4,D,CC,AK,F
14:12:27,JSMR,RG,3860,2,D,CC,CS,D
14:12:22,JSMR,RG,3870,7,D,BB,XL,D
14:12:22,JSMR,RG,3870,20,D,BB,DH,D
14:12:22,JSMR,RG,3870,1,D,BB,XC,D
14:12:22,JSMR,RG,3870,1,D,BB,YP,D
14:12:22,JSMR,RG,3870,5,D,BB,CC,D
14:12:22,JSMR,RG,3870,1,D,BB,XC,D
14:12:22,JSMR,RG,3870,9,D,BB,DR,D
14:12:21,JSMR,RG,3860,18,D,BB,CS,D
14:12:21,JSMR,RG,3860,10,D,BB,YP,D
14:12:21,JSMR,RG,3860,9,D,BB,CS,D
14:12:21,JSMR,RG,3860,30,D,BB,PD,D
14:12:21,JSMR,RG,3860,2,D,BB,AK,F
14:12:21,JSMR,RG,3860,1,D,BB,IF,D
14:12:21,JSMR,RG,3860,5,D,BB,CS,D
14:12:21,JSMR,RG,3860,30,D,BB,CC,D
14:12:21,JSMR,RG,3860,218,D,BB,PD,D
14:11:45,JSMR,RG,3860,63,D,BB,PD,D
14:11:45,JSMR,RG,3860,19,D,LG,PD,D
14:11:30,JSMR,RG,3860,50,D,LG,PD,D
14:11:21,JSMR,RG,3860,28,D,LG,AK,F
14:11:20,JSMR,RG,3860,50,D,LG,KK,D
14:11:08,JSMR,RG,3860,13,D,LG,CS,D
14:11:08,JSMR,RG,3860,26,D,LG,CC,D
14:11:08,JSMR,RG,3860,3,D,LG,CS,D
14:11:08,JSMR,RG,3860,27,D,LG,CC,D
14:11:08,JSMR,RG,3860,1,D,LG,CS,D
14:11:08,JSMR,RG,3860,10,D,LG,YP,D
14:11:08,JSMR,RG,3860,75,D,LG,DR,D
14:11:08,JSMR,RG,3860,25,D,LG,DR,D
14:11:08,JSMR,RG,3860,5,D,LG,LG,D
14:11:08,JSMR,RG,3860,1,D,LG,XC,D
14:11:08,JSMR,RG,3860,5,D,LG,PD,D
14:11:08,JSMR,RG,3860,1,D,LG,NI,D
14:11:08,JSMR,RG,3860,1,D,LG,KK,D
14:11:08,JSMR,RG,3860,1,D,LG,PD,D
14:11:08,JSMR,RG,3860,2,D,LG,BQ,D
14:11:08,JSMR,RG,3860,3,D,LG,CC,D
14:11:08,JSMR,RG,3860,3,D,LG,KK,D
14:11:08,JSMR,RG,3860,1,D,LG,YP,D
14:11:08,JSMR,RG,3860,1,D,LG,YP,D
14:11:08,JSMR,RG,3860,1,D,LG,YP,D
14:11:08,JSMR,RG,3860,1,D,LG,PD,D
14:11:08,JSMR,RG,3860,50,D,LG,CC,D
14:11:08,JSMR,RG,3860,50,D,LG,DH,D
14:11:08,JSMR,RG,3860,296,D,LG,LG,D
14:10:21,JSMR,RG,3850,26,D,AZ,CC,D
14:10:21,JSMR,RG,3850,3,D,AZ,CS,D
14:10:21,JSMR,RG,3850,5,D,AZ,CS,D
14:10:21,JSMR,RG,3850,5,D,AZ,CS,D
14:10:14,JSMR,RG,3850,19,D,AZ,CS,D
14:10:14,JSMR,RG,3850,16,D,AZ,CS,D
14:10:14,JSMR,RG,3850,1,D,AZ,CS,D
14:10:14,JSMR,RG,3850,31,D,AZ,CS,D
14:10:14,JSMR,RG,3850,2,D,AZ,AK,F
14:10:14,JSMR,RG,3850,31,D,AZ,CC,D
14:10:14,JSMR,RG,3850,16,D,AZ,CS,D
14:10:14,JSMR,RG,3850,4,D,AZ,CS,D
14:10:14,JSMR,RG,3850,1,D,AZ,AK,F
14:10:14,JSMR,RG,3850,10,D,AZ,CC,D
14:10:14,JSMR,RG,3850,1,D,AZ,CC,D
14:10:14,JSMR,RG,3850,1,D,AZ,YP,D
14:10:14,JSMR,RG,3850,1,D,AZ,AK,F
14:10:14,JSMR,RG,3850,4,D,AZ,CS,D
14:10:14,JSMR,RG,3850,21,D,AZ,CS,D
14:10:14,JSMR,RG,3850,11,D,AZ,CS,D
14:10:14,JSMR,RG,3850,6,D,AZ,CS,D
14:10:14,JSMR,RG,3850,10,D,AZ,YP,D
14:10:14,JSMR,RG,3850,6,D,AZ,CS,D
14:10:14,JSMR,RG,3850,13,D,AZ,CS,D
14:10:14,JSMR,RG,3850,14,D,AZ,CS,D
14:10:14,JSMR,RG,3850,10,D,AZ,CS,D
14:10:14,JSMR,RG,3850,271,D,AZ,EP,D
14:09:32,JSMR,RG,3840,26,D,BB,CC,D
14:09:22,JSMR,RG,3850,1,D,PD,EP,D
14:08:51,JSMR,RG,3850,50,D,DR,EP,D
14:08:50,JSMR,RG,3840,8,D,BB,CC,D
14:08:50,JSMR,RG,3840,10,D,LG,CC,D
14:08:50,JSMR,RG,3840,1,D,YP,CC,D
14:08:50,JSMR,RG,3840,9,D,AZ,CC,D
14:08:46,JSMR,RG,3850,1,D,NI,EP,D
14:08:45,JSMR,RG,3850,81,D,AZ,EP,D
14:08:45,JSMR,RG,3850,4,D,AZ,KK,D
14:08:45,JSMR,RG,3850,4,D,AZ,PD,D
14:08:45,JSMR,RG,3850,5,D,AZ,PD,D
14:08:45,JSMR,RG,3850,13,D,AZ,XC,D
14:08:45,JSMR,RG,3850,21,D,AZ,CS,D
14:08:45,JSMR,RG,3850,14,D,AZ,CS,D
14:08:45,JSMR,RG,3850,4,D,AZ,CS,D
14:08:45,JSMR,RG,3850,2,D,AZ,CS,D
14:08:45,JSMR,RG,3850,1,D,AZ,CS,D
14:08:45,JSMR,RG,3850,10,D,AZ,AT,D
14:08:45,JSMR,RG,3850,1,D,AZ,CS,D
14:08:45,JSMR,RG,3850,2,D,AZ,CS,D
14:08:45,JSMR,RG,3850,1,D,AZ,AK,F
14:08:45,JSMR,RG,3850,1,D,AZ,PD,D
14:08:45,JSMR,RG,3850,8,D,AZ,CS,D
14:08:45,JSMR,RG,3850,2,D,AZ,CS,D
14:08:45,JSMR,RG,3850,36,D,AZ,CS,D
14:08:45,JSMR,RG,3850,4,D,AZ,CS,D
14:08:45,JSMR,RG,3850,3,D,AZ,CS,D
14:08:45,JSMR,RG,3850,2,D,AZ,CS,D
14:08:45,JSMR,RG,3850,1,D,AZ,CS,D
14:08:45,JSMR,RG,3850,1,D,AZ,AK,F
14:08:45,JSMR,RG,3850,6,D,AZ,CS,D
14:08:45,JSMR,RG,3850,3,D,AZ,CC,D
14:08:45,JSMR,RG,3850,6,D,AZ,BQ,D
14:08:45,JSMR,RG,3850,14,D,AZ,LG,D
14:08:08,JSMR,RG,3840,28,D,AZ,CC,D
14:07:57,JSMR,RG,3850,130,D,XA,LG,D
14:07:37,JSMR,RG,3850,1,D,XC,LG,D
14:07:26,JSMR,RG,3840,27,D,AZ,CC,D
14:07:26,JSMR,RG,3850,4,D,XC,LG,D
14:07:26,JSMR,RG,3850,2,D,XC,LG,D
14:07:17,JSMR,RG,3850,1,D,TF,LG,D
14:06:44,JSMR,RG,3850,98,D,PD,LG,D
14:06:44,JSMR,RG,3850,1,D,PD,AK,F
14:06:44,JSMR,RG,3850,2,D,PD,CS,D
14:06:44,JSMR,RG,3850,8,D,PD,CS,D
14:06:44,JSMR,RG,3850,2,D,PD,CS,D
14:06:44,JSMR,RG,3850,31,D,PD,CS,D
14:06:44,JSMR,RG,3850,10,D,PD,CS,D
14:06:44,JSMR,RG,3850,16,D,PD,CS,D
14:06:44,JSMR,RG,3850,32,D,PD,LG,D
14:06:40,JSMR,RG,3840,31,D,AZ,CC,D
14:06:29,JSMR,RG,3840,9,D,AZ,AK,F
14:06:28,JSMR,RG,3840,5,D,AZ,NI,D
14:06:27,JSMR,RG,3840,10,D,AZ,PD,D
14:06:13,JSMR,RG,3840,13,D,AZ,CS,D
14:06:06,JSMR,RG,3840,77,D,AZ,CS,D
14:05:57,JSMR,RG,3840,7,D,AZ,PD,D
14:05:56,JSMR,RG,3840,28,D,AZ,CC,D
14:05:14,JSMR,RG,3840,6,D,AZ,CC,D
14:05:14,JSMR,RG,3840,21,D,LG,CC,D
14:04:45,JSMR,RG,3840,4,D,LG,CS,D
14:04:45,JSMR,RG,3840,10,D,KK,CS,D
14:04:45,JSMR,RG,3840,32,D,DR,CS,D
14:04:42,JSMR,RG,3840,10,D,DR,YP,D
14:04:37,JSMR,RG,3850,1,D,NI,LG,D
14:04:32,JSMR,RG,3840,8,D,DR,CC,D
14:04:32,JSMR,RG,3840,1,D,NI,CC,D
14:04:32,JSMR,RG,3840,6,D,YP,CC,D
14:04:32,JSMR,RG,3840,16,D,GR,CC,D
14:04:03,JSMR,RG,3840,1,D,GR,YP,D
14:03:46,JSMR,RG,3840,27,D,GR,CC,D
14:03:40,JSMR,RG,3840,21,D,GR,CS,D
14:03:21,JSMR,RG,3850,1,D,PD,LG,D
14:03:03,JSMR,RG,3850,3,D,KK,LG,D
14:03:02,JSMR,RG,3840,29,D,GR,CC,D
14:02:57,JSMR,RG,3840,5,D,GR,YP,D
14:02:18,JSMR,RG,3840,30,D,GR,CC,D
14:01:34,JSMR,RG,3840,27,D,GR,CC,D
14:00:52,JSMR,RG,3840,27,D,GR,CC,D
14:00:44,JSMR,RG,3840,35,D,GR,CS,D
14:00:22,JSMR,RG,3840,26,D,GR,CC,D
14:00:06,JSMR,RG,3840,6,D,GR,CC,D
14:00:06,JSMR,RG,3840,7,D,BB,CC,D
14:00:06,JSMR,RG,3840,19,D,AZ,CC,D
13:59:33,JSMR,RG,3840,26,D,AZ,CC,D
13:59:22,JSMR,RG,3840,29,D,AZ,CC,D
13:59:04,JSMR,RG,3850,50,D,DR,LG,D
13:58:57,JSMR,RG,3840,2,D,AZ,XC,D
13:58:53,JSMR,RG,3840,26,D,AZ,CC,D
13:58:40,JSMR,RG,3840,24,D,AZ,CC,D
13:58:35,JSMR,RG,3840,47,D,AZ,CS,D
13:58:32,JSMR,RG,3840,77,D,AZ,CC,D
13:58:32,JSMR,RG,3840,23,D,CC,CC,D
13:57:58,JSMR,RG,3840,7,D,CC,CC,D
13:57:58,JSMR,RG,3840,2,D,YJ,CC,D
13:57:58,JSMR,RG,3840,5,D,YP,CC,D
13:57:58,JSMR,RG,3840,5,D,PD,CC,D
13:57:58,JSMR,RG,3840,5,D,KK,CC,D
13:57:56,JSMR,RG,3850,75,D,BB,LG,D
13:57:50,JSMR,RG,3850,1,D,PD,LG,D
13:57:16,JSMR,RG,3840,20,D,KK,CC,D
13:57:16,JSMR,RG,3840,3,D,YB,CC,D
13:57:16,JSMR,RG,3840,7,D,BB,CC,D
13:56:32,JSMR,RG,3840,30,D,BB,CC,D
13:56:16,JSMR,RG,3850,1,D,PD,LG,D
13:55:48,JSMR,RG,3840,26,D,BB,CC,D
13:55:12,JSMR,RG,3840,46,D,BB,PD,D
13:55:12,JSMR,RG,3840,5,D,YP,PD,D
13:55:12,JSMR,RG,3840,4,D,BB,PD,D
13:55:12,JSMR,RG,3840,36,D,AZ,PD,D
13:55:07,JSMR,RG,3850,200,D,PD,LG,D
13:55:02,JSMR,RG,3840,29,D,AZ,CC,D
13:54:18,JSMR,RG,3840,30,D,AZ,CC,D
13:54:07,JSMR,RG,3840,26,D,AZ,CS,D
13:53:36,JSMR,RG,3840,26,D,AZ,CC,D
13:52:54,JSMR,RG,3840,28,D,AZ,CC,D
13:52:34,JSMR,RG,3850,2,D,XL,LG,D
13:52:18,JSMR,RG,3840,36,D,AZ,CS,D
13:52:16,JSMR,RG,3850,1,D,XL,LG,D
13:52:12,JSMR,RG,3840,27,D,AZ,CC,D
13:51:28,JSMR,RG,3840,12,D,AZ,CC,D
13:51:28,JSMR,RG,3840,15,D,LG,CC,D
13:50:44,JSMR,RG,3840,27,D,LG,CC,D
13:50:42,JSMR,RG,3840,1,D,LG,PD,D
13:50:02,JSMR,RG,3840,24,D,LG,CC,D
13:50:01,JSMR,RG,3850,59,D,BB,LG,D
13:49:20,JSMR,RG,3840,13,D,LG,CC,D
13:49:20,JSMR,RG,3840,13,D,LG,CC,D
13:49:14,JSMR,RG,3840,5,D,LG,YU,D
13:48:49,JSMR,RG,3840,3,D,LG,CC,D
13:48:36,JSMR,RG,3840,29,D,LG,CC,D
13:47:50,JSMR,RG,3840,30,D,LG,CC,D
13:47:09,JSMR,RG,3850,3,D,YU,LG,D
13:47:06,JSMR,RG,3840,27,D,LG,CC,D
13:46:42,JSMR,RG,3840,12,D,LG,CC,D
13:46:42,JSMR,RG,3840,10,D,LG,CC,D
13:46:42,JSMR,RG,3840,4,D,AZ,CC,D
13:46:22,JSMR,RG,3840,24,D,AZ,CC,D
13:46:10,JSMR,RG,3850,5,D,GR,LG,D
13:46:10,JSMR,RG,3850,5,D,PD,LG,D
13:46:10,JSMR,RG,3850,5,D,PD,LG,D
13:46:10,JSMR,RG,3850,129,D,BB,LG,D
13:46:10,JSMR,RG,3850,177,D,AZ,LG,D
13:46:09,JSMR,RG,3850,50,D,AZ,CC,D
13:45:38,JSMR,RG,3850,23,D,AZ,CC,D
13:45:38,JSMR,RG,3850,3,D,AZ,CC,D
13:44:54,JSMR,RG,3850,32,D,AZ,CC,D
13:44:48,JSMR,RG,3850,15,D,AZ,YP,D
13:44:16,JSMR,RG,3850,1,D,AZ,PD,D
13:44:00,JSMR,RG,3850,30,D,AZ,NI,D
13:43:33,JSMR,RG,3850,9,D,AZ,CS,D
13:43:32,JSMR,RG,3850,33,D,AZ,CS,D
13:43:32,JSMR,RG,3850,6,D,AZ,CS,D
13:43:32,JSMR,RG,3850,5,D,AZ,CS,D
13:43:32,JSMR,RG,3850,29,D,AZ,CC,D
13:43:32,JSMR,RG,3850,3,D,AZ,CS,D
13:43:32,JSMR,RG,3850,2,D,AZ,CC,F
13:43:32,JSMR,RG,3850,2,D,AZ,CC,D
13:43:32,JSMR,RG,3850,27,D,AZ,CS,D
13:43:32,JSMR,RG,3850,4,D,AZ,AK,F
13:43:32,JSMR,RG,3850,1,D,AZ,AK,F
13:43:32,JSMR,RG,3850,18,D,AZ,CS,D
13:43:32,JSMR,RG,3850,4,D,AZ,CS,D
13:43:32,JSMR,RG,3850,26,D,AZ,LG,D
13:43:26,JSMR,RG,3840,29,D,AZ,CC,D
13:42:57,JSMR,RG,3840,1,D,AZ,CC,D
13:42:48,JSMR,RG,3850,224,D,YP,LG,D
13:42:48,JSMR,RG,3850,3,D,YP,CS,D
13:42:48,JSMR,RG,3850,1,D,YP,CS,D
13:42:48,JSMR,RG,3850,2,D,YP,CS,D
13:42:48,JSMR,RG,3850,4,D,YP,CS,D
13:42:48,JSMR,RG,3850,500,D,YP,LG,D
13:42:48,JSMR,RG,3850,96,D,YP,LG,D
13:42:42,JSMR,RG,3840,29,D,AZ,CC,D
13:42:27,JSMR,RG,3850,63,D,BB,LG,D
13:42:22,JSMR,RG,3840,1,D,AZ,CC,D
13:42:13,JSMR,RG,3840,5,D,AZ,YP,D
13:42:00,JSMR,RG,3840,24,D,AZ,CC,D
13:41:47,JSMR,RG,3840,1,D,AZ,CC,D
13:41:43,JSMR,RG,3850,10,D,OD,LG,D
13:40:47,JSMR,RG,3850,331,D,LG,LG,D
13:40:43,JSMR,RG,3850,4,D,LG,CS,D
13:40:43,JSMR,RG,3850,31,D,LG,CS,D
13:40:43,JSMR,RG,3850,26,D,LG,CS,D
13:40:43,JSMR,RG,3850,4,D,LG,CS,D
13:40:43,JSMR,RG,3850,7,D,LG,CS,D
13:40:43,JSMR,RG,3850,1,D,LG,CS,D
13:40:42,JSMR,RG,3850,2,D,LG,CC,D
13:40:42,JSMR,RG,3850,28,D,LG,CC,D
13:40:42,JSMR,RG,3850,1,D,LG,YP,D
13:40:42,JSMR,RG,3850,2,D,LG,CS,D
13:40:42,JSMR,RG,3850,30,D,LG,CS,D
13:40:42,JSMR,RG,3850,1,D,LG,CS,D
13:40:42,JSMR,RG,3850,25,D,LG,CS,D
13:40:42,JSMR,RG,3850,26,D,LG,CS,D
13:40:42,JSMR,RG,3850,2,D,LG,AK,F
13:40:42,JSMR,RG,3850,6,D,LG,CS,D
13:40:42,JSMR,RG,3850,2,D,LG,CS,D
13:40:42,JSMR,RG,3850,15,D,LG,CS,D
13:40:42,JSMR,RG,3850,1,D,LG,AK,F
13:40:42,JSMR,RG,3850,10,D,LG,CS,D
13:40:42,JSMR,RG,3850,27,D,LG,CS,D
13:40:42,JSMR,RG,3850,4,D,LG,CS,D
13:40:42,JSMR,RG,3850,8,D,LG,YP,D
13:40:42,JSMR,RG,3850,13,D,LG,CS,D
13:40:42,JSMR,RG,3850,45,D,LG,CC,D
13:40:42,JSMR,RG,3850,17,D,LG,CS,D
13:40:42,JSMR,RG,3850,5,D,LG,CS,D
13:40:42,JSMR,RG,3850,5,D,LG,CS,D
13:40:42,JSMR,RG,3850,2,D,LG,AK,F
13:40:42,JSMR,RG,3850,1,D,LG,KK,D
13:40:42,JSMR,RG,3850,10,D,LG,GR,D
13:40:42,JSMR,RG,3850,5,D,LG,CP,D
13:40:42,JSMR,RG,3850,10,D,LG,PD,D
13:40:42,JSMR,RG,3850,1,D,LG,PD,D
13:40:42,JSMR,RG,3850,20,D,LG,YP,D
13:40:42,JSMR,RG,3850,30,D,LG,DX,D
13:40:42,JSMR,RG,3850,6,D,LG,NI,D
13:40:42,JSMR,RG,3850,20,D,LG,NI,D
13:40:42,JSMR,RG,3850,1,D,LG,PD,D
13:40:42,JSMR,RG,3850,170,D,LG,YP,D
13:40:42,JSMR,RG,3850,2,D,LG,NI,D
13:40:42,JSMR,RG,3850,20,D,LG,CC,D
13:40:42,JSMR,RG,3850,22,D,LG,LG,D
13:40:34,JSMR,RG,3840,1,D,AZ,CC,D
13:40:34,JSMR,RG,3840,28,D,AZ,CC,D
13:40:03,JSMR,RG,3850,250,D,GR,LG,D
13:39:57,JSMR,RG,3840,1,D,AZ,CC,D
13:39:52,JSMR,RG,3840,1,D,AZ,CC,D
13:39:18,JSMR,RG,3840,1,D,AZ,CC,D
13:39:08,JSMR,RG,3840,1,D,AZ,CC,D
13:38:44,JSMR,RG,3840,1,D,AZ,CC,D
13:38:22,JSMR,RG,3840,12,D,AZ,CC,D
13:38:08,JSMR,RG,3840,1,D,AZ,CC,D
13:37:38,JSMR,RG,3840,31,D,AZ,CC,D
13:37:33,JSMR,RG,3840,22,D,AZ,CS,D
13:37:31,JSMR,RG,3840,1,D,AZ,CC,D
13:37:18,JSMR,RG,3850,2,D,YJ,LG,D
13:36:54,JSMR,RG,3840,28,D,AZ,CC,D
13:36:52,JSMR,RG,3840,1,D,AZ,CC,D
13:36:16,JSMR,RG,3840,1,D,AZ,CC,D
13:36:10,JSMR,RG,3840,1,D,AZ,CC,D
13:36:10,JSMR,RG,3840,27,D,OD,CC,D
13:36:02,JSMR,RG,3840,1,D,OD,BQ,D
13:35:38,JSMR,RG,3840,1,D,OD,CC,D
13:35:25,JSMR,RG,3850,2,D,YB,LG,D
13:35:24,JSMR,RG,3840,27,D,OD,CC,D
13:35:09,JSMR,RG,3850,2,D,PD,LG,D
13:35:02,JSMR,RG,3840,1,D,OD,CC,D
13:34:46,JSMR,RG,3850,12,D,BB,LG,D
13:34:42,JSMR,RG,3840,27,D,OD,CC,D
13:34:24,JSMR,RG,3840,1,D,OD,CC,D
13:34:22,JSMR,RG,3840,1,D,OD,XL,D
13:33:58,JSMR,RG,3840,14,D,OD,CC,D
13:33:58,JSMR,RG,3840,4,D,BB,CC,D
13:33:58,JSMR,RG,3840,5,D,CC,CC,D
13:33:48,JSMR,RG,3840,1,D,CC,CC,D
13:33:39,JSMR,RG,3840,1,D,XC,DH,D
13:33:16,JSMR,RG,3840,1,D,CC,CC,D
13:33:16,JSMR,RG,3840,10,D,XC,CC,D
13:33:16,JSMR,RG,3840,15,D,LG,CC,D
13:33:12,JSMR,RG,3840,1,D,LG,CC,D
13:32:50,JSMR,RG,3850,150,D,AZ,LG,D
13:30:16,JSMR,RG,3840,25,D,LG,AK,F
13:30:14,JSMR,RG,3840,80,D,LG,OD,D
13:30:14,JSMR,RG,3840,1,D,PD,OD,D
13:30:14,JSMR,RG,3840,1,D,YP,OD,D
13:30:14,JSMR,RG,3840,1,D,LG,OD,D
13:30:14,JSMR,RG,3840,117,D,LG,OD,D
13:30:10,JSMR,RG,3840,1,D,LG,XC,D
13:30:10,JSMR,RG,3840,35,D,LG,NI,D
13:30:10,JSMR,RG,3840,7,D,LG,YP,D
13:30:08,JSMR,RG,3840,18,D,LG,CC,D
13:30:08,JSMR,RG,3840,12,D,LG,CC,D
13:30:08,JSMR,RG,3840,10,D,LG,YP,D
13:30:08,JSMR,RG,3840,30,D,LG,CC,D
13:30:07,JSMR,RG,3840,8,D,LG,YP,D
13:30:07,JSMR,RG,3840,1,D,LG,XL,D
13:30:07,JSMR,RG,3840,55,D,LG,XL,D
13:30:07,JSMR,RG,3840,1,D,LG,YP,D
13:30:06,JSMR,RG,3840,3,D,LG,YP,D
13:30:05,JSMR,RG,3840,1,D,LG,AK,F
13:30:05,JSMR,RG,3840,3,D,LG,AK,F
13:30:04,JSMR,RG,3840,1,D,LG,XC,D
13:30:03,JSMR,RG,3840,1,D,LG,YP,D
13:30:03,JSMR,RG,3840,1,D,LG,YP,D
13:30:03,JSMR,RG,3840,1,D,LG,YP,D
13:30:03,JSMR,RG,3840,32,D,LG,CS,D
13:30:03,JSMR,RG,3840,25,D,LG,CS,D
13:30:03,JSMR,RG,3840,6,D,LG,YP,D
13:30:03,JSMR,RG,3840,2,D,LG,YP,D
13:30:02,JSMR,RG,3840,41,D,LG,OD,D
13:30:02,JSMR,RG,3840,6,D,LG,PD,D
13:30:02,JSMR,RG,3840,2,D,LG,AZ,D
13:30:02,JSMR,RG,3840,25,D,LG,PD,D
13:30:02,JSMR,RG,3840,9,D,LG,CS,D
13:30:02,JSMR,RG,3840,10,D,LG,YP,D
13:30:02,JSMR,RG,3840,6,D,LG,CS,D
13:30:02,JSMR,RG,3840,5,D,LG,CS,D
13:30:02,JSMR,RG,3840,2,D,LG,CS,D
13:30:02,JSMR,RG,3840,12,D,PD,CS,D
13:30:02,JSMR,RG,3840,89,D,PD,CC,D
13:30:02,JSMR,RG,3840,4,D,PD,CS,D
13:30:01,JSMR,RG,3840,5,D,PD,CS,D
13:30:01,JSMR,RG,3840,10,D,PD,KK,D
13:30:01,JSMR,RG,3840,3,D,OD,KK,D
13:30:01,JSMR,RG,3840,2,D,DH,KK,D
13:30:01,JSMR,RG,3840,1,D,XC,KK,D
13:30:01,JSMR,RG,3840,4,D,HP,KK,D
13:30:01,JSMR,RG,3840,10,D,HP,YP,D
13:30:01,JSMR,RG,3840,3,D,HP,CS,D
13:30:01,JSMR,RG,3840,18,D,HP,CS,D
13:30:01,JSMR,RG,3840,15,D,HP,YP,D
13:30:01,JSMR,RG,3840,9,D,HP,CS,D
13:30:01,JSMR,RG,3840,21,D,HP,CS,D
13:30:01,JSMR,RG,3840,20,D,HP,DH,D
11:29:54,JSMR,RG,3840,2,D,BB,DH,D
11:29:05,JSMR,RG,3840,3,D,BB,DH,D
11:28:50,JSMR,RG,3830,1,D,IF,XC,D
11:28:35,JSMR,RG,3830,27,D,IF,XL,D
11:28:15,JSMR,RG,3830,1,D,IF,AK,F
11:27:51,JSMR,RG,3840,3,D,BB,DH,D
11:27:14,JSMR,RG,3840,1,D,DR,DH,D
11:26:49,JSMR,RG,3840,8,D,DR,DH,D
11:26:49,JSMR,RG,3840,6,D,DR,CS,D
11:26:49,JSMR,RG,3840,8,D,DR,CS,D
11:26:49,JSMR,RG,3840,2,D,DR,OD,D
11:26:49,JSMR,RG,3840,1,D,DR,CS,D
11:25:27,JSMR,RG,3840,2,D,BB,CS,D
11:25:27,JSMR,RG,3840,4,D,BB,CS,D
11:25:27,JSMR,RG,3840,2,D,BB,CS,D
11:25:12,JSMR,RG,3840,1,D,XC,CS,D
11:23:03,JSMR,RG,3840,4,D,BB,CS,D
11:23:03,JSMR,RG,3840,7,D,BB,CS,D
11:22:45,JSMR,RG,3830,5,D,IF,CC,D
11:22:41,JSMR,RG,3830,1,D,IF,PD,D
11:22:03,JSMR,RG,3830,2,D,IF,DH,D
11:21:59,JSMR,RG,3840,11,D,CC,CS,D
11:21:59,JSMR,RG,3840,1,D,CC,AK,F
11:21:59,JSMR,RG,3840,3,D,CC,CS,D
11:21:26,JSMR,RG,3840,4,D,YP,CS,D
11:21:26,JSMR,RG,3840,1,D,YP,CS,D
11:21:23,JSMR,RG,3830,5,D,IF,DH,D
11:21:15,JSMR,RG,3840,2,D,CP,CS,D
11:20:33,JSMR,RG,3840,5,D,BB,CS,D
11:20:25,JSMR,RG,3830,100,D,IF,AI,D
11:20:11,JSMR,RG,3840,7,D,BB,CS,D
11:19:24,JSMR,RG,3830,18,D,IF,AI,D
11:19:24,JSMR,RG,3830,22,D,YP,AI,D
11:19:24,JSMR,RG,3830,20,D,CC,AI,D
11:19:24,JSMR,RG,3830,3,D,OD,AI,D
11:19:24,JSMR,RG,3830,3,D,CC,AI,D
11:19:24,JSMR,RG,3830,11,D,BB,AI,D
11:19:24,JSMR,RG,3830,23,D,AZ,AI,D
11:19:14,JSMR,RG,3840,2,D,BB,CS,D
11:19:13,JSMR,RG,3840,4,D,KK,CS,D
11:19:13,JSMR,RG,3840,6,D,KK,CS,D
11:19:13,JSMR,RG,3840,3,D,KK,CS,D
11:19:13,JSMR,RG,3840,5,D,KK,CS,D
11:19:13,JSMR,RG,3840,14,D,KK,CS,D
11:19:13,JSMR,RG,3840,1,D,KK,PD,D
11:19:13,JSMR,RG,3840,8,D,KK,CS,D
11:19:13,JSMR,RG,3840,3,D,KK,CS,D
11:19:13,JSMR,RG,3840,3,D,KK,CS,D
11:19:13,JSMR,RG,3840,3,D,KK,PD,D
11:19:13,JSMR,RG,3840,19,D,BB,PD,D
11:19:08,JSMR,RG,3840,2,D,YP,PD,D
11:19:05,JSMR,RG,3830,1,D,AZ,PD,D
11:18:48,JSMR,RG,3840,1,D,NI,PD,D
11:18:48,JSMR,RG,3840,17,D,NI,CS,D
11:18:48,JSMR,RG,3840,19,D,NI,CS,D
11:18:48,JSMR,RG,3840,4,D,NI,AK,F
11:18:48,JSMR,RG,3840,20,D,NI,EP,D
11:18:48,JSMR,RG,3840,14,D,NI,YP,D
11:18:48,JSMR,RG,3840,1,D,NI,PD,D
11:18:18,JSMR,RG,3830,1,D,AZ,XL,D
11:17:37,JSMR,RG,3840,1,D,BB,YP,D
11:17:15,JSMR,RG,3830,20,D,AZ,OD,D
11:16:55,JSMR,RG,3830,5,D,AZ,CC,D
11:16:55,JSMR,RG,3830,1,D,NI,CC,D
11:16:55,JSMR,RG,3830,10,D,PD,CC,D
11:16:55,JSMR,RG,3830,10,D,CC,CC,D
11:16:29,JSMR,RG,3830,5,D,CC,XC,D
11:16:29,JSMR,RG,3830,1,D,XC,XC,D
11:15:55,JSMR,RG,3830,3,D,AZ,CS,D
11:15:55,JSMR,RG,3830,1,D,AZ,AK,F
11:15:55,JSMR,RG,3830,15,D,AZ,CS,D
11:15:55,JSMR,RG,3830,3,D,AZ,CS,D
11:15:55,JSMR,RG,3830,2,D,AZ,CS,D
11:15:55,JSMR,RG,3830,13,D,AZ,CS,D
11:15:55,JSMR,RG,3830,1,D,AZ,CS,D
11:15:55,JSMR,RG,3830,12,D,AZ,CS,D
11:15:37,JSMR,RG,3830,3,D,YP,CS,D
11:15:37,JSMR,RG,3830,1,D,YP,AK,F
11:15:37,JSMR,RG,3830,10,D,YP,CS,D
11:15:37,JSMR,RG,3830,10,D,YP,CS,D
11:15:37,JSMR,RG,3830,1,D,YP,IF,D
11:15:37,JSMR,RG,3830,8,D,YP,CS,D
11:15:37,JSMR,RG,3830,1,D,YP,AK,F
11:15:37,JSMR,RG,3830,3,D,YP,CS,D
11:15:37,JSMR,RG,3830,1,D,YP,CS,D
11:15:37,JSMR,RG,3830,7,D,YP,CS,D
11:15:37,JSMR,RG,3830,1,D,YP,CS,D
11:15:37,JSMR,RG,3830,4,D,YP,CS,D
11:15:34,JSMR,RG,3830,3,D,CC,CS,D
11:15:34,JSMR,RG,3830,2,D,CC,CS,D
11:15:34,JSMR,RG,3830,1,D,CC,CS,D
11:15:34,JSMR,RG,3830,1,D,CC,AK,F
11:15:34,JSMR,RG,3830,2,D,CC,CS,D
11:15:34,JSMR,RG,3830,3,D,CC,CS,D
11:15:34,JSMR,RG,3830,5,D,CC,CS,D
11:15:34,JSMR,RG,3830,1,D,CC,CS,D
11:15:34,JSMR,RG,3830,1,D,CC,CS,D
11:15:34,JSMR,RG,3830,1,D,CC,CS,D
11:15:12,JSMR,RG,3830,1,D,YP,AK,F
11:15:12,JSMR,RG,3830,1,D,YP,CS,D
11:15:02,JSMR,RG,3830,2,D,CC,CS,D
11:15:02,JSMR,RG,3830,1,D,CC,CS,D
11:14:59,JSMR,RG,3820,3,D,LG,AZ,D
11:14:28,JSMR,RG,3820,8,D,LG,CS,D
11:14:27,JSMR,RG,3830,6,D,DR,CS,D
11:14:27,JSMR,RG,3830,5,D,DR,CS,D
11:14:27,JSMR,RG,3830,51,D,DR,AK,F
11:14:27,JSMR,RG,3830,1,D,DR,AK,F
11:14:27,JSMR,RG,3830,1,D,DR,CS,D
11:14:27,JSMR,RG,3830,7,D,DR,CS,D
11:14:27,JSMR,RG,3830,2,D,DR,CS,D
11:14:27,JSMR,RG,3830,14,D,DR,CS,D
11:14:27,JSMR,RG,3830,4,D,DR,CS,D
11:14:27,JSMR,RG,3830,2,D,DR,CS,D
11:14:27,JSMR,RG,3830,1,D,DR,CS,D
11:14:27,JSMR,RG,3830,1,D,DR,CS,D
11:14:27,JSMR,RG,3830,1,D,DR,CS,D
11:14:27,JSMR,RG,3830,1,D,DR,CS,D
11:14:27,JSMR,RG,3830,1,D,DR,CS,D
11:14:27,JSMR,RG,3830,2,D,DR,CS,D
11:14:27,JSMR,RG,3830,3,D,DR,CS,D
11:14:27,JSMR,RG,3830,3,D,DR,CS,D
11:14:27,JSMR,RG,3830,5,D,DR,CS,D
11:14:27,JSMR,RG,3830,2,D,DR,CS,D
11:14:27,JSMR,RG,3830,2,D,DR,CS,D
11:14:27,JSMR,RG,3830,1,D,DR,CS,D
11:14:27,JSMR,RG,3830,1,D,DR,CS,D
11:14:27,JSMR,RG,3830,3,D,DR,CS,D
11:14:27,JSMR,RG,3830,17,D,DR,DR,D
11:14:19,JSMR,RG,3820,41,D,LG,YU,D
11:13:56,JSMR,RG,3820,6,D,LG,CC,D
11:13:56,JSMR,RG,3820,5,D,XC,CC,D
11:13:56,JSMR,RG,3820,4,D,EP,CC,D
11:13:56,JSMR,RG,3820,1,D,KK,CC,D
11:13:56,JSMR,RG,3820,10,D,YB,CC,D
11:13:55,JSMR,RG,3830,10,D,YP,DR,D
11:13:49,JSMR,RG,3830,30,D,PD,DR,D
11:13:40,JSMR,RG,3830,1,D,XC,DR,D
11:13:40,JSMR,RG,3830,1,D,XC,DR,D
11:13:40,JSMR,RG,3830,5,D,PD,DR,D
11:13:40,JSMR,RG,3830,12,D,YP,DR,D
11:13:40,JSMR,RG,3830,1,D,XC,DR,D
11:13:40,JSMR,RG,3830,1,D,CC,DR,D
11:13:40,JSMR,RG,3830,1,D,AZ,DR,D
11:13:40,JSMR,RG,3830,100,D,HD,DR,D
11:13:40,JSMR,RG,3830,1,D,XC,DR,D
11:13:40,JSMR,RG,3830,2,D,CC,DR,D
11:13:40,JSMR,RG,3830,1,D,ZP,DR,D
11:13:40,JSMR,RG,3830,10,D,CC,DR,D
11:13:40,JSMR,RG,3830,1,D,YP,DR,D
11:13:40,JSMR,RG,3830,2,D,PD,DR,D
11:13:40,JSMR,RG,3830,2,D,PD,DR,D
11:13:40,JSMR,RG,3830,2,D,TP,DR,D
11:13:38,JSMR,RG,3830,6,D,TP,CS,D
11:13:37,JSMR,RG,3830,39,D,TP,CS,D
11:13:35,JSMR,RG,3830,3,D,TP,CC,D
11:13:35,JSMR,RG,3830,23,D,SQ,CC,D
11:13:11,JSMR,RG,3840,2,D,IF,CS,D
11:13:11,JSMR,RG,3840,2,D,IF,CS,D
11:13:11,JSMR,RG,3840,1,D,IF,CS,D
11:12:35,JSMR,RG,3840,1,D,PD,CS,D
11:12:13,JSMR,RG,3830,1,D,SQ,XC,D
11:12:07,JSMR,RG,3830,6,D,SQ,CS,D
11:12:07,JSMR,RG,3830,2,D,YP,CS,D
11:12:07,JSMR,RG,3830,14,D,KK,CS,D
11:12:07,JSMR,RG,3830,30,D,KK,CS,D
11:12:07,JSMR,RG,3830,6,D,KK,OD,D
11:12:07,JSMR,RG,3830,1,D,YP,OD,D
11:12:07,JSMR,RG,3830,100,D,DR,OD,D
11:12:07,JSMR,RG,3830,1,D,SQ,OD,D
11:12:07,JSMR,RG,3830,5,D,YP,OD,D
11:12:07,JSMR,RG,3830,5,D,YP,OD,D
11:12:07,JSMR,RG,3830,1,D,YP,OD,D
11:12:07,JSMR,RG,3830,1,D,PD,OD,D
11:12:07,JSMR,RG,3830,2,D,YJ,OD,D
11:12:07,JSMR,RG,3830,1,D,NI,OD,D
11:12:07,JSMR,RG,3830,7,D,CC,OD,D
11:11:43,JSMR,RG,3830,4,D,CC,NI,D
11:10:50,JSMR,RG,3830,1,D,CC,XC,D
11:10:44,JSMR,RG,3840,1,D,CC,CS,D
11:09:26,JSMR,RG,3830,1,D,CC,XC,D
11:09:12,JSMR,RG,3830,5,D,CC,KK,D
11:08:36,JSMR,RG,3830,2,D,CC,YP,D
11:08:22,JSMR,RG,3830,10,D,CC,KK,D
11:07:43,JSMR,RG,3830,138,D,CC,PD,D
11:07:29,JSMR,RG,3830,1,D,CC,XL,D
11:07:07,JSMR,RG,3830,1,D,CC,CS,D
11:07:07,JSMR,RG,3830,2,D,DH,CS,D
11:07:07,JSMR,RG,3830,4,D,DH,CS,D
11:07:07,JSMR,RG,3840,8,D,BB,CS,D
11:07:06,JSMR,RG,3840,10,D,PD,BK,F
11:07:06,JSMR,RG,3840,1,D,EP,BK,F
11:07:06,JSMR,RG,3840,1,D,YP,BK,F
11:07:06,JSMR,RG,3840,146,D,CC,BK,F
11:07:06,JSMR,RG,3840,8,D,CC,CS,D
11:07:05,JSMR,RG,3840,46,D,CC,BK,F
11:07:05,JSMR,RG,3840,25,D,PD,BK,F
11:07:05,JSMR,RG,3840,6,D,YP,BK,F
11:07:05,JSMR,RG,3840,50,D,CC,BK,F
11:07:05,JSMR,RG,3840,5,D,PD,BK,F
11:07:05,JSMR,RG,3840,8,D,SQ,BK,F
11:07:05,JSMR,RG,3840,1,D,CC,BK,F
11:07:05,JSMR,RG,3840,3,D,YB,BK,F
11:07:05,JSMR,RG,3840,1,D,YP,BK,F
11:07:05,JSMR,RG,3840,30,D,AZ,BK,F
11:07:05,JSMR,RG,3840,1,D,NI,BK,F
11:07:05,JSMR,RG,3840,2,D,YP,BK,F
11:07:05,JSMR,RG,3840,15,D,CC,BK,F
11:07:05,JSMR,RG,3840,5,D,YP,BK,F
11:07:05,JSMR,RG,3840,1,D,CP,BK,F
11:07:05,JSMR,RG,3840,10,D,EP,BK,F
11:07:05,JSMR,RG,3840,3,D,CC,BK,F
11:07:05,JSMR,RG,3840,1,D,GR,BK,F
11:07:05,JSMR,RG,3840,10,D,YP,BK,F
11:07:05,JSMR,RG,3840,100,D,CC,BK,F
11:07:05,JSMR,RG,3840,1,D,XC,BK,F
11:07:05,JSMR,RG,3840,3,D,EP,BK,F
11:07:05,JSMR,RG,3840,20,D,SQ,BK,F
11:07:05,JSMR,RG,3840,1,D,CC,BK,F
11:07:05,JSMR,RG,3840,1,D,XC,BK,F
11:07:05,JSMR,RG,3840,20,D,ZP,BK,F
11:07:05,JSMR,RG,3840,2,D,XL,BK,F
11:07:05,JSMR,RG,3840,7,D,YP,BK,F
11:07:05,JSMR,RG,3840,100,D,GR,BK,F
11:07:05,JSMR,RG,3840,15,D,XC,BK,F
11:07:05,JSMR,RG,3840,1,D,CC,BK,F
11:07:05,JSMR,RG,3840,1,D,YP,BK,F
11:07:05,JSMR,RG,3840,5,D,PD,BK,F
11:07:05,JSMR,RG,3840,1,D,PD,CS,D
11:07:05,JSMR,RG,3840,14,D,CC,CS,D
11:07:04,JSMR,RG,3840,6,D,CC,BK,F
11:07:04,JSMR,RG,3840,20,D,CC,BK,F
11:07:04,JSMR,RG,3840,1,D,EP,BK,F
11:07:04,JSMR,RG,3840,7,D,CC,BK,F
11:07:04,JSMR,RG,3840,1,D,EP,BK,F
11:07:04,JSMR,RG,3840,2,D,YJ,BK,F
11:07:04,JSMR,RG,3840,20,D,XC,BK,F
11:07:04,JSMR,RG,3840,1,D,XL,BK,F
11:07:04,JSMR,RG,3840,1,D,CC,BK,F
11:07:04,JSMR,RG,3840,50,D,CC,BK,F
11:07:04,JSMR,RG,3840,1,D,CC,BK,F
11:07:04,JSMR,RG,3840,50,D,YP,BK,F
11:07:04,JSMR,RG,3840,150,D,CC,BK,F
11:07:04,JSMR,RG,3840,1,D,PD,BK,F
11:07:04,JSMR,RG,3840,10,D,NI,BK,F
11:07:04,JSMR,RG,3840,179,D,NI,BK,F
11:07:03,JSMR,RG,3840,71,D,NI,BK,F
11:07:03,JSMR,RG,3840,429,D,DX,BK,F
11:07:01,JSMR,RG,3850,100,D,DR,LG,D
11:07:01,JSMR,RG,3850,1,D,XC,LG,D
11:07:01,JSMR,RG,3850,34,D,BB,LG,D
11:07:01,JSMR,RG,3850,1,D,YP,LG,D
11:07:01,JSMR,RG,3850,10,D,CC,LG,D
11:07:01,JSMR,RG,3850,41,D,XL,LG,D
11:07:01,JSMR,RG,3850,6,D,XC,LG,D
11:07:01,JSMR,RG,3850,6,D,YP,LG,D
11:07:01,JSMR,RG,3850,1,D,XC,LG,D
11:07:01,JSMR,RG,3850,1,D,EP,LG,D
11:07:01,JSMR,RG,3850,100,D,GR,LG,D
11:07:01,JSMR,RG,3850,1,D,PD,LG,D
11:07:01,JSMR,RG,3850,24,D,NI,LG,D
11:07:01,JSMR,RG,3850,8,D,CC,LG,D
11:07:01,JSMR,RG,3850,5,D,PD,LG,D
11:07:01,JSMR,RG,3850,25,D,CC,LG,D
11:07:01,JSMR,RG,3850,1,D,CC,LG,D
11:07:01,JSMR,RG,3850,1,D,XL,LG,D
11:07:01,JSMR,RG,3850,4,D,NI,LG,D
11:07:01,JSMR,RG,3850,50,D,CC,LG,D
11:07:01,JSMR,RG,3850,1,D,XL,LG,D
11:07:01,JSMR,RG,3850,4,D,PD,LG,D
11:07:01,JSMR,RG,3850,200,D,AI,LG,D
11:07:01,JSMR,RG,3850,10,D,PD,LG,D
11:07:01,JSMR,RG,3850,500,D,AZ,LG,D
11:07:01,JSMR,RG,3850,12,D,LG,LG,D
11:07:01,JSMR,RG,3850,20,D,ZP,LG,D
11:07:01,JSMR,RG,3850,10,D,PD,LG,D
11:07:01,JSMR,RG,3850,5,D,EP,LG,D
11:07:01,JSMR,RG,3850,100,D,AZ,LG,D
11:07:01,JSMR,RG,3850,100,D,AZ,LG,D
11:07:01,JSMR,RG,3850,20,D,CC,LG,D
11:07:01,JSMR,RG,3850,1,D,EP,LG,D
11:07:01,JSMR,RG,3850,1,D,CC,LG,D
11:07:01,JSMR,RG,3850,1,D,CC,LG,D
11:07:01,JSMR,RG,3850,6,D,YP,LG,D
11:07:01,JSMR,RG,3850,10,D,CC,LG,D
11:07:01,JSMR,RG,3850,1,D,XL,LG,D
11:07:01,JSMR,RG,3850,7,D,YP,LG,D
11:07:01,JSMR,RG,3850,2,D,XL,LG,D
11:07:01,JSMR,RG,3850,1,D,CC,LG,D
11:07:01,JSMR,RG,3850,50,D,PD,LG,D
11:07:01,JSMR,RG,3850,5,D,PD,LG,D
11:07:01,JSMR,RG,3850,2,D,CC,LG,D
11:07:01,JSMR,RG,3850,1,D,PD,LG,D
11:07:01,JSMR,RG,3850,39,D,AZ,LG,D
11:07:01,JSMR,RG,3850,10,D,NI,LG,D
11:07:01,JSMR,RG,3850,21,D,DP,LG,D
11:06:31,JSMR,RG,3850,58,D,DP,AK,F
11:06:30,JSMR,RG,3850,65,D,DP,CS,D
11:06:30,JSMR,RG,3850,40,D,DP,CS,D
11:05:13,JSMR,RG,3850,16,D,DP,CS,D
11:05:13,JSMR,RG,3850,1,D,NI,CS,D
11:05:13,JSMR,RG,3850,3,D,KK,CS,D
11:05:13,JSMR,RG,3850,16,D,TP,CS,D
11:05:12,JSMR,RG,3850,4,D,TP,AK,F
11:05:12,JSMR,RG,3850,1,D,YP,AK,F
11:05:11,JSMR,RG,3860,100,D,CC,LG,D
11:05:11,JSMR,RG,3860,6,D,YP,LG,D
11:05:11,JSMR,RG,3860,1,D,XC,LG,D
11:05:11,JSMR,RG,3860,2,D,XC,LG,D
11:05:11,JSMR,RG,3860,118,D,BB,LG,D
11:05:11,JSMR,RG,3860,5,D,EP,LG,D
11:05:11,JSMR,RG,3860,50,D,DR,LG,D
11:05:11,JSMR,RG,3860,2,D,YP,LG,D
11:05:11,JSMR,RG,3860,1,D,EP,LG,D
11:05:11,JSMR,RG,3860,5,D,PD,LG,D
11:05:11,JSMR,RG,3860,100,D,DP,LG,D
11:05:11,JSMR,RG,3860,3,D,YB,LG,D
11:05:11,JSMR,RG,3860,1,D,NI,LG,D
11:05:11,JSMR,RG,3860,10,D,PD,LG,D
11:05:11,JSMR,RG,3860,15,D,NI,LG,D
11:05:11,JSMR,RG,3860,8,D,PD,LG,D
11:05:11,JSMR,RG,3860,2,D,YP,LG,D
11:05:11,JSMR,RG,3860,5,D,XC,LG,D
11:05:11,JSMR,RG,3860,50,D,AZ,LG,D
11:05:11,JSMR,RG,3860,50,D,AZ,LG,D
11:05:11,JSMR,RG,3860,3,D,KK,LG,D
11:05:11,JSMR,RG,3860,1,D,XC,LG,D
11:05:11,JSMR,RG,3860,5,D,CC,LG,D
11:05:11,JSMR,RG,3860,5,D,EP,LG,D
11:05:11,JSMR,RG,3860,2,D,PD,LG,D
11:05:11,JSMR,RG,3860,30,D,PD,LG,D
11:05:11,JSMR,RG,3860,500,D,AZ,LG,D
11:05:11,JSMR,RG,3860,1,D,XL,LG,D
11:05:11,JSMR,RG,3860,5,D,PD,LG,D
11:05:11,JSMR,RG,3860,10,D,CC,LG,D
11:05:11,JSMR,RG,3860,1,D,YP,LG,D
11:05:11,JSMR,RG,3860,1,D,EP,LG,D
11:05:11,JSMR,RG,3860,6,D,YP,LG,D
11:05:11,JSMR,RG,3860,999,D,IF,LG,D
11:05:02,JSMR,RG,3870,1,D,AZ,DR,D
11:05:02,JSMR,RG,3870,10,D,AZ,CS,D
11:05:02,JSMR,RG,3870,14,D,AZ,CS,D
11:04:35,JSMR,RG,3870,2,D,AZ,YP,D
11:04:35,JSMR,RG,3870,2,D,AZ,CS,D
11:04:35,JSMR,RG,3870,4,D,AZ,CS,D
11:04:35,JSMR,RG,3870,3,D,AZ,CS,D
11:04:35,JSMR,RG,3870,10,D,AZ,DH,D
11:04:35,JSMR,RG,3870,4,D,AZ,CS,D
11:03:23,JSMR,RG,3870,1,D,CC,CS,D
11:03:23,JSMR,RG,3870,4,D,CC,CS,D
11:01:53,JSMR,RG,3870,1,D,PD,CS,D
11:01:15,JSMR,RG,3860,1,D,IF,AK,F
11:00:56,JSMR,RG,3860,3,D,YP,GR,D
11:00:48,JSMR,RG,3860,5,D,YP,SQ,D
11:00:48,JSMR,RG,3860,3,D,YP,SQ,D
11:00:48,JSMR,RG,3860,2,D,YP,SQ,D
10:58:13,JSMR,RG,3870,3,D,OD,CC,D
10:57:30,JSMR,RG,3870,2,D,YP,CC,D
10:57:30,JSMR,RG,3870,2,D,YP,CS,D
10:57:30,JSMR,RG,3870,1,D,YP,AK,F
10:56:48,JSMR,RG,3870,1,D,XL,AK,F
10:55:41,JSMR,RG,3860,1,D,YP,YP,D
10:55:15,JSMR,RG,3860,1,D,YP,AK,F
10:55:04,JSMR,RG,3860,1,D,YP,CS,D
10:55:03,JSMR,RG,3870,1,D,OD,BK,F
10:55:03,JSMR,RG,3870,10,D,XC,BK,F
10:55:03,JSMR,RG,3870,59,D,BB,BK,F
10:55:03,JSMR,RG,3870,1,D,XC,BK,F
10:55:03,JSMR,RG,3870,1,D,EP,BK,F
10:55:03,JSMR,RG,3870,2,D,PD,BK,F
10:55:03,JSMR,RG,3870,1,D,PD,AK,F
10:55:03,JSMR,RG,3870,1,D,YP,AK,F
10:55:03,JSMR,RG,3870,3,D,PD,AK,F
10:55:03,JSMR,RG,3870,3,D,YP,AK,F
10:55:03,JSMR,RG,3870,43,D,AZ,AK,F
10:55:03,JSMR,RG,3870,7,D,AZ,CS,D
10:55:03,JSMR,RG,3870,4,D,AZ,CS,D
10:55:03,JSMR,RG,3870,10,D,AZ,CS,D
10:55:03,JSMR,RG,3870,36,D,AZ,PD,D
10:55:03,JSMR,RG,3870,10,D,YP,PD,D
10:55:03,JSMR,RG,3870,500,D,AZ,PD,D
10:55:03,JSMR,RG,3870,454,D,OD,PD,D
10:54:55,JSMR,RG,3870,14,D,OD,CS,D
10:54:04,JSMR,RG,3870,13,D,OD,XC,D
10:53:59,JSMR,RG,3870,7,D,OD,CS,D
10:53:52,JSMR,RG,3870,12,D,OD,CS,D
10:53:52,JSMR,RG,3870,1,D,NI,CS,D
10:53:52,JSMR,RG,3870,14,D,YP,CS,D
10:53:51,JSMR,RG,3870,6,D,YP,LG,D
10:53:51,JSMR,RG,3870,2,D,KK,LG,D
10:53:51,JSMR,RG,3870,492,D,AZ,LG,D
10:53:50,JSMR,RG,3870,1,D,AZ,BQ,D
10:53:25,JSMR,RG,3870,7,D,AZ,DH,D
10:53:25,JSMR,RG,3870,2,D,YP,DH,D
10:53:25,JSMR,RG,3870,1,D,EP,DH,D
10:53:25,JSMR,RG,3870,5,D,SQ,DH,D
10:53:25,JSMR,RG,3870,3,D,CC,DH,D
10:52:34,JSMR,RG,3870,7,D,CC,CS,D
10:52:34,JSMR,RG,3870,7,D,BB,CS,D
10:52:32,JSMR,RG,3870,18,D,BB,CS,D
10:52:08,JSMR,RG,3870,13,D,BB,XC,D
10:51:51,JSMR,RG,3880,1,D,PD,RX,D
10:51:43,JSMR,RG,3870,30,D,BB,YP,D
10:51:39,JSMR,RG,3870,1,D,BB,OD,D
10:51:32,JSMR,RG,3870,15,D,BB,XC,D
10:51:30,JSMR,RG,3870,105,D,BB,CC,D
10:51:30,JSMR,RG,3870,1,D,YP,CC,D
10:51:30,JSMR,RG,3870,100,D,DP,CC,D
10:51:30,JSMR,RG,3870,19,D,AZ,CC,D
10:51:18,JSMR,RG,3870,8,D,AZ,CC,D
10:51:12,JSMR,RG,3870,6,D,AZ,CS,D
10:51:06,JSMR,RG,3870,2,D,AZ,AT,D
10:49:41,JSMR,RG,3870,2,D,AZ,AK,F
10:49:40,JSMR,RG,3870,10,D,AZ,CS,D
10:49:22,JSMR,RG,3870,36,D,AZ,CS,D
10:48:43,JSMR,RG,3880,3,D,CC,RX,D
10:48:43,JSMR,RG,3880,16,D,CC,CC,D
10:48:21,JSMR,RG,3870,7,D,AZ,EP,D
10:48:00,JSMR,RG,3870,20,D,AZ,CC,D
10:47:25,JSMR,RG,3870,10,D,AZ,YU,D
10:47:16,JSMR,RG,3880,1,D,TF,CC,D
10:46:00,JSMR,RG,3870,1,D,AZ,AK,F
10:45:41,JSMR,RG,3880,8,D,CC,CC,D
10:45:09,JSMR,RG,3870,1,D,AZ,CC,D
10:44:51,JSMR,RG,3870,5,D,AZ,CS,D
10:44:43,JSMR,RG,3870,79,D,AZ,CC,D
10:43:52,JSMR,RG,3870,50,D,AZ,XC,D
10:43:39,JSMR,RG,3870,3,D,AZ,XC,D
10:43:36,JSMR,RG,3870,1,D,AZ,CC,D
10:43:30,JSMR,RG,3870,1,D,AZ,DH,D
10:43:27,JSMR,RG,3870,8,D,AZ,CS,D
10:43:25,JSMR,RG,3870,30,D,AZ,CS,D
10:43:19,JSMR,RG,3870,3,D,AZ,YP,D
10:43:15,JSMR,RG,3870,1,D,AZ,AK,F
10:42:41,JSMR,RG,3880,10,D,PD,CC,D
10:42:21,JSMR,RG,3870,20,D,AZ,EP,D
10:41:44,JSMR,RG,3880,1,D,PD,CC,D
10:40:53,JSMR,RG,3870,1,D,AZ,PD,D
10:40:21,JSMR,RG,3880,20,D,NI,CC,D
10:40:05,JSMR,RG,3870,5,D,AZ,YP,D
10:39:57,JSMR,RG,3870,4,D,AZ,CS,D
10:39:45,JSMR,RG,3870,1,D,AZ,PD,D
10:39:45,JSMR,RG,3870,1,D,AZ,AK,F
10:39:16,JSMR,RG,3870,5,D,AZ,YP,D
10:39:07,JSMR,RG,3870,2,D,AZ,SQ,D
10:38:38,JSMR,RG,3870,80,D,AZ,AK,F
10:38:37,JSMR,RG,3870,3,D,AZ,AK,F
10:38:37,JSMR,RG,3870,12,D,AZ,CS,D
10:38:37,JSMR,RG,3870,40,D,AZ,CS,D
10:38:37,JSMR,RG,3870,23,D,AZ,GR,D
10:38:37,JSMR,RG,3870,4,D,YP,GR,D
10:38:37,JSMR,RG,3870,1,D,YB,GR,D
10:38:37,JSMR,RG,3870,1,D,XC,GR,D
10:38:37,JSMR,RG,3870,2,D,YJ,GR,D
10:38:37,JSMR,RG,3870,26,D,LG,GR,D
10:38:37,JSMR,RG,3870,499,D,CC,GR,D
10:38:37,JSMR,RG,3870,250,D,AZ,GR,D
10:38:37,JSMR,RG,3870,259,D,BB,GR,D
10:38:37,JSMR,RG,3870,60,D,CC,GR,D
10:38:37,JSMR,RG,3870,50,D,AZ,GR,D
10:38:37,JSMR,RG,3870,50,D,AZ,GR,D
10:38:37,JSMR,RG,3870,1,D,NI,GR,D
10:38:37,JSMR,RG,3870,3,D,YP,GR,D
10:38:37,JSMR,RG,3870,250,D,AZ,GR,D
10:38:37,JSMR,RG,3870,5,D,YP,GR,D
10:38:37,JSMR,RG,3870,10,D,OD,GR,D
10:38:37,JSMR,RG,3870,1,D,PD,GR,D
10:38:37,JSMR,RG,3870,3,D,YP,GR,D
10:38:37,JSMR,RG,3870,250,D,AZ,GR,D
10:38:37,JSMR,RG,3870,1,D,AT,GR,D
10:38:37,JSMR,RG,3870,5,D,HP,GR,D
10:38:37,JSMR,RG,3870,50,D,AZ,GR,D
10:38:37,JSMR,RG,3870,14,D,YP,GR,D
10:38:37,JSMR,RG,3870,23,D,CC,GR,D
10:38:37,JSMR,RG,3870,37,D,NI,GR,D
10:38:37,JSMR,RG,3870,250,D,AZ,GR,D
10:38:37,JSMR,RG,3870,172,D,BB,GR,D
10:38:24,JSMR,RG,3870,10,D,BB,OD,D
10:37:45,JSMR,RG,3870,1,D,BB,AK,F
10:37:40,JSMR,RG,3870,3,D,BB,CC,D
10:36:38,JSMR,RG,3870,8,D,BB,SH,D
10:36:38,JSMR,RG,3870,1,D,CC,SH,D
10:36:38,JSMR,RG,3870,5,D,YP,SH,D
10:36:38,JSMR,RG,3870,25,D,CC,SH,D
10:36:38,JSMR,RG,3870,2,D,EP,SH,D
10:36:38,JSMR,RG,3870,9,D,AZ,SH,D
10:36:07,JSMR,RG,3870,9,D,AZ,CS,D
10:35:42,JSMR,RG,3870,2,D,AZ,ZP,D
10:35:30,JSMR,RG,3870,1,D,AZ,AK,F
10:35:29,JSMR,RG,3880,1,D,YP,CC,D
10:34:57,JSMR,RG,3870,30,D,AZ,YP,D
10:34:10,JSMR,RG,3870,1,D,AZ,XC,D
10:34:08,JSMR,RG,3880,250,D,AZ,CC,D
10:33:30,JSMR,RG,3870,1,D,AZ,AK,F
10:32:21,JSMR,RG,3870,7,D,AZ,AK,F
10:32:20,JSMR,RG,3870,41,D,AZ,CS,D
10:32:12,JSMR,RG,3870,55,D,AZ,AI,D
10:31:49,JSMR,RG,3880,10,D,GR,CC,D
10:31:42,JSMR,RG,3870,3,D,AZ,XC,D
10:31:30,JSMR,RG,3870,11,D,AZ,CS,D
10:30:48,JSMR,RG,3870,15,D,AZ,DX,D
10:30:15,JSMR,RG,3870,1,D,AZ,AK,F
10:29:34,JSMR,RG,3880,80,D,PD,CC,D
10:28:31,JSMR,RG,3880,14,D,EP,CC,D
10:28:18,JSMR,RG,3870,6,D,AZ,CS,D
10:28:05,JSMR,RG,3870,1,D,AZ,PD,D
10:27:44,JSMR,RG,3880,2,D,YP,CC,D
10:27:15,JSMR,RG,3870,1,D,AZ,AK,F
10:26:30,JSMR,RG,3870,5,D,AZ,XL,D
10:26:13,JSMR,RG,3870,4,D,AZ,AK,F
10:26:10,JSMR,RG,3870,34,D,AZ,CS,D
10:25:31,JSMR,RG,3870,13,D,AZ,CC,D
10:25:18,JSMR,RG,3870,3,D,BB,AK,F
10:25:18,JSMR,RG,3870,9,D,BB,CS,D
10:24:59,JSMR,RG,3870,7,D,BB,YP,D
10:24:00,JSMR,RG,3870,1,D,BB,AK,F
10:23:17,JSMR,RG,3870,50,D,BB,XC,D
10:22:56,JSMR,RG,3870,6,D,BB,CS,D
10:22:53,JSMR,RG,3870,17,D,BB,XC,D
10:22:53,JSMR,RG,3870,31,D,IF,XC,D
10:22:20,JSMR,RG,3870,2,D,IF,XC,D
10:22:11,JSMR,RG,3870,29,D,IF,NI,D
10:22:04,JSMR,RG,3870,1,D,IF,AK,F
10:21:40,JSMR,RG,3870,2,D,IF,PD,D
10:21:17,JSMR,RG,3870,33,D,IF,CS,D
10:21:13,JSMR,RG,3880,2,D,YU,CC,D
10:20:50,JSMR,RG,3870,26,D,IF,CC,D
10:20:21,JSMR,RG,3870,6,D,IF,CC,D
10:20:21,JSMR,RG,3870,1,D,NI,CC,D
10:20:21,JSMR,RG,3870,19,D,HP,CC,D
10:20:08,JSMR,RG,3870,1,D,HP,AK,F
10:20:07,JSMR,RG,3870,5,D,HP,CC,D
10:20:07,JSMR,RG,3870,25,D,GR,CC,D
10:20:03,JSMR,RG,3870,9,D,GR,CS,D
10:19:50,JSMR,RG,3870,26,D,GR,CC,D
10:19:47,JSMR,RG,3870,40,D,GR,PD,D
10:19:47,JSMR,RG,3870,5,D,PD,PD,D
10:19:47,JSMR,RG,3870,40,D,AZ,PD,D
10:19:47,JSMR,RG,3870,6,D,AZ,PD,D
10:19:23,JSMR,RG,3870,26,D,AZ,CC,D
10:19:22,JSMR,RG,3870,3,D,AZ,YP,D
10:19:16,JSMR,RG,3870,15,D,AZ,PD,D
10:19:16,JSMR,RG,3870,5,D,CC,PD,D
10:18:22,JSMR,RG,3870,25,D,CC,CC,D
10:18:22,JSMR,RG,3870,1,D,YP,CC,D
10:18:04,JSMR,RG,3870,1,D,YP,AK,F
10:17:38,JSMR,RG,3870,5,D,OD,PD,D
10:17:12,JSMR,RG,3870,5,D,OD,CS,D
10:17:12,JSMR,RG,3870,5,D,OD,CC,D
10:17:12,JSMR,RG,3870,3,D,YP,CC,D
10:17:12,JSMR,RG,3870,18,D,YP,CC,D
10:16:51,JSMR,RG,3870,15,D,YP,NI,D
10:16:47,JSMR,RG,3870,26,D,YP,CC,D
10:16:28,JSMR,RG,3870,21,D,YP,CS,D
10:16:28,JSMR,RG,3870,7,D,AZ,CS,D
10:16:25,JSMR,RG,3880,10,D,LG,CC,D
10:16:24,JSMR,RG,3870,26,D,AZ,CC,D
10:16:23,JSMR,RG,3870,2,D,AZ,DH,D
10:16:08,JSMR,RG,3880,4,D,XC,CC,D
10:15:06,JSMR,RG,3870,8,D,AZ,CS,D
10:14:52,JSMR,RG,3870,3,D,AZ,EP,D
10:14:45,JSMR,RG,3870,1,D,AZ,AK,F
10:14:15,JSMR,RG,3880,150,D,AH,CC,D
10:14:01,JSMR,RG,3870,1,D,AZ,YP,D
10:12:41,JSMR,RG,3870,180,D,AZ,YP,D
10:12:37,JSMR,RG,3880,9,D,BB,CC,D
10:12:31,JSMR,RG,3870,22,D,AZ,CS,D
10:12:31,JSMR,RG,3870,3,D,BB,CS,D
10:12:30,JSMR,RG,3870,26,D,BB,CC,D
10:12:05,JSMR,RG,3870,1,D,BB,AR,D
10:12:05,JSMR,RG,3870,4,D,DR,AR,D
10:11:55,JSMR,RG,3870,40,D,DR,PD,D
10:11:54,JSMR,RG,3870,8,D,DR,CC,D
10:11:54,JSMR,RG,3870,18,D,AZ,CC,D
10:11:14,JSMR,RG,3870,2,D,AZ,XC,D
10:10:43,JSMR,RG,3870,7,D,AZ,CS,D
10:10:38,JSMR,RG,3870,5,D,AZ,SQ,D
10:10:18,JSMR,RG,3870,20,D,AZ,YP,D
10:10:17,JSMR,RG,3870,2,D,AZ,XC,D
10:09:05,JSMR,RG,3870,23,D,AZ,CS,D
10:08:56,JSMR,RG,3880,5,D,XC,CC,D
10:08:48,JSMR,RG,3870,26,D,AZ,CC,D
10:07:56,JSMR,RG,3880,3,D,PD,CC,D
10:07:43,JSMR,RG,3880,4,D,XL,CC,D
10:06:21,JSMR,RG,3870,26,D,AZ,CC,D
10:06:01,JSMR,RG,3870,21,D,AZ,CS,D
10:05:23,JSMR,RG,3870,10,D,AZ,PD,D
10:05:11,JSMR,RG,3870,26,D,AZ,CC,D
10:05:05,JSMR,RG,3870,40,D,AZ,CC,D
10:04:59,JSMR,RG,3870,2,D,AZ,CC,D
10:04:35,JSMR,RG,3870,26,D,AZ,CC,D
10:04:16,JSMR,RG,3870,1,D,AZ,PD,D
10:02:59,JSMR,RG,3870,3,D,AZ,YP,D
10:02:56,JSMR,RG,3870,34,D,AZ,XC,D
10:02:41,JSMR,RG,3870,26,D,AZ,CC,D
10:02:33,JSMR,RG,3870,10,D,AZ,GR,D
10:01:59,JSMR,RG,3870,3,D,AZ,CS,D
10:01:59,JSMR,RG,3870,1,D,AZ,CS,D
10:01:59,JSMR,RG,3870,1,D,AZ,AK,F
10:01:59,JSMR,RG,3870,5,D,AZ,CS,D
10:01:59,JSMR,RG,3870,3,D,AZ,CS,D
10:01:59,JSMR,RG,3870,1,D,AZ,AK,F
10:01:59,JSMR,RG,3870,3,D,AZ,CS,D
10:01:59,JSMR,RG,3870,2,D,AZ,CS,D
10:01:59,JSMR,RG,3870,34,D,AZ,CC,D
10:01:58,JSMR,RG,3870,8,D,AZ,CS,D
10:01:58,JSMR,RG,3870,22,D,AZ,CS,D
10:01:58,JSMR,RG,3870,2,D,AZ,AT,D
10:01:58,JSMR,RG,3870,1,D,AZ,AK,F
10:01:58,JSMR,RG,3870,10,D,AZ,YP,D
10:01:58,JSMR,RG,3870,1,D,AZ,CS,D
10:01:58,JSMR,RG,3870,4,D,AZ,CS,D
10:01:58,JSMR,RG,3870,5,D,AZ,CS,D
10:01:58,JSMR,RG,3870,66,D,AZ,NI,D
10:01:37,JSMR,RG,3870,20,D,YP,NI,D
10:01:30,JSMR,RG,3870,44,D,AZ,NI,D
10:01:30,JSMR,RG,3870,1,D,AZ,YP,D
10:01:30,JSMR,RG,3870,3,D,AZ,CS,D
10:01:30,JSMR,RG,3870,2,D,AZ,CS,D
10:01:23,JSMR,RG,3870,1,D,YP,CS,D
10:01:23,JSMR,RG,3870,4,D,YP,CC,D
10:00:16,JSMR,RG,3870,1,D,EP,CC,D
9:59:20,JSMR,RG,3870,1,D,NI,CC,D
9:59:20,JSMR,RG,3870,14,D,BB,CC,D
9:59:13,JSMR,RG,3870,1,D,BB,CS,D
9:59:11,JSMR,RG,3870,2,D,BB,CS,D
9:58:55,JSMR,RG,3870,1,D,BB,CS,D
9:58:55,JSMR,RG,3870,2,D,BB,CS,D
9:58:55,JSMR,RG,3870,2,D,BB,CS,D
9:58:46,JSMR,RG,3870,18,D,BB,CS,D
9:58:45,JSMR,RG,3870,11,D,BB,BK,F
9:58:45,JSMR,RG,3870,50,D,OD,BK,F
9:58:45,JSMR,RG,3870,30,D,AZ,BK,F
9:58:45,JSMR,RG,3870,159,D,AZ,BK,F
9:58:44,JSMR,RG,3870,200,D,AZ,SQ,D
9:58:42,JSMR,RG,3870,5,D,AZ,LS,D
9:58:27,JSMR,RG,3870,50,D,AZ,LG,D
9:58:21,JSMR,RG,3870,50,D,AZ,LG,D
9:58:08,JSMR,RG,3870,6,D,AZ,CS,D
9:58:02,JSMR,RG,3870,4,D,AZ,CS,D
9:57:14,JSMR,RG,3870,1,D,AZ,SQ,D
9:57:05,JSMR,RG,3870,25,D,AZ,LG,D
9:57:05,JSMR,RG,3870,20,D,KK,LG,D
9:57:05,JSMR,RG,3870,5,D,XC,LG,D
9:57:05,JSMR,RG,3870,2,D,BB,LG,D
9:57:05,JSMR,RG,3870,1,D,CC,LG,D
9:57:05,JSMR,RG,3870,1,D,XC,LG,D
9:57:05,JSMR,RG,3870,1,D,XC,LG,D
9:57:05,JSMR,RG,3870,165,D,AZ,LG,D
9:56:54,JSMR,RG,3880,1,D,PD,RX,D
9:56:03,JSMR,RG,3870,31,D,AZ,YP,D
9:55:41,JSMR,RG,3870,30,D,AZ,PD,D
9:55:40,JSMR,RG,3870,1,D,AZ,YP,D
9:54:42,JSMR,RG,3870,1,D,AZ,YP,D
9:53:56,JSMR,RG,3880,50,D,LG,RX,D
9:53:53,JSMR,RG,3870,1,D,AZ,YP,D
9:53:37,JSMR,RG,3870,136,D,AZ,AK,F
9:53:35,JSMR,RG,3870,135,D,AZ,AK,F
9:53:35,JSMR,RG,3870,7,D,BB,AK,F
9:53:35,JSMR,RG,3870,1,D,BB,KK,D
9:53:19,JSMR,RG,3870,1,D,BB,XC,D
9:53:14,JSMR,RG,3870,56,D,BB,CC,D
9:53:14,JSMR,RG,3870,44,D,AZ,CC,D
9:52:22,JSMR,RG,3870,45,D,AZ,GR,D
9:52:21,JSMR,RG,3870,11,D,AZ,LG,D
9:52:21,JSMR,RG,3870,39,D,AZ,LG,D
9:52:15,JSMR,RG,3870,2,D,AZ,YP,D
9:52:04,JSMR,RG,3870,2,D,AZ,XA,D
9:51:37,JSMR,RG,3870,7,D,AZ,KK,D
9:51:37,JSMR,RG,3870,40,D,YP,KK,D
9:51:37,JSMR,RG,3870,77,D,YP,KK,D
9:51:37,JSMR,RG,3870,5,D,SQ,KK,D
9:51:37,JSMR,RG,3870,1,D,EP,KK,D
9:51:29,JSMR,RG,3870,4,D,EP,PD,D
9:51:29,JSMR,RG,3870,6,D,CC,PD,D
9:51:15,JSMR,RG,3870,1,D,AZ,YP,D
9:51:10,JSMR,RG,3870,142,D,AZ,AK,F
9:51:02,JSMR,RG,3870,107,D,AZ,GR,D
9:51:02,JSMR,RG,3870,101,D,BB,GR,D
9:51:02,JSMR,RG,3870,3,D,DR,GR,D
9:51:02,JSMR,RG,3870,35,D,XA,GR,D
9:51:02,JSMR,RG,3870,50,D,CC,GR,D
9:51:02,JSMR,RG,3870,1,D,YP,GR,D
9:51:02,JSMR,RG,3870,2,D,PD,GR,D
9:51:02,JSMR,RG,3870,1,D,CC,GR,D
9:51:02,JSMR,RG,3870,58,D,AZ,GR,D
9:51:02,JSMR,RG,3870,37,D,AZ,GR,D
9:51:02,JSMR,RG,3870,20,D,KK,GR,D
9:51:02,JSMR,RG,3870,100,D,BB,GR,D
9:51:02,JSMR,RG,3870,85,D,AZ,GR,D
9:50:59,JSMR,RG,3870,1,D,AZ,PD,D
9:50:35,JSMR,RG,3870,100,D,AZ,PD,D
9:50:19,JSMR,RG,3870,3,D,AZ,OD,D
9:50:03,JSMR,RG,3870,10,D,AZ,DH,D
9:50:03,JSMR,RG,3870,5,D,AZ,XC,D
9:49:08,JSMR,RG,3870,16,D,AZ,PD,D
9:49:04,JSMR,RG,3870,1,D,AZ,XC,D
9:48:25,JSMR,RG,3870,2,D,AZ,ZP,D
9:48:13,JSMR,RG,3870,3,D,AZ,CC,D
9:47:51,JSMR,RG,3870,10,D,AZ,YP,D
9:47:42,JSMR,RG,3870,1,D,AZ,XL,D
9:47:24,JSMR,RG,3880,9,D,CC,RX,D
9:47:24,JSMR,RG,3880,1,D,CC,RX,D
9:47:22,JSMR,RG,3870,40,D,AZ,YP,D
9:46:56,JSMR,RG,3880,1,D,AZ,RX,D
9:46:54,JSMR,RG,3870,1,D,AZ,XC,D
9:46:29,JSMR,RG,3880,1,D,YU,RX,D
9:46:15,JSMR,RG,3880,1,D,YP,RX,D
9:46:10,JSMR,RG,3880,22,D,YP,RX,D
9:45:32,JSMR,RG,3880,1,D,PD,RX,D
9:45:02,JSMR,RG,3870,3,D,AZ,XC,D
9:44:47,JSMR,RG,3870,50,D,AZ,PD,D
9:44:35,JSMR,RG,3870,10,D,AZ,NI,D
9:44:12,JSMR,RG,3880,37,D,BB,RX,D
9:44:12,JSMR,RG,3880,1,D,BB,YP,D
9:44:12,JSMR,RG,3880,1,D,BB,YP,D
9:44:12,JSMR,RG,3880,1,D,BB,YP,D
9:44:12,JSMR,RG,3880,5,D,BB,CC,D
9:44:12,JSMR,RG,3880,5,D,BB,EP,D
9:44:12,JSMR,RG,3880,5,D,BB,PD,D
9:44:12,JSMR,RG,3880,1,D,BB,PD,D
9:44:12,JSMR,RG,3880,1,D,BB,GR,D
9:44:12,JSMR,RG,3880,3,D,BB,EP,D
9:43:55,JSMR,RG,3880,1,D,BB,EP,D
9:43:55,JSMR,RG,3870,20,D,AZ,AZ,D
9:43:35,JSMR,RG,3870,1,D,AZ,AK,F
9:43:34,JSMR,RG,3870,23,D,AZ,CS,D
9:43:34,JSMR,RG,3870,2,D,AZ,CC,D
9:43:34,JSMR,RG,3870,100,D,AZ,LG,D
9:43:34,JSMR,RG,3870,1,D,AZ,GR,D
9:43:34,JSMR,RG,3870,5,D,AZ,CS,D
9:43:34,JSMR,RG,3870,8,D,AZ,CS,D
9:43:34,JSMR,RG,3870,3,D,AZ,DH,D
9:43:34,JSMR,RG,3870,7,D,AZ,CS,D
9:43:34,JSMR,RG,3870,1,D,AZ,AK,F
9:43:34,JSMR,RG,3870,1,D,AZ,CS,D
9:43:34,JSMR,RG,3870,1,D,AZ,OD,F
9:43:34,JSMR,RG,3870,4,D,AZ,NI,D
9:43:32,JSMR,RG,3870,1,D,YJ,NI,D
9:43:32,JSMR,RG,3870,1,D,YJ,KK,D
9:42:47,JSMR,RG,3870,3,D,BB,YP,D
9:42:47,JSMR,RG,3870,10,D,BB,YU,D
9:42:41,JSMR,RG,3870,50,D,KK,AK,F
9:42:29,JSMR,RG,3870,1,D,XC,AK,F
9:41:57,JSMR,RG,3870,1,D,BB,AK,F
9:41:50,JSMR,RG,3870,2,D,YU,AK,F
9:41:28,JSMR,RG,3870,1,D,KK,AK,F
9:41:04,JSMR,RG,3870,1,D,BB,AK,F
9:40:56,JSMR,RG,3870,5,D,PD,AK,F
9:40:55,JSMR,RG,3870,15,D,BB,AK,F
9:40:55,JSMR,RG,3870,1,D,BB,ZP,D
9:40:55,JSMR,RG,3870,1,D,BB,CS,D
9:40:55,JSMR,RG,3870,5,D,BB,CC,D
9:40:55,JSMR,RG,3870,1,D,BB,PD,D
9:40:55,JSMR,RG,3870,15,D,BB,CS,D
9:40:51,JSMR,RG,3870,1,D,CC,CS,D
9:40:51,JSMR,RG,3870,1,D,CC,PD,D
9:40:51,JSMR,RG,3870,1,D,CC,CC,D
9:40:51,JSMR,RG,3870,1,D,CC,CS,D
9:40:51,JSMR,RG,3870,15,D,CC,YP,D
9:40:51,JSMR,RG,3870,77,D,CC,CC,F
9:40:51,JSMR,RG,3870,6,D,CC,CS,D
9:40:51,JSMR,RG,3870,30,D,CC,NI,D
9:40:51,JSMR,RG,3870,1,D,CC,YP,D
9:40:51,JSMR,RG,3870,1,D,CC,AK,F
9:40:51,JSMR,RG,3870,16,D,CC,NI,D
9:40:41,JSMR,RG,3870,1,D,XC,NI,D
9:40:01,JSMR,RG,3870,2,D,BB,NI,D
9:39:47,JSMR,RG,3870,6,D,YP,NI,D
9:39:47,JSMR,RG,3870,4,D,YP,CS,D
9:39:31,JSMR,RG,3870,1,D,BB,CS,D
9:39:26,JSMR,RG,3870,2,D,YP,CS,D
9:39:02,JSMR,RG,3870,1,D,BB,CS,D
9:39:01,JSMR,RG,3870,2,D,YP,CS,D
9:38:56,JSMR,RG,3870,3,D,EP,CS,D
9:38:51,JSMR,RG,3870,3,D,BB,CS,D
9:38:36,JSMR,RG,3870,7,D,XC,CS,D
9:38:36,JSMR,RG,3870,6,D,XC,NI,D
9:38:34,JSMR,RG,3870,4,D,BB,NI,D
9:38:34,JSMR,RG,3870,2,D,BB,EP,D
9:38:34,JSMR,RG,3870,6,D,BB,CS,D
9:38:34,JSMR,RG,3870,10,D,BB,YP,D
9:38:34,JSMR,RG,3870,1,D,BB,AK,F
9:38:34,JSMR,RG,3870,1,D,BB,PD,D
9:38:34,JSMR,RG,3870,24,D,BB,CS,D
9:38:34,JSMR,RG,3870,3,D,BB,YP,D
9:38:34,JSMR,RG,3870,1,D,BB,PD,D
9:38:34,JSMR,RG,3870,1,D,BB,XL,D
9:38:34,JSMR,RG,3870,1,D,BB,CS,D
9:38:34,JSMR,RG,3870,15,D,BB,NI,D
9:38:34,JSMR,RG,3870,1,D,BB,YP,D
9:38:34,JSMR,RG,3870,4,D,BB,YP,D
9:38:34,JSMR,RG,3870,5,D,BB,KK,D
9:38:34,JSMR,RG,3870,2,D,BB,CS,D
9:38:34,JSMR,RG,3870,16,D,BB,CS,D
9:38:34,JSMR,RG,3870,10,D,BB,YP,D
9:38:34,JSMR,RG,3870,1,D,BB,NI,D
9:38:34,JSMR,RG,3870,10,D,BB,YP,D
9:38:34,JSMR,RG,3870,5,D,BB,YP,D
9:38:34,JSMR,RG,3870,1,D,BB,KK,D
9:38:34,JSMR,RG,3870,1,D,BB,CC,D
9:38:19,JSMR,RG,3870,2,D,BQ,EP,D
9:38:19,JSMR,RG,3870,10,D,BQ,PD,D
9:38:19,JSMR,RG,3870,3,D,BQ,CC,D
9:38:19,JSMR,RG,3870,7,D,BQ,YP,D
9:38:19,JSMR,RG,3870,1,D,BQ,YP,D
9:38:19,JSMR,RG,3870,2,D,BQ,XC,D
9:38:19,JSMR,RG,3870,40,D,BQ,LG,D
9:38:19,JSMR,RG,3870,7,D,BQ,XC,D
9:38:19,JSMR,RG,3870,4,D,BQ,PD,D
9:38:19,JSMR,RG,3870,424,D,BQ,GR,D
9:38:15,JSMR,RG,3870,3,D,BB,GR,D
9:38:05,JSMR,RG,3870,1,D,BB,GR,D
9:38:05,JSMR,RG,3860,10,D,BB,CC,D
9:37:52,JSMR,RG,3860,4,D,BB,XC,D
9:37:38,JSMR,RG,3870,40,D,BB,GR,D
9:37:31,JSMR,RG,3860,15,D,BB,NI,D
9:37:29,JSMR,RG,3860,5,D,BB,NI,D
9:37:26,JSMR,RG,3860,60,D,BB,AK,F
9:37:26,JSMR,RG,3860,82,D,IF,AK,F
9:37:06,JSMR,RG,3870,34,D,BB,GR,D
9:37:03,JSMR,RG,3860,134,D,IF,YP,D
9:35:47,JSMR,RG,3870,11,D,BB,GR,D
9:35:47,JSMR,RG,3860,1,D,IF,YP,D
9:35:19,JSMR,RG,3870,185,D,BB,GR,D
9:35:18,JSMR,RG,3860,26,D,IF,CS,D
9:35:18,JSMR,RG,3860,6,D,IF,CS,D
9:35:18,JSMR,RG,3860,13,D,IF,CS,D
9:35:18,JSMR,RG,3860,10,D,IF,CS,D
9:35:18,JSMR,RG,3860,19,D,IF,CS,D
9:35:18,JSMR,RG,3860,5,D,IF,CS,D
9:35:18,JSMR,RG,3860,5,D,IF,CS,D
9:35:18,JSMR,RG,3860,1,D,IF,CS,D
9:35:18,JSMR,RG,3860,5,D,IF,CS,D
9:35:18,JSMR,RG,3860,1,D,IF,AK,F
9:35:18,JSMR,RG,3860,2,D,IF,CS,D
9:35:18,JSMR,RG,3860,1,D,IF,CS,D
9:35:18,JSMR,RG,3860,2,D,IF,CS,D
9:35:18,JSMR,RG,3860,9,D,IF,CS,D
9:35:18,JSMR,RG,3860,18,D,IF,CS,D
9:35:18,JSMR,RG,3860,2,D,IF,CS,D
9:35:18,JSMR,RG,3860,1,D,IF,NI,D
9:35:18,JSMR,RG,3860,3,D,IF,XL,D
9:35:18,JSMR,RG,3860,2,D,IF,CS,D
9:35:18,JSMR,RG,3860,4,D,IF,CS,D
9:35:18,JSMR,RG,3860,2,D,IF,CS,D
9:35:18,JSMR,RG,3860,10,D,IF,GR,D
9:35:18,JSMR,RG,3860,50,D,IF,KK,D
9:35:18,JSMR,RG,3860,1,D,IF,AK,F
9:35:18,JSMR,RG,3860,1,D,IF,AK,F
9:35:18,JSMR,RG,3860,9,D,IF,CS,D
9:35:18,JSMR,RG,3860,1,D,IF,CS,D
9:35:18,JSMR,RG,3860,8,D,IF,CS,D
9:35:18,JSMR,RG,3860,566,D,IF,GR,D
9:35:00,JSMR,RG,3860,2,D,BB,GR,D
9:34:37,JSMR,RG,3860,1,D,BB,GR,D
9:34:37,JSMR,RG,3850,3,D,YP,NI,D
9:34:37,JSMR,RG,3850,1,D,NI,NI,D
9:34:37,JSMR,RG,3850,6,D,CC,NI,D
9:34:31,JSMR,RG,3860,1,D,EP,GR,D
9:34:16,JSMR,RG,3860,1,D,LG,GR,D
9:33:32,JSMR,RG,3860,1,D,KK,GR,D
9:33:05,JSMR,RG,3860,13,D,BB,GR,D
9:33:04,JSMR,RG,3860,1,D,XC,GR,D
9:32:41,JSMR,RG,3860,2,D,XC,GR,D
9:32:36,JSMR,RG,3860,49,D,BB,GR,D
9:31:46,JSMR,RG,3860,11,D,BB,GR,D
9:31:43,JSMR,RG,3860,10,D,DH,GR,D
9:31:43,JSMR,RG,3860,50,D,DR,GR,D
9:31:43,JSMR,RG,3860,12,D,YP,GR,D
9:31:43,JSMR,RG,3860,5,D,YJ,GR,D
9:31:43,JSMR,RG,3860,14,D,BB,GR,D
9:31:43,JSMR,RG,3860,11,D,PD,GR,D
9:31:28,JSMR,RG,3870,2,D,BB,GR,D
9:31:28,JSMR,RG,3870,2,D,BB,CC,D
9:31:27,JSMR,RG,3860,13,D,PD,CS,D
9:31:27,JSMR,RG,3860,14,D,PD,YP,D
9:31:16,JSMR,RG,3860,2,D,PD,NI,D
9:31:04,JSMR,RG,3870,1,D,BB,CC,D
9:30:48,JSMR,RG,3860,2,D,PD,CS,D
9:30:37,JSMR,RG,3870,1,D,BB,CC,D
9:30:31,JSMR,RG,3860,2,D,PD,CS,D
9:30:29,JSMR,RG,3870,2,D,BB,CC,D
9:30:28,JSMR,RG,3860,2,D,PD,GR,D
9:30:11,JSMR,RG,3860,10,D,PD,DX,D
9:30:05,JSMR,RG,3870,4,D,BB,CC,D
9:30:05,JSMR,RG,3870,3,D,BB,EP,D
9:29:52,JSMR,RG,3860,10,D,PD,CS,D
9:29:49,JSMR,RG,3870,15,D,BB,EP,D
9:29:48,JSMR,RG,3860,15,D,PD,YP,D
9:29:38,JSMR,RG,3860,2,D,PD,CS,D
9:29:38,JSMR,RG,3860,3,D,PD,CS,D
9:29:37,JSMR,RG,3870,82,D,BB,EP,D
9:29:37,JSMR,RG,3870,1,D,BB,CC,D
9:29:37,JSMR,RG,3870,40,D,BB,DH,D
9:29:37,JSMR,RG,3870,3,D,BB,YP,D
9:29:37,JSMR,RG,3870,3,D,BB,YP,D
9:29:37,JSMR,RG,3870,5,D,BB,PD,D
9:29:37,JSMR,RG,3870,3,D,BB,AZ,D
9:29:37,JSMR,RG,3870,10,D,BB,YP,D
9:29:37,JSMR,RG,3870,3,D,BB,YP,D
9:29:37,JSMR,RG,3870,1,D,BB,YP,D
9:29:37,JSMR,RG,3870,6,D,BB,CC,D
9:29:37,JSMR,RG,3870,1,D,BB,YP,D
9:29:37,JSMR,RG,3870,50,D,BB,CC,D
9:29:37,JSMR,RG,3870,1,D,BB,GR,D
9:29:37,JSMR,RG,3870,5,D,BB,PD,D
9:29:37,JSMR,RG,3870,5,D,BB,OD,D
9:29:37,JSMR,RG,3860,57,D,PD,PD,D
9:29:27,JSMR,RG,3860,1,D,PD,AK,F
9:29:27,JSMR,RG,3860,1,D,PD,XC,D
9:29:27,JSMR,RG,3860,500,D,PD,RF,D
9:29:27,JSMR,RG,3860,10,D,PD,YP,D
9:29:27,JSMR,RG,3860,1,D,PD,YP,D
9:29:27,JSMR,RG,3860,11,D,PD,NI,D
9:29:27,JSMR,RG,3860,5,D,PD,EP,D
9:29:27,JSMR,RG,3860,1,D,PD,CC,D
9:29:27,JSMR,RG,3860,5,D,PD,EP,D
9:29:27,JSMR,RG,3860,22,D,PD,CC,D
9:29:27,JSMR,RG,3860,4,D,BB,CC,D
9:29:26,JSMR,RG,3850,7,D,CC,LG,D
9:29:26,JSMR,RG,3850,13,D,BB,LG,D
9:29:26,JSMR,RG,3860,49,D,DP,CC,D
9:29:26,JSMR,RG,3860,5,D,DP,CS,D
9:29:26,JSMR,RG,3860,11,D,DP,EP,D
9:29:26,JSMR,RG,3860,1,D,DP,YP,D
9:29:26,JSMR,RG,3860,1,D,DP,AK,F
9:29:26,JSMR,RG,3860,1,D,DP,CC,D
9:29:26,JSMR,RG,3860,1,D,DP,YP,D
9:29:26,JSMR,RG,3860,1,D,DP,AK,F
9:29:26,JSMR,RG,3860,1,D,DP,KK,D
9:29:26,JSMR,RG,3860,20,D,DP,CC,D
9:29:26,JSMR,RG,3860,16,D,DP,XC,D
9:29:26,JSMR,RG,3860,1,D,DP,YP,D
9:29:26,JSMR,RG,3860,1,D,DP,IF,D
9:29:26,JSMR,RG,3860,1,D,DP,AK,F
9:29:26,JSMR,RG,3860,5,D,DP,NI,D
9:29:26,JSMR,RG,3860,1,D,DP,KK,D
9:29:26,JSMR,RG,3860,20,D,DP,CC,D
9:29:26,JSMR,RG,3860,3,D,DP,PD,D
9:29:26,JSMR,RG,3860,1,D,DP,AK,F
9:29:26,JSMR,RG,3860,8,D,DP,DH,D
9:29:26,JSMR,RG,3860,1,D,DP,PD,D
9:29:26,JSMR,RG,3860,10,D,DP,EP,D
9:29:26,JSMR,RG,3860,1,D,DP,PD,D
9:29:26,JSMR,RG,3860,2,D,DP,YP,D
9:29:26,JSMR,RG,3860,70,D,DP,PD,D
9:29:26,JSMR,RG,3860,1,D,DP,CC,D
9:29:26,JSMR,RG,3860,1,D,DP,CC,D
9:29:26,JSMR,RG,3860,14,D,DP,DH,D
9:29:26,JSMR,RG,3860,5,D,DP,XC,D
9:29:26,JSMR,RG,3860,4,D,DP,CC,D
9:29:26,JSMR,RG,3860,5,D,DP,YP,D
9:29:26,JSMR,RG,3860,10,D,DP,CC,D
9:29:26,JSMR,RG,3860,28,D,DP,YP,D
9:29:14,JSMR,RG,3860,1,D,YP,YP,D
9:29:14,JSMR,RG,3860,13,D,YP,CC,D
9:27:34,JSMR,RG,3860,1,D,CC,CC,D
9:26:41,JSMR,RG,3860,1,D,BB,CC,D
9:26:30,JSMR,RG,3850,4,D,BB,YP,D
9:26:18,JSMR,RG,3860,3,D,BB,CC,D
9:26:06,JSMR,RG,3860,2,D,XL,CC,D
9:26:06,JSMR,RG,3860,1,D,XL,XC,D
9:26:06,JSMR,RG,3860,10,D,XL,YP,D
9:25:17,JSMR,RG,3860,1,D,BB,YP,D
9:25:04,JSMR,RG,3860,1,D,BB,YP,D
9:25:01,JSMR,RG,3850,2,D,BB,YP,D
9:25:00,JSMR,RG,3850,2,D,BB,YP,D
9:24:58,JSMR,RG,3850,2,D,BB,YP,D
9:24:50,JSMR,RG,3850,1,D,BB,NI,D
9:24:49,JSMR,RG,3860,3,D,BB,YP,D
9:24:18,JSMR,RG,3860,2,D,XC,YP,D
9:24:18,JSMR,RG,3860,4,D,XC,KK,D
9:24:18,JSMR,RG,3860,4,D,XC,PD,D
9:23:40,JSMR,RG,3860,1,D,BB,PD,D
9:23:40,JSMR,RG,3860,2,D,BB,YP,D
9:23:39,JSMR,RG,3850,1,D,BB,YP,D
9:23:30,JSMR,RG,3860,3,D,BB,YP,D
9:23:29,JSMR,RG,3860,5,D,XC,YP,D
9:23:29,JSMR,RG,3860,1,D,XC,CC,D
9:23:29,JSMR,RG,3860,7,D,XC,CC,D
9:23:22,JSMR,RG,3860,1,D,BB,CC,D
9:23:21,JSMR,RG,3860,10,D,PD,CC,D
9:23:15,JSMR,RG,3860,5,D,XC,CC,D
9:23:15,JSMR,RG,3860,8,D,BB,CC,D
9:23:06,JSMR,RG,3860,1,D,BB,CC,D
9:23:05,JSMR,RG,3850,10,D,BB,YP,D
9:23:05,JSMR,RG,3850,23,D,YP,YP,D
9:22:59,JSMR,RG,3850,4,D,YP,KK,D
9:22:42,JSMR,RG,3860,1,D,BB,CC,D
9:22:25,JSMR,RG,3850,4,D,YP,XC,D
9:22:22,JSMR,RG,3860,3,D,BB,CC,D
9:22:18,JSMR,RG,3850,10,D,YP,XC,D
9:22:13,JSMR,RG,3860,12,D,BB,CC,D
9:21:58,JSMR,RG,3850,50,D,YP,KK,D
9:21:11,JSMR,RG,3860,1,D,BB,CC,D
9:20:47,JSMR,RG,3860,9,D,BB,CC,D
9:20:46,JSMR,RG,3850,2,D,YP,KK,D
9:20:36,JSMR,RG,3850,9,D,YP,YP,D
9:20:36,JSMR,RG,3850,25,D,DR,YP,D
9:20:36,JSMR,RG,3850,5,D,XC,YP,D
9:20:34,JSMR,RG,3860,1,D,BB,CC,D
9:20:18,JSMR,RG,3860,2,D,PD,CC,D
9:19:58,JSMR,RG,3860,1,D,BB,CC,D
9:19:57,JSMR,RG,3860,3,D,BB,CC,D
9:19:51,JSMR,RG,3860,10,D,BB,CC,D
9:19:50,JSMR,RG,3860,5,D,BB,CC,D
9:19:44,JSMR,RG,3860,20,D,YP,CC,D
9:19:21,JSMR,RG,3860,1,D,BB,CC,D
9:19:20,JSMR,RG,3860,1,D,YP,CC,D
9:19:05,JSMR,RG,3860,1,D,BB,CC,D
9:19:05,JSMR,RG,3860,1,D,BB,CC,D
9:18:44,JSMR,RG,3860,1,D,BB,CC,D
9:18:43,JSMR,RG,3850,2,D,XC,PD,D
9:18:24,JSMR,RG,3860,3,D,BB,CC,D
9:18:23,JSMR,RG,3860,1,D,BB,CC,D
9:18:16,JSMR,RG,3860,7,D,BB,CC,D
9:18:16,JSMR,RG,3850,2,D,XC,YP,D
9:18:05,JSMR,RG,3860,4,D,BB,CC,D
9:18:05,JSMR,RG,3860,5,D,BB,YP,D
9:18:05,JSMR,RG,3860,1,D,BB,YP,D
9:18:05,JSMR,RG,3860,3,D,BB,YB,D
9:18:05,JSMR,RG,3860,1,D,BB,YU,D
9:18:03,JSMR,RG,3860,1,D,BB,YU,D
9:18:03,JSMR,RG,3860,1,D,BB,KK,D
9:18:03,JSMR,RG,3860,1,D,BB,YP,D
9:18:03,JSMR,RG,3860,10,D,BB,CC,D
9:18:03,JSMR,RG,3860,1,D,BB,XL,D
9:18:03,JSMR,RG,3860,1,D,BB,YP,D
9:18:03,JSMR,RG,3860,1,D,BB,YP,D
9:18:03,JSMR,RG,3860,1,D,BB,XL,D
9:18:03,JSMR,RG,3860,1,D,BB,YP,D
9:18:03,JSMR,RG,3860,22,D,BB,KK,D
9:18:03,JSMR,RG,3860,5,D,BB,GR,D
9:17:58,JSMR,RG,3860,27,D,BB,GR,D
9:17:57,JSMR,RG,3860,11,D,BB,GR,D
9:17:56,JSMR,RG,3850,1,D,XC,PD,D
9:17:56,JSMR,RG,3850,1,D,BB,PD,D
9:17:56,JSMR,RG,3850,3,D,BB,PD,D
9:17:56,JSMR,RG,3850,7,D,YP,PD,D
9:17:50,JSMR,RG,3860,111,D,BB,GR,D
9:17:48,JSMR,RG,3860,46,D,BB,GR,D
9:17:48,JSMR,RG,3860,5,D,BB,GR,D
9:17:47,JSMR,RG,3860,36,D,BB,GR,D
9:17:47,JSMR,RG,3860,5,D,BB,GR,D
9:17:47,JSMR,RG,3850,30,D,YP,CC,F
9:17:47,JSMR,RG,3850,10,D,YP,OD,D
9:17:47,JSMR,RG,3850,1,D,YP,GR,D
9:17:47,JSMR,RG,3850,55,D,YP,NI,D
9:17:47,JSMR,RG,3850,10,D,YP,YP,D
9:17:47,JSMR,RG,3850,85,D,YP,KK,D
9:17:47,JSMR,RG,3850,1,D,YP,AK,F
9:17:47,JSMR,RG,3850,1,D,YP,YB,D
9:17:36,JSMR,RG,3850,11,D,BB,YB,D
9:17:36,JSMR,RG,3850,1,D,BB,OD,D
9:17:36,JSMR,RG,3850,9,D,BB,CC,D
9:17:35,JSMR,RG,3850,16,D,BB,CC,D
9:17:35,JSMR,RG,3850,54,D,BB,YP,D
9:17:33,JSMR,RG,3850,100,D,PD,YP,D
9:17:30,JSMR,RG,3850,42,D,BB,YP,D
9:17:30,JSMR,RG,3850,4,D,BB,YP,D
9:17:30,JSMR,RG,3850,80,D,BB,YP,D
9:17:27,JSMR,RG,3850,1,D,BB,YP,D
9:17:26,JSMR,RG,3850,1,D,BB,YP,D
9:17:25,JSMR,RG,3840,18,D,DX,CC,D
9:17:25,JSMR,RG,3840,5,D,PD,CC,D
9:17:25,JSMR,RG,3840,26,D,YP,CC,D
9:17:25,JSMR,RG,3840,2,D,CC,CC,D
9:17:25,JSMR,RG,3840,4,D,XC,CC,D
9:17:25,JSMR,RG,3840,3,D,XL,CC,D
9:17:25,JSMR,RG,3840,75,D,CC,CC,D
9:17:25,JSMR,RG,3840,1,D,XL,CC,D
9:17:25,JSMR,RG,3840,3,D,XL,CC,D
9:17:25,JSMR,RG,3840,15,D,XC,CC,D
9:17:25,JSMR,RG,3840,2,D,XC,CC,D
9:17:25,JSMR,RG,3840,8,D,PD,CC,D
9:17:25,JSMR,RG,3840,3,D,XC,CC,D
9:17:25,JSMR,RG,3840,5,D,YJ,CC,D
9:17:21,JSMR,RG,3850,1,D,BB,YP,D
9:17:21,JSMR,RG,3850,1,D,BB,YP,D
9:17:21,JSMR,RG,3850,1,D,EP,YP,D
9:17:12,JSMR,RG,3850,2,D,XC,YP,D
9:17:10,JSMR,RG,3850,1,D,BB,YP,D
9:16:53,JSMR,RG,3850,1,D,XC,YP,D
9:16:51,JSMR,RG,3850,1,D,BB,YP,D
9:16:43,JSMR,RG,3850,2,D,BB,YP,D
9:16:40,JSMR,RG,3850,1,D,BB,YP,D
9:16:34,JSMR,RG,3850,5,D,BB,YP,D
9:16:34,JSMR,RG,3850,2,D,BB,YP,D
9:16:10,JSMR,RG,3850,10,D,AT,YP,D
9:16:07,JSMR,RG,3850,1,D,BB,YP,D
9:15:56,JSMR,RG,3850,3,D,BB,YP,D
9:15:42,JSMR,RG,3850,2,D,YJ,YP,D
9:15:38,JSMR,RG,3850,3,D,BB,YP,D
9:15:28,JSMR,RG,3850,9,D,BB,YP,D
9:15:26,JSMR,RG,3850,3,D,BB,YP,D
9:15:23,JSMR,RG,3850,2,D,YP,PD,D
9:15:18,JSMR,RG,3850,13,D,BB,PD,D
9:15:18,JSMR,RG,3850,14,D,BB,PD,D
9:15:09,JSMR,RG,3850,27,D,BB,PD,D
9:15:09,JSMR,RG,3850,53,D,BB,PD,D
9:15:06,JSMR,RG,3850,11,D,YP,PD,D
9:15:06,JSMR,RG,3850,1,D,YP,AK,F
9:15:06,JSMR,RG,3850,96,D,YP,YP,D
9:14:31,JSMR,RG,3850,3,D,BB,YP,D
9:14:23,JSMR,RG,3850,2,D,BB,YP,D
9:14:19,JSMR,RG,3850,3,D,BB,YP,D
9:14:19,JSMR,RG,3850,8,D,BB,YP,D
9:13:56,JSMR,RG,3850,6,D,BB,YP,D
9:13:55,JSMR,RG,3850,10,D,YP,YP,D
9:13:48,JSMR,RG,3850,14,D,BB,YP,D
9:13:48,JSMR,RG,3850,1,D,BB,PD,D
9:13:48,JSMR,RG,3850,1,D,BB,AK,F
9:13:48,JSMR,RG,3850,2,D,BB,YP,D
9:13:43,JSMR,RG,3850,3,D,BB,YP,D
9:13:43,JSMR,RG,3850,1,D,BB,DH,D
9:13:43,JSMR,RG,3850,4,D,BB,DR,D
9:13:42,JSMR,RG,3850,6,D,BB,DR,D
9:13:42,JSMR,RG,3850,1,D,BB,XC,D
9:13:42,JSMR,RG,3850,1,D,BB,PD,D
9:13:41,JSMR,RG,3850,25,D,LG,PD,D
9:13:41,JSMR,RG,3850,5,D,YP,PD,D
9:13:33,JSMR,RG,3850,15,D,BB,PD,D
9:13:27,JSMR,RG,3850,12,D,BB,PD,D
9:13:24,JSMR,RG,3850,49,D,BB,PD,D
9:13:23,JSMR,RG,3850,13,D,BB,PD,D
9:13:23,JSMR,RG,3850,10,D,BB,PD,D
9:13:23,JSMR,RG,3850,2,D,BB,PD,D
9:13:21,JSMR,RG,3850,28,D,DR,PD,D
9:13:21,JSMR,RG,3850,5,D,DR,AR,D
9:13:21,JSMR,RG,3850,1,D,DR,XC,D
9:13:21,JSMR,RG,3850,12,D,DR,SQ,D
9:13:21,JSMR,RG,3850,1,D,DR,AK,F
9:13:21,JSMR,RG,3850,1,D,DR,AK,F
9:13:21,JSMR,RG,3850,10,D,DR,XC,D
9:13:21,JSMR,RG,3850,42,D,DR,PD,D
9:13:19,JSMR,RG,3850,1,D,BB,PD,D
9:13:12,JSMR,RG,3850,1,D,BB,PD,D
9:13:00,JSMR,RG,3850,3,D,BB,PD,D
9:12:56,JSMR,RG,3850,2,D,BB,PD,D
9:12:54,JSMR,RG,3850,5,D,YP,PD,D
9:12:51,JSMR,RG,3850,2,D,BB,PD,D
9:12:48,JSMR,RG,3850,1,D,BB,PD,D
9:12:41,JSMR,RG,3850,3,D,BB,PD,D
9:12:41,JSMR,RG,3850,3,D,BB,PD,D
9:12:24,JSMR,RG,3850,10,D,BB,PD,D
9:12:24,JSMR,RG,3850,5,D,BB,PD,D
9:12:15,JSMR,RG,3850,3,D,BB,PD,D
9:12:15,JSMR,RG,3850,1,D,BB,PD,D
9:12:13,JSMR,RG,3850,20,D,PD,PD,D
9:11:52,JSMR,RG,3850,6,D,BB,PD,D
9:11:52,JSMR,RG,3850,3,D,BB,PD,D
9:11:19,JSMR,RG,3850,7,D,BB,PD,D
9:11:17,JSMR,RG,3850,5,D,YP,PD,D
9:11:17,JSMR,RG,3850,15,D,PD,PD,D
9:11:09,JSMR,RG,3850,1,D,BB,PD,D
9:11:07,JSMR,RG,3850,1,D,BB,PD,D
9:10:53,JSMR,RG,3850,1,D,BB,PD,D
9:10:44,JSMR,RG,3850,6,D,BB,PD,D
9:10:44,JSMR,RG,3850,1,D,BB,XL,D
9:10:34,JSMR,RG,3850,2,D,BB,XL,D
9:10:34,JSMR,RG,3850,10,D,YP,XL,D
9:10:30,JSMR,RG,3850,1,D,BB,CC,D
9:10:28,JSMR,RG,3860,1,D,GR,GR,D
9:10:08,JSMR,RG,3860,1,D,BB,GR,D
9:10:07,JSMR,RG,3850,1,D,BB,CC,D
9:09:55,JSMR,RG,3860,1,D,XC,GR,D
9:09:54,JSMR,RG,3850,1,D,BB,KK,D
9:09:53,JSMR,RG,3860,1,D,BB,GR,D
9:09:49,JSMR,RG,3860,4,D,BB,GR,D
9:09:49,JSMR,RG,3860,2,D,BB,GR,D
9:09:33,JSMR,RG,3850,5,D,CC,KK,D
9:09:32,JSMR,RG,3860,5,D,BB,GR,D
9:09:31,JSMR,RG,3860,3,D,BB,GR,D
9:09:23,JSMR,RG,3850,10,D,AZ,EP,D
9:08:28,JSMR,RG,3860,2,D,BB,GR,D
9:08:16,JSMR,RG,3860,4,D,BB,GR,D
9:07:51,JSMR,RG,3860,14,D,BB,GR,D
9:07:44,JSMR,RG,3860,28,D,BB,GR,D
9:07:41,JSMR,RG,3860,30,D,BB,GR,D
9:07:39,JSMR,RG,3850,10,D,CC,AK,F
9:07:39,JSMR,RG,3850,7,D,BB,AK,F
9:07:39,JSMR,RG,3850,1,D,PD,AK,F
9:07:39,JSMR,RG,3850,10,D,AZ,AK,F
9:07:39,JSMR,RG,3850,3,D,NI,AK,F
9:07:39,JSMR,RG,3860,50,D,YP,GR,D
9:07:37,JSMR,RG,3860,1,D,BB,GR,D
9:07:30,JSMR,RG,3860,4,D,BB,GR,D
9:07:25,JSMR,RG,3860,5,D,BB,GR,D
9:07:24,JSMR,RG,3850,2,D,NI,PD,D
9:07:24,JSMR,RG,3850,1,D,NI,YP,D
9:07:17,JSMR,RG,3860,16,D,BB,GR,D
9:07:14,JSMR,RG,3860,6,D,BB,GR,D
9:07:13,JSMR,RG,3850,1,D,NI,CC,D
9:07:12,JSMR,RG,3860,1,D,BB,GR,D
9:07:12,JSMR,RG,3860,2,D,BB,GR,D
9:07:12,JSMR,RG,3860,25,D,DH,GR,D
9:07:04,JSMR,RG,3860,3,D,BB,GR,D
9:06:58,JSMR,RG,3860,3,D,BB,GR,D
9:06:56,JSMR,RG,3850,3,D,NI,YP,D
9:06:53,JSMR,RG,3850,1,D,XC,YP,D
9:06:53,JSMR,RG,3850,1,D,KK,YP,D
9:06:53,JSMR,RG,3860,1,D,BB,GR,D
9:06:53,JSMR,RG,3860,6,D,BB,GR,D
9:06:37,JSMR,RG,3850,1,D,KK,NI,D
9:06:37,JSMR,RG,3850,3,D,BB,NI,D
9:06:37,JSMR,RG,3850,2,D,BB,NI,D
9:06:37,JSMR,RG,3850,5,D,PD,NI,D
9:06:37,JSMR,RG,3850,5,D,CC,NI,D
9:06:37,JSMR,RG,3850,4,D,PD,NI,D
9:06:23,JSMR,RG,3860,1,D,BB,GR,D
9:06:05,JSMR,RG,3860,1,D,BB,GR,D
9:05:43,JSMR,RG,3860,2,D,BB,GR,D
9:05:30,JSMR,RG,3860,1,D,BB,GR,D
9:05:27,JSMR,RG,3860,1,D,BB,GR,D
9:05:26,JSMR,RG,3850,4,D,PD,KK,D
9:05:19,JSMR,RG,3860,2,D,BB,GR,D
9:05:15,JSMR,RG,3860,4,D,BB,GR,D
9:05:10,JSMR,RG,3860,1,D,BB,GR,D
9:05:09,JSMR,RG,3860,7,D,BB,GR,D
9:05:08,JSMR,RG,3850,3,D,PD,ZP,D
9:04:58,JSMR,RG,3860,27,D,BB,GR,D
9:04:56,JSMR,RG,3860,15,D,BB,GR,D
9:04:55,JSMR,RG,3860,6,D,BB,GR,D
9:04:54,JSMR,RG,3850,5,D,PD,PD,D
9:04:54,JSMR,RG,3850,2,D,PD,DR,D
9:04:54,JSMR,RG,3850,4,D,PD,GR,D
9:04:54,JSMR,RG,3850,2,D,PD,AK,F
9:04:54,JSMR,RG,3850,10,D,PD,SQ,D
9:04:54,JSMR,RG,3850,1,D,PD,XC,D
9:04:54,JSMR,RG,3850,2,D,PD,PD,D
9:04:54,JSMR,RG,3850,13,D,PD,CC,D
9:04:52,JSMR,RG,3850,2,D,YP,CC,D
9:04:52,JSMR,RG,3850,1,D,YP,YP,D
9:04:52,JSMR,RG,3850,7,D,YP,NI,D
9:04:51,JSMR,RG,3850,4,D,BB,NI,D
9:04:50,JSMR,RG,3850,3,D,XC,NI,D
9:04:46,JSMR,RG,3850,1,D,BB,NI,D
9:04:46,JSMR,RG,3850,1,D,BB,AK,F
9:04:41,JSMR,RG,3850,5,D,PD,AK,F
9:04:04,JSMR,RG,3850,1,D,BB,AK,F
9:03:47,JSMR,RG,3850,1,D,BB,AK,F
9:03:47,JSMR,RG,3850,1,D,PD,AK,F
9:03:44,JSMR,RG,3850,1,D,BB,AK,F
9:03:36,JSMR,RG,3850,1,D,BB,CC,F
9:03:35,JSMR,RG,3850,1,D,CC,CC,F
9:03:33,JSMR,RG,3850,1,D,BB,CC,F
9:03:30,JSMR,RG,3850,1,D,XL,CC,F
9:03:27,JSMR,RG,3850,1,D,XC,CC,F
9:03:23,JSMR,RG,3850,1,D,XC,CC,F
9:03:08,JSMR,RG,3850,2,D,BB,CC,F
9:03:05,JSMR,RG,3850,1,D,BB,CC,F
9:02:59,JSMR,RG,3840,3,D,YJ,YP,D
9:02:58,JSMR,RG,3850,1,D,BB,CC,F
9:02:54,JSMR,RG,3850,1,D,BB,YB,D
9:02:47,JSMR,RG,3850,1,D,XL,YB,D
9:02:47,JSMR,RG,3850,1,D,BB,YB,D
9:02:41,JSMR,RG,3860,1,D,PD,GR,D
9:02:39,JSMR,RG,3860,3,D,BB,GR,D
9:02:38,JSMR,RG,3860,1,D,YP,GR,D
9:02:36,JSMR,RG,3850,1,D,BB,PD,D
9:02:30,JSMR,RG,3860,5,D,BB,GR,D
9:02:24,JSMR,RG,3860,4,D,BB,GR,D
9:02:18,JSMR,RG,3840,4,D,YJ,YP,D
9:02:18,JSMR,RG,3850,10,D,SQ,YP,D
9:02:18,JSMR,RG,3850,1,D,BB,YP,D
9:02:18,JSMR,RG,3850,3,D,BB,YP,D
9:02:13,JSMR,RG,3860,3,D,BB,GR,D
9:02:09,JSMR,RG,3860,1,D,BB,GR,D
9:02:03,JSMR,RG,3860,4,D,BB,GR,D
9:02:02,JSMR,RG,3860,4,D,BB,GR,D
9:01:53,JSMR,RG,3860,1,D,BB,GR,D
9:01:52,JSMR,RG,3860,6,D,BB,GR,D
9:01:51,JSMR,RG,3850,10,D,BB,CC,F
9:01:46,JSMR,RG,3850,4,D,BB,CC,F
9:01:46,JSMR,RG,3850,4,D,BB,YP,D
9:01:43,JSMR,RG,3850,1,D,PD,YP,D
9:01:39,JSMR,RG,3850,8,D,BB,YP,D
9:01:38,JSMR,RG,3840,20,D,YJ,YP,D
9:01:38,JSMR,RG,3850,2,D,BB,YP,D
9:01:38,JSMR,RG,3850,1,D,BB,KK,D
9:01:38,JSMR,RG,3850,1,D,BB,YP,D
9:01:38,JSMR,RG,3850,8,D,BB,CC,F
9:01:36,JSMR,RG,3850,5,D,IF,CC,F
9:01:34,JSMR,RG,3840,7,D,YJ,YP,D
9:01:34,JSMR,RG,3840,18,D,CP,YP,D
9:01:17,JSMR,RG,3850,2,D,BB,CC,F
9:01:17,JSMR,RG,3850,1,D,PD,CC,F
9:01:07,JSMR,RG,3840,2,D,CP,PD,D
9:01:07,JSMR,RG,3840,1,D,PD,PD,D
9:01:06,JSMR,RG,3840,4,D,BB,YP,D
9:01:03,JSMR,RG,3850,2,D,BB,CC,F
9:01:03,JSMR,RG,3850,2,D,BB,CC,F
9:01:03,JSMR,RG,3850,1,D,BB,AT,D
9:00:58,JSMR,RG,3850,1,D,BB,AT,D
9:00:58,JSMR,RG,3850,4,D,BB,YP,D
9:00:57,JSMR,RG,3850,3,D,BB,YP,D
9:00:55,JSMR,RG,3850,2,D,BB,YP,D
9:00:55,JSMR,RG,3850,17,D,BB,YP,D
9:00:47,JSMR,RG,3850,18,D,BB,YP,D
9:00:46,JSMR,RG,3850,3,D,BB,YP,D
9:00:46,JSMR,RG,3850,3,D,BB,YP,D
9:00:42,JSMR,RG,3860,64,D,YP,GR,D
9:00:38,JSMR,RG,3860,5,D,XC,GR,D
9:00:37,JSMR,RG,3850,4,D,BB,PD,D
9:00:33,JSMR,RG,3860,60,D,BB,GR,D
9:00:30,JSMR,RG,3860,26,D,BB,GR,D
9:00:29,JSMR,RG,3850,2,D,BB,XC,D
9:00:27,JSMR,RG,3850,10,D,BB,XC,D
9:00:21,JSMR,RG,3850,10,D,BB,NI,D
9:00:21,JSMR,RG,3850,1,D,BB,YP,D
9:00:21,JSMR,RG,3850,1,D,BB,YP,D
9:00:21,JSMR,RG,3850,2,D,BB,DH,D
9:00:17,JSMR,RG,3840,1,D,BB,XL,D
9:00:17,JSMR,RG,3840,1,D,BB,XL,D
9:00:17,JSMR,RG,3840,1,D,BB,YP,D
9:00:15,JSMR,RG,3840,1,D,PD,YP,D
9:00:15,JSMR,RG,3840,1,D,EP,YP,D
9:00:15,JSMR,RG,3840,1,D,EP,XC,D
9:00:14,JSMR,RG,3840,1,D,EP,XL,D
9:00:14,JSMR,RG,3840,1,D,EP,YP,D
9:00:14,JSMR,RG,3840,1,D,YB,YP,D
9:00:14,JSMR,RG,3840,1,D,YB,YP,D
9:00:14,JSMR,RG,3840,1,D,YB,XC,D
9:00:09,JSMR,RG,3860,9,D,BB,GR,D
9:00:09,JSMR,RG,3860,9,D,BB,GR,D
9:00:09,JSMR,RG,3860,11,D,KK,GR,D
9:00:09,JSMR,RG,3860,5,D,KK,PD,D
9:00:09,JSMR,RG,3860,4,D,KK,EP,D
9:00:08,JSMR,RG,3840,8,D,YB,LG,D
9:00:08,JSMR,RG,3850,2,D,XC,LG,D
9:00:07,JSMR,RG,3840,1,D,YB,YU,D
9:00:06,JSMR,RG,3840,1,D,YB,LG,D
9:00:06,JSMR,RG,3840,3,D,YB,LG,D
9:00:06,JSMR,RG,3840,8,D,YB,SQ,D
9:00:06,JSMR,RG,3840,1,D,YB,PD,D
9:00:04,JSMR,RG,3840,1,D,YB,AK,F
9:00:04,JSMR,RG,3840,1,D,YB,PD,D
9:00:04,JSMR,RG,3840,4,D,YB,PD,D
9:00:01,JSMR,RG,3890,32,D,YB,XA,D
9:00:01,JSMR,RG,3840,5,D,YB,OD,D
9:00:01,JSMR,RG,3840,7,D,YB,YJ,D
9:00:01,JSMR,RG,3840,2,D,EP,YJ,D
9:00:01,JSMR,RG,3840,1,D,ZP,YJ,D