Time,Stock,Brd,Price,Qty,BT,BC,SC,ST
15:13:56,JSMR,RG,3870,2,D,CC,YP,D
15:08:51,JSMR,RG,3870,120,D,CC,IF,D
15:07:35,JSMR,RG,3870,103,D,CC,YU,D
15:05:59,JSMR,RG,3870,2,D,CC,HP,D
15:05:25,JSMR,RG,3870,25,D,CC,IF,D
15:05:12,JSMR,RG,3870,100,D,CC,IF,D
15:04:56,JSMR,RG,3870,250,D,CC,IF,D
15:03:06,JSMR,RG,3870,2,D,CC,AZ,D
15:01:52,JSMR,RG,3870,1,D,CC,DR,D
15:00:00,JSMR,RG,3870,1,D,CC,PD,D
15:00:00,JSMR,RG,3870,1,D,CC,CC,D
15:00:00,JSMR,RG,3870,5,D,CC,CC,D
15:00:00,JSMR,RG,3870,1,D,CC,ZP,D
15:00:00,JSMR,RG,3870,10,D,CC,AG,D
15:00:00,JSMR,RG,3870,75,D,CC,KK,D
15:00:00,JSMR,RG,3870,74,D,CC,DR,D
15:00:00,JSMR,RG,3870,2,D,CC,DR,D
15:00:00,JSMR,RG,3870,20,D,PD,DR,D
15:00:00,JSMR,RG,3870,4,D,NI,DR,D
15:00:00,JSMR,RG,3870,25,D,NI,KK,D
15:00:00,JSMR,RG,3870,10,D,NI,YP,D
15:00:00,JSMR,RG,3870,15,D,NI,YB,D
15:00:00,JSMR,RG,3870,2,D,NI,HP,D
15:00:00,JSMR,RG,3870,10,D,NI,CD,D
15:00:00,JSMR,RG,3870,59,D,NI,AK,F
15:00:00,JSMR,RG,3870,1,D,NI,AK,F
15:00:00,JSMR,RG,3870,5,D,NI,AK,F
15:00:00,JSMR,RG,3870,1,D,NI,AK,F
15:00:00,JSMR,RG,3870,15,D,NI,AK,F
15:00:00,JSMR,RG,3870,12,D,NI,AK,F
15:00:00,JSMR,RG,3870,100,D,NI,AK,F
15:00:00,JSMR,RG,3870,20,D,NI,CC,D
15:00:00,JSMR,RG,3870,1,D,NI,ZP,F
15:00:00,JSMR,RG,3870,10,D,NI,AK,F
15:00:00,JSMR,RG,3870,16,D,NI,IF,D
15:00:00,JSMR,RG,3870,6,D,NI,BK,F
15:00:00,JSMR,RG,3870,80,D,NI,BK,F
15:00:00,JSMR,RG,3870,2,D,NI,DX,F
15:00:00,JSMR,RG,3870,4,D,NI,DX,F
15:00:00,JSMR,RG,3870,1,D,NI,DX,F
15:00:00,JSMR,RG,3870,11,D,NI,DX,F
15:00:00,JSMR,RG,3870,41,D,NI,PD,D
15:00:00,JSMR,RG,3870,49,D,NI,PD,D
15:00:00,JSMR,RG,3870,5,D,XC,PD,D
15:00:00,JSMR,RG,3870,1,D,YP,PD,D
15:00:00,JSMR,RG,3870,26,D,XL,PD,D
15:00:00,JSMR,RG,3870,10,D,OD,PD,D
15:00:00,JSMR,RG,3870,3,D,PD,PD,D
15:00:00,JSMR,RG,3870,1,D,PD,PD,D
15:00:00,JSMR,RG,3870,1,D,ZP,PD,D
15:00:00,JSMR,RG,3870,100,D,CC,PD,D
15:00:00,JSMR,RG,3870,100,D,DR,PD,D
15:00:00,JSMR,RG,3870,4,D,GR,PD,D
15:00:00,JSMR,RG,3870,1,D,PD,PD,D
15:00:00,JSMR,RG,3870,5,D,CC,PD,D
15:00:00,JSMR,RG,3870,10,D,CC,PD,D
15:00:00,JSMR,RG,3870,1,D,CC,PD,D
15:00:00,JSMR,RG,3870,7,D,XC,PD,D
15:00:00,JSMR,RG,3870,2,D,CC,PD,D
15:00:00,JSMR,RG,3870,20,D,LG,PD,D
15:00:00,JSMR,RG,3870,1,D,KK,PD,D
15:00:00,JSMR,RG,3870,10,D,ZP,PD,D
15:00:00,JSMR,RG,3870,3,D,YU,PD,D
15:00:00,JSMR,RG,3870,18,F,ZP,PD,D
15:00:00,JSMR,RG,3870,85,F,BK,PD,D
15:00:00,JSMR,RG,3870,58,F,BK,BB,D
15:00:00,JSMR,RG,3870,39,F,BK,DR,D
15:00:00,JSMR,RG,3870,3,F,BK,AK,F
15:00:00,JSMR,RG,3870,4,F,BK,AK,F
15:00:00,JSMR,RG,3870,3,F,BK,ZP,D
15:00:00,JSMR,RG,3870,1,F,AK,ZP,D
15:00:00,JSMR,RG,3870,28,F,AK,ZP,D
14:49:50,JSMR,RG,3870,1,D,XC,ZP,F
14:49:24,JSMR,RG,3870,1,D,XC,BB,D
14:49:21,JSMR,RG,3870,1,D,XC,BB,D
14:49:21,JSMR,RG,3870,3,D,AT,BB,D
14:49:21,JSMR,RG,3870,1,D,AT,ZP,F
14:49:19,JSMR,RG,3870,1,D,AT,BK,F
14:49:19,JSMR,RG,3870,2,D,XC,BK,F
14:49:19,JSMR,RG,3870,5,D,NI,BK,F
14:49:18,JSMR,RG,3870,20,D,NI,BB,D
14:49:14,JSMR,RG,3870,2,D,NI,BB,D
14:49:03,JSMR,RG,3870,4,D,NI,BB,D
14:49:00,JSMR,RG,3870,2,D,NI,AK,F
14:48:52,JSMR,RG,3870,3,D,NI,BB,D
14:48:51,JSMR,RG,3870,1,D,NI,ZP,F
14:48:46,JSMR,RG,3870,9,D,NI,BB,D
14:48:33,JSMR,RG,3870,6,D,NI,BB,D
14:48:33,JSMR,RG,3870,10,D,NI,GR,D
14:48:21,JSMR,RG,3870,2,D,NI,ZP,F
14:48:21,JSMR,RG,3870,2,D,NI,AK,F
14:48:20,JSMR,RG,3870,28,D,NI,BB,D
14:48:17,JSMR,RG,3870,13,D,NI,AK,F
14:48:15,JSMR,RG,3870,1,D,NI,AK,F
14:48:12,JSMR,RG,3870,9,D,NI,AK,F
14:48:11,JSMR,RG,3870,5,D,NI,BB,D
14:48:10,JSMR,RG,3870,3,D,NI,BK,F
14:48:09,JSMR,RG,3870,20,D,NI,YP,D
14:47:57,JSMR,RG,3870,5,D,NI,BB,D
14:47:46,JSMR,RG,3870,10,D,NI,BB,D
14:47:45,JSMR,RG,3870,1,D,NI,AK,F
14:47:28,JSMR,RG,3870,5,D,NI,BB,D
14:47:27,JSMR,RG,3870,12,D,NI,XC,D
14:47:14,JSMR,RG,3870,3,D,NI,BB,D
14:47:06,JSMR,RG,3870,4,D,NI,BB,D
14:46:56,JSMR,RG,3870,10,D,NI,BB,D
14:46:47,JSMR,RG,3870,5,D,NI,BK,F
14:46:47,JSMR,RG,3870,3,D,KK,BK,F
14:46:47,JSMR,RG,3870,4,D,CC,BK,F
14:46:42,JSMR,RG,3870,5,D,CC,BB,D
14:46:41,JSMR,RG,3870,1,D,CC,ZP,F
14:46:31,JSMR,RG,3870,4,D,CC,BB,D
14:46:18,JSMR,RG,3870,6,D,CC,BB,D
14:46:18,JSMR,RG,3870,19,D,KK,BB,D
14:46:09,JSMR,RG,3870,4,D,KK,BB,D
14:46:09,JSMR,RG,3870,1,D,KK,ZP,F
14:46:08,JSMR,RG,3870,43,D,KK,CC,D
14:45:55,JSMR,RG,3870,5,D,KK,BB,D
14:45:42,JSMR,RG,3870,20,D,KK,BB,D
14:45:38,JSMR,RG,3870,8,D,KK,BK,F
14:45:38,JSMR,RG,3870,1,D,YP,BK,F
14:45:38,JSMR,RG,3870,1,D,YP,BK,F
14:45:38,JSMR,RG,3870,1,D,XC,BK,F
14:45:37,JSMR,RG,3870,1,D,XC,XC,D
14:45:37,JSMR,RG,3870,5,D,CC,XC,D
14:45:37,JSMR,RG,3870,3,D,XC,XC,D
14:45:37,JSMR,RG,3870,1,D,YP,XC,D
14:45:37,JSMR,RG,3870,10,D,OD,XC,D
14:45:37,JSMR,RG,3870,5,D,XC,XC,D
14:45:33,JSMR,RG,3870,8,D,XC,BB,D
14:45:33,JSMR,RG,3870,3,D,XC,BB,D
14:45:21,JSMR,RG,3870,11,D,PD,BK,F
14:45:18,JSMR,RG,3870,9,D,PD,BB,D
14:45:18,JSMR,RG,3870,21,D,NI,BB,D
14:45:14,JSMR,RG,3870,43,D,NI,CC,D
14:45:13,JSMR,RG,3870,13,D,NI,BK,F
14:45:09,JSMR,RG,3870,14,D,NI,BB,D
14:45:06,JSMR,RG,3870,9,D,NI,AK,F
14:45:06,JSMR,RG,3870,3,D,KK,AK,F
14:45:06,JSMR,RG,3870,1,F,BK,AK,F
14:45:06,JSMR,RG,3870,1,D,YU,AK,F
14:45:06,JSMR,RG,3870,8,D,YP,AK,F
14:44:59,JSMR,RG,3870,7,D,YP,BB,D
14:44:59,JSMR,RG,3870,2,D,OD,BB,D
14:44:52,JSMR,RG,3870,13,D,OD,BK,F
14:44:50,JSMR,RG,3870,20,D,OD,BB,D
14:44:50,JSMR,RG,3870,6,D,YP,BB,D
14:44:47,JSMR,RG,3870,2,D,YP,ZP,F
14:44:37,JSMR,RG,3870,2,D,YP,CC,D
14:44:37,JSMR,RG,3870,41,D,NI,CC,D
14:44:36,JSMR,RG,3870,3,D,NI,BB,D
14:44:24,JSMR,RG,3870,4,D,NI,BB,D
14:44:12,JSMR,RG,3870,24,D,NI,BB,D
14:44:06,JSMR,RG,3870,43,D,NI,CC,D
14:44:03,JSMR,RG,3870,2,D,NI,BB,D
14:43:54,JSMR,RG,3870,2,D,NI,BB,D
14:43:48,JSMR,RG,3870,8,D,NI,BB,D
14:43:40,JSMR,RG,3870,11,D,NI,BK,F
14:43:39,JSMR,RG,3870,4,D,NI,BB,D
14:43:28,JSMR,RG,3870,6,D,NI,BB,D
14:43:15,JSMR,RG,3870,4,D,NI,AK,F
14:43:13,JSMR,RG,3870,2,D,NI,BB,D
14:43:08,JSMR,RG,3870,4,D,NI,BB,D
14:42:57,JSMR,RG,3870,3,D,NI,BB,D
14:42:49,JSMR,RG,3870,17,D,NI,BB,D
14:42:47,JSMR,RG,3870,12,D,NI,BK,F
14:42:43,JSMR,RG,3870,1,D,NI,ZP,F
14:42:42,JSMR,RG,3870,15,D,NI,BK,F
14:42:34,JSMR,RG,3870,3,D,NI,BB,D
14:42:23,JSMR,RG,3870,3,D,NI,BB,D
14:42:18,JSMR,RG,3870,1,D,NI,ZP,F
14:42:18,JSMR,RG,3880,1,D,XC,DX,D
14:42:17,JSMR,RG,3870,8,D,NI,BB,D
14:42:11,JSMR,RG,3870,12,D,NI,BK,F
14:42:09,JSMR,RG,3870,15,D,NI,BB,D
14:42:05,JSMR,RG,3880,1,D,YP,DX,D
14:41:59,JSMR,RG,3870,2,D,NI,DX,F
14:41:59,JSMR,RG,3870,21,D,DR,DX,F
14:41:57,JSMR,RG,3870,5,D,DR,BB,D
14:41:42,JSMR,RG,3870,3,D,DR,BB,D
14:41:33,JSMR,RG,3870,3,D,DR,BB,D
14:41:32,JSMR,RG,3880,3,D,XC,DX,D
14:41:27,JSMR,RG,3870,2,D,DR,BB,D
14:41:19,JSMR,RG,3870,12,D,DR,BB,D
14:41:12,JSMR,RG,3870,16,D,DR,BK,F
14:41:07,JSMR,RG,3870,1,D,DR,ZP,F
14:41:06,JSMR,RG,3870,31,D,DR,BB,D
14:41:00,JSMR,RG,3870,43,D,DR,CC,D
14:40:55,JSMR,RG,3870,13,D,DR,BK,F
14:40:52,JSMR,RG,3880,5,D,XC,DX,D
14:40:51,JSMR,RG,3870,10,D,DR,BB,D
14:40:45,JSMR,RG,3870,12,D,DR,BK,F
14:40:44,JSMR,RG,3870,1,D,DR,OD,D
14:40:43,JSMR,RG,3870,106,D,DR,BB,D
14:40:29,JSMR,RG,3870,13,D,DR,BK,F
14:40:25,JSMR,RG,3870,15,D,DR,BK,F
14:40:24,JSMR,RG,3870,1,D,DR,ZP,D
14:40:23,JSMR,RG,3870,20,D,DR,BB,D
14:40:23,JSMR,RG,3870,1,D,DR,ZP,F
14:40:23,JSMR,RG,3870,15,D,DR,AK,F
14:40:23,JSMR,RG,3870,6,D,DR,AK,F
14:40:22,JSMR,RG,3870,150,D,DR,DR,D
14:40:22,JSMR,RG,3870,1,D,PD,DR,D
14:40:22,JSMR,RG,3870,1,D,SQ,DR,D
14:40:22,JSMR,RG,3870,14,D,KK,DR,D
14:40:22,JSMR,RG,3870,25,D,NI,DR,D
14:40:22,JSMR,RG,3870,2,D,CC,DR,D
14:40:22,JSMR,RG,3870,5,D,DR,DR,D
14:40:22,JSMR,RG,3870,2,D,NI,DR,D
14:40:02,JSMR,RG,3870,1,D,NI,BB,D
14:40:02,JSMR,RG,3870,1,D,NI,ZP,F
14:40:02,JSMR,RG,3870,1,D,YP,ZP,F
14:40:01,JSMR,RG,3870,10,D,YP,CC,D
14:40:01,JSMR,RG,3870,10,D,PD,CC,D
14:40:01,JSMR,RG,3870,2,D,DR,CC,D
14:40:01,JSMR,RG,3870,21,D,YP,CC,D
14:39:55,JSMR,RG,3870,1,D,YP,BB,D
14:39:24,JSMR,RG,3870,1,D,YP,BB,D
14:39:08,JSMR,RG,3870,9,D,YP,BB,D
14:39:08,JSMR,RG,3870,10,D,YP,BB,D
14:39:08,JSMR,RG,3870,1,D,DX,BB,D
14:38:25,JSMR,RG,3870,4,D,DX,CC,D
14:38:25,JSMR,RG,3870,1,F,BK,CC,D
14:38:25,JSMR,RG,3870,1,D,DH,CC,D
14:38:25,JSMR,RG,3870,3,D,NI,CC,D
14:38:25,JSMR,RG,3870,1,D,XC,CC,D
14:38:25,JSMR,RG,3870,33,D,YP,CC,D
14:38:25,JSMR,RG,3870,1,D,YP,ZP,F
14:38:15,JSMR,RG,3870,18,D,YP,BB,D
14:38:10,JSMR,RG,3870,5,D,YP,BB,D
14:38:09,JSMR,RG,3870,43,D,YP,CC,D
14:37:34,JSMR,RG,3870,1,D,NI,BB,D
14:37:33,JSMR,RG,3870,8,D,NI,XC,D
14:37:24,JSMR,RG,3870,1,D,NI,BB,D
14:37:23,JSMR,RG,3870,2,D,NI,ZP,F
14:37:18,JSMR,RG,3880,1,F,BK,DX,D
14:37:11,JSMR,RG,3870,3,D,NI,BB,D
14:36:15,JSMR,RG,3870,2,D,NI,BB,D
14:35:49,JSMR,RG,3870,1,D,NI,BB,D
14:35:23,JSMR,RG,3870,9,D,NI,BB,D
14:35:08,JSMR,RG,3870,1,D,NI,BB,D
14:35:07,JSMR,RG,3870,20,D,NI,NI,D
14:34:47,JSMR,RG,3870,2,D,NI,BB,D
14:34:13,JSMR,RG,3870,4,D,NI,BB,D
14:34:08,JSMR,RG,3870,2,D,NI,BB,D
14:34:07,JSMR,RG,3870,1,D,NI,ZP,F
14:34:07,JSMR,RG,3870,1,D,NI,ZP,F
14:34:07,JSMR,RG,3870,42,D,NI,CC,D
14:34:07,JSMR,RG,3870,1,D,PD,CC,D
14:33:40,JSMR,RG,3870,4,D,NI,BB,D
14:33:40,JSMR,RG,3870,1,D,SQ,BB,D
14:33:40,JSMR,RG,3870,10,D,SQ,BB,D
14:33:40,JSMR,RG,3870,1,D,PD,BB,D
14:33:40,JSMR,RG,3870,2,D,XL,BB,D
14:33:40,JSMR,RG,3870,1,D,DR,BB,D
14:33:34,JSMR,RG,3870,43,D,DR,CC,D
14:33:28,JSMR,RG,3870,1,D,DR,DX,D
14:33:19,JSMR,RG,3870,1,D,DR,ZP,F
14:33:19,JSMR,RG,3880,109,D,DR,DX,D
14:33:19,JSMR,RG,3880,62,D,DR,BB,D
14:33:19,JSMR,RG,3880,2,D,DR,YP,D
14:33:19,JSMR,RG,3880,1,D,DR,AK,F
14:33:19,JSMR,RG,3880,1,D,DR,AK,F
14:33:19,JSMR,RG,3880,25,D,DR,DX,D
14:32:35,JSMR,RG,3870,1,D,DR,BB,D
14:32:35,JSMR,RG,3870,2,D,DR,ZP,F
14:32:27,JSMR,RG,3870,9,D,DR,CC,D
14:32:24,JSMR,RG,3870,1,D,DR,BB,D
14:31:47,JSMR,RG,3870,1,D,DR,BB,D
14:31:33,JSMR,RG,3870,1,D,DR,BB,D
14:31:16,JSMR,RG,3870,2,D,DR,BB,D
14:30:56,JSMR,RG,3880,1,D,NI,DX,D
14:30:49,JSMR,RG,3870,1,D,DR,BB,D
14:30:48,JSMR,RG,3870,2,D,DR,PD,D
14:30:32,JSMR,RG,3870,1,D,DR,BB,D
14:30:18,JSMR,RG,3870,1,D,DR,BB,D
14:30:18,JSMR,RG,3870,1,D,DR,ZP,F
14:30:18,JSMR,RG,3870,1,D,DR,ZP,F
14:29:36,JSMR,RG,3870,1,D,DR,BB,D
14:29:35,JSMR,RG,3880,5,D,XC,DX,D
14:29:26,JSMR,RG,3870,3,D,DR,BB,D
14:29:07,JSMR,RG,3870,5,D,DR,AK,F
14:29:07,JSMR,RG,3870,2,D,DR,BB,D
14:29:06,JSMR,RG,3870,8,D,DR,IF,D
14:28:53,JSMR,RG,3870,74,D,DR,BB,D
14:28:34,JSMR,RG,3870,1,D,DR,ZP,F
14:28:33,JSMR,RG,3880,72,D,EP,DX,D
14:28:33,JSMR,RG,3880,91,D,EP,BK,F
14:28:33,JSMR,RG,3880,13,D,EP,BK,F
14:28:33,JSMR,RG,3880,1,D,EP,ZP,F
14:28:33,JSMR,RG,3880,3,D,EP,DX,D
14:28:14,JSMR,RG,3870,4,D,DR,BB,D
14:28:10,JSMR,RG,3870,20,D,DR,SQ,D
14:27:34,JSMR,RG,3870,2,D,DR,ZP,F
14:25:30,JSMR,RG,3880,2,D,XC,DX,D
14:25:26,JSMR,RG,3870,1,D,DR,ZP,F
14:24:56,JSMR,RG,3870,2,D,DR,ZP,F
14:23:35,JSMR,RG,3870,1,D,DR,XL,D
14:22:59,JSMR,RG,3870,1,D,CC,ZP,F
14:22:22,JSMR,RG,3870,1,D,PD,ZP,F
14:22:19,JSMR,RG,3870,3,D,PD,BB,D
14:21:04,JSMR,RG,3880,1,D,HP,DX,D
14:20:42,JSMR,RG,3870,4,D,PD,BB,D
14:20:42,JSMR,RG,3870,1,D,PD,BB,D
14:20:34,JSMR,RG,3870,4,D,IF,PD,D
14:20:33,JSMR,RG,3870,1,D,IF,BB,D
14:20:33,JSMR,RG,3870,5,D,IF,YP,D
14:20:26,JSMR,RG,3870,1,D,XC,ZP,F
14:20:26,JSMR,RG,3870,1,D,XC,ZP,F
14:20:07,JSMR,RG,3870,1,D,XC,BB,D
14:20:07,JSMR,RG,3870,1,D,YP,BB,D
14:20:07,JSMR,RG,3870,1,D,NI,BB,D
14:19:37,JSMR,RG,3870,1,D,NI,BB,D
14:19:37,JSMR,RG,3870,4,D,NI,ZP,F
14:19:00,JSMR,RG,3870,1,D,NI,BB,D
14:18:46,JSMR,RG,3870,1,D,NI,BB,D
14:18:18,JSMR,RG,3870,3,D,NI,BB,D
14:18:17,JSMR,RG,3880,1,D,XC,DX,D
14:18:00,JSMR,RG,3880,1,D,XC,DX,D
14:17:56,JSMR,RG,3870,16,D,NI,BB,D
14:17:55,JSMR,RG,3870,6,D,NI,AK,F
14:17:46,JSMR,RG,3870,3,D,NI,BB,D
14:17:45,JSMR,RG,3870,39,D,NI,CC,D
14:16:54,JSMR,RG,3870,2,D,NI,BB,D
14:16:53,JSMR,RG,3880,1,D,XC,DX,D
14:16:16,JSMR,RG,3870,1,D,NI,BB,D
14:16:08,JSMR,RG,3870,18,D,NI,BB,D
14:15:51,JSMR,RG,3870,2,D,NI,BB,D
14:15:50,JSMR,RG,3880,46,D,XL,DX,D
14:15:21,JSMR,RG,3870,2,D,NI,BB,D
14:15:21,JSMR,RG,3870,1,D,DR,BB,D
14:15:20,JSMR,RG,3870,1,D,DR,ZP,F
14:15:20,JSMR,RG,3870,1,D,DR,ZP,F
14:14:33,JSMR,RG,3870,22,D,DR,BB,D
14:14:28,JSMR,RG,3870,75,D,DR,YP,D
14:14:14,JSMR,RG,3870,2,D,PD,BB,D
14:14:14,JSMR,RG,3870,2,D,PD,ZP,F
14:13:40,JSMR,RG,3870,2,D,PD,BB,D
14:13:39,JSMR,RG,3880,1,D,CC,DX,D
14:12:36,JSMR,RG,3870,2,D,PD,BB,D
14:12:20,JSMR,RG,3870,2,D,PD,BB,D
14:12:20,JSMR,RG,3870,3,D,LG,BB,D
14:12:20,JSMR,RG,3870,2,D,LG,ZP,F
14:10:49,JSMR,RG,3870,2,D,LG,BB,D
14:10:26,JSMR,RG,3870,2,D,LG,BB,D
14:10:26,JSMR,RG,3870,1,D,LG,ZP,F
14:09:46,JSMR,RG,3870,2,D,YP,ZP,F
14:09:33,JSMR,RG,3870,1,D,YP,BB,D
14:09:14,JSMR,RG,3870,4,D,YP,BB,D
14:08:32,JSMR,RG,3870,2,D,YP,BB,D
14:08:32,JSMR,RG,3870,1,D,YP,XC,D
14:08:32,JSMR,RG,3870,1,D,XL,XC,D
14:07:48,JSMR,RG,3870,1,D,YP,ZP,F
14:07:47,JSMR,RG,3870,5,D,CC,BB,D
14:07:08,JSMR,RG,3870,1,D,CC,ZP,F
14:06:50,JSMR,RG,3870,2,D,CC,BB,D
14:06:43,JSMR,RG,3870,10,D,CC,BB,D
14:05:20,JSMR,RG,3870,22,D,CC,GR,D
14:05:20,JSMR,RG,3870,1,D,XC,GR,D
14:05:20,JSMR,RG,3870,25,D,DR,GR,D
14:05:20,JSMR,RG,3870,1,D,GR,GR,D
14:05:20,JSMR,RG,3870,1,D,NI,GR,D
14:05:20,JSMR,RG,3870,1,D,PD,GR,D
14:05:20,JSMR,RG,3870,1,D,PD,GR,D
14:05:20,JSMR,RG,3870,5,D,YP,GR,D
14:05:20,JSMR,RG,3870,55,D,NI,GR,D
14:05:19,JSMR,RG,3870,1,D,NI,ZP,F
14:05:19,JSMR,RG,3870,1,D,NI,ZP,F
14:04:39,JSMR,RG,3870,1,D,NI,ZP,F
14:03:44,JSMR,RG,3870,4,D,NI,ZP,F
14:00:18,JSMR,RG,3870,2,D,NI,ZP,F
13:59:00,JSMR,RG,3880,26,D,PD,DX,D
13:58:39,JSMR,RG,3870,5,D,NI,YU,D
13:58:33,JSMR,RG,3870,1,D,NI,ZP,F
13:57:57,JSMR,RG,3870,1,D,NI,ZP,F
13:56:12,JSMR,RG,3870,1,D,NI,ZP,F
13:56:06,JSMR,RG,3870,5,D,NI,YU,D
13:55:39,JSMR,RG,3870,1,D,NI,ZP,F
13:55:36,JSMR,RG,3880,2,D,YP,DX,D
13:55:36,JSMR,RG,3880,2,D,NI,DX,D
13:55:36,JSMR,RG,3880,11,D,NI,DX,D
13:55:18,JSMR,RG,3880,1,D,NI,ZP,F
13:54:26,JSMR,RG,3880,1,D,NI,ZP,F
13:53:30,JSMR,RG,3890,46,D,XL,YU,D
13:52:01,JSMR,RG,3880,6,D,NI,AK,F
13:52:01,JSMR,RG,3880,1,D,NI,ZP,F
13:52:01,JSMR,RG,3880,102,D,NI,BK,F
13:52:01,JSMR,RG,3880,14,D,NI,BK,F
13:52:01,JSMR,RG,3880,14,D,NI,DX,D
13:51:35,JSMR,RG,3880,54,D,LG,DX,D
13:51:35,JSMR,RG,3880,29,D,LG,DX,D
13:51:35,JSMR,RG,3880,18,D,LG,DX,F
13:51:35,JSMR,RG,3880,1,D,LG,AK,F
13:51:35,JSMR,RG,3880,1,D,LG,AK,F
13:51:35,JSMR,RG,3880,1,D,LG,AK,F
13:51:35,JSMR,RG,3880,24,D,LG,BK,F
13:51:35,JSMR,RG,3880,172,D,LG,AK,F
13:51:30,JSMR,RG,3870,1,D,NI,AK,F
13:51:19,JSMR,RG,3880,1,D,XC,AK,F
13:51:02,JSMR,RG,3880,66,D,NI,AK,F
13:51:02,JSMR,RG,3880,98,D,NI,BK,F
13:51:02,JSMR,RG,3880,1,D,NI,ZP,F
13:51:02,JSMR,RG,3880,35,D,NI,DX,D
13:50:52,JSMR,RG,3870,13,D,NI,PD,D
13:50:22,JSMR,RG,3870,19,D,NI,BK,F
13:50:19,JSMR,RG,3880,10,D,NI,DX,D
13:50:19,JSMR,RG,3870,1,D,NI,ZP,F
13:50:19,JSMR,RG,3870,1,D,NI,ZP,F
13:50:17,JSMR,RG,3870,37,D,NI,DX,D
13:50:17,JSMR,RG,3870,13,D,LG,DX,D
13:50:02,JSMR,RG,3880,5,D,NI,DX,D
13:49:22,JSMR,RG,3870,13,D,LG,BK,F
13:49:22,JSMR,RG,3880,3,D,CC,DX,D
13:49:20,JSMR,RG,3870,1,D,LG,ZP,F
13:48:55,JSMR,RG,3870,12,D,LG,BK,F
13:48:54,JSMR,RG,3870,11,D,LG,BK,F
13:48:51,JSMR,RG,3880,1,D,XC,DX,D
13:48:51,JSMR,RG,3880,3,D,NI,DX,D
13:48:51,JSMR,RG,3880,2,D,CC,DX,D
13:48:51,JSMR,RG,3880,5,D,NI,DX,D
13:48:51,JSMR,RG,3880,1,D,XC,DX,D
13:48:51,JSMR,RG,3880,1,F,BK,DX,D
13:48:51,JSMR,RG,3880,10,D,CC,DX,D
13:48:51,JSMR,RG,3880,1,D,XC,DX,D
13:48:51,JSMR,RG,3880,2,D,YP,DX,D
13:48:51,JSMR,RG,3880,1,D,PD,DX,D
13:48:51,JSMR,RG,3880,1,D,SQ,DX,D
13:48:51,JSMR,RG,3880,15,D,CC,DX,D
13:48:51,JSMR,RG,3880,5,D,YP,DX,D
13:48:51,JSMR,RG,3880,10,D,CC,DX,D
13:48:51,JSMR,RG,3880,1,D,PD,DX,D
13:48:51,JSMR,RG,3880,2,D,YU,DX,D
13:48:51,JSMR,RG,3880,4,D,XC,DX,D
13:48:51,JSMR,RG,3880,1,D,XC,DX,D
13:48:51,JSMR,RG,3880,1,D,PD,DX,D
13:48:51,JSMR,RG,3880,300,D,NI,DX,D
13:48:51,JSMR,RG,3880,179,D,DX,DX,D
13:48:50,JSMR,RG,3880,2,D,DX,ZP,F
13:48:14,JSMR,RG,3880,60,D,DX,DX,D
13:47:22,JSMR,RG,3890,10,D,XC,YU,D
13:47:03,JSMR,RG,3880,1,D,DX,PD,D
13:47:03,JSMR,RG,3880,1,D,DX,ZP,F
13:46:45,JSMR,RG,3880,1,D,DX,AK,F
13:46:29,JSMR,RG,3880,10,D,DX,YU,D
13:46:23,JSMR,RG,3880,25,D,DX,DX,D
13:45:39,JSMR,RG,3890,1,D,DR,YU,D
13:45:23,JSMR,RG,3880,1,D,DX,ZP,F
13:45:23,JSMR,RG,3880,1,D,DX,ZP,F
13:44:35,JSMR,RG,3880,1,D,DX,DH,D
13:44:31,JSMR,RG,3880,2,D,DX,ZP,F
13:43:39,JSMR,RG,3880,19,D,DX,DX,F
13:42:37,JSMR,RG,3880,25,D,DX,DX,D
13:42:24,JSMR,RG,3880,2,D,DX,ZP,F
13:42:07,JSMR,RG,3880,20,D,DX,DX,D
13:40:57,JSMR,RG,3880,43,D,DX,CC,D
13:40:25,JSMR,RG,3880,2,D,DX,ZP,F
13:39:25,JSMR,RG,3880,2,D,DX,ZP,F
13:39:24,JSMR,RG,3880,1,D,DX,PD,D
13:38:37,JSMR,RG,3880,3,D,DX,SQ,D
13:37:23,JSMR,RG,3880,2,D,DX,ZP,F
13:36:38,JSMR,RG,3880,26,D,DX,CC,D
13:35:49,JSMR,RG,3880,3,D,DX,CC,D
13:35:18,JSMR,RG,3880,1,D,DX,ZP,F
13:34:38,JSMR,RG,3880,3,D,DX,ZP,F
13:33:20,JSMR,RG,3880,8,D,DX,XC,D
13:32:30,JSMR,RG,3880,1,D,DX,ZP,F
13:30:45,JSMR,RG,3890,2,D,XL,YU,D
13:30:35,JSMR,RG,3880,1,D,DX,XL,D
13:30:07,JSMR,RG,3880,2,D,DX,XL,D
13:30:04,JSMR,RG,3890,3,D,PD,YU,D
13:30:04,JSMR,RG,3890,1,D,PD,DH,D
13:30:04,JSMR,RG,3890,1,D,PD,XC,D
13:30:04,JSMR,RG,3890,19,D,PD,DH,D
13:30:04,JSMR,RG,3890,3,D,PD,XC,D
13:30:04,JSMR,RG,3880,12,D,DX,PD,D
13:30:03,JSMR,RG,3880,4,D,DX,XC,D
13:30:03,JSMR,RG,3880,1,D,DX,XC,D
13:30:03,JSMR,RG,3880,10,D,DX,KK,D
13:30:03,JSMR,RG,3880,15,D,DX,PD,D
13:30:02,JSMR,RG,3880,1,D,DX,ZP,F
13:30:01,JSMR,RG,3880,165,D,DX,YP,D
13:30:01,JSMR,RG,3880,2,D,DX,NI,D
11:29:52,JSMR,RG,3880,1,D,DX,ZP,F
11:29:10,JSMR,RG,3880,1,D,DX,ZP,F
11:28:54,JSMR,RG,3870,26,D,LG,CC,D
11:28:04,JSMR,RG,3870,1,D,LG,ZP,F
11:28:03,JSMR,RG,3870,13,D,LG,CC,D
11:28:03,JSMR,RG,3880,1,F,BK,CC,D
11:28:03,JSMR,RG,3880,1,D,NI,CC,D
11:28:03,JSMR,RG,3880,2,D,NI,CC,D
11:28:03,JSMR,RG,3880,3,D,NI,CC,D
11:28:03,JSMR,RG,3880,6,D,NI,CC,D
11:27:19,JSMR,RG,3880,1,D,NI,ZP,F
11:25:02,JSMR,RG,3880,1,D,NI,ZP,F
11:24:59,JSMR,RG,3880,2,D,XC,BK,F
11:24:59,JSMR,RG,3880,1,D,XC,ZP,F
11:24:55,JSMR,RG,3880,1,D,NI,ZP,F
11:24:55,JSMR,RG,3880,4,D,NI,SQ,D
11:24:48,JSMR,RG,3880,5,D,NI,SQ,D
11:24:39,JSMR,RG,3880,5,D,NI,SQ,D
11:24:24,JSMR,RG,3880,1,F,BK,SQ,D
11:24:24,JSMR,RG,3880,3,D,YP,SQ,D
11:24:00,JSMR,RG,3880,2,D,YP,ZP,F
11:22:06,JSMR,RG,3880,5,D,YP,AK,F
11:20:34,JSMR,RG,3880,5,D,NI,AK,F
11:20:34,JSMR,RG,3880,4,D,NI,AK,F
11:20:33,JSMR,RG,3880,1,D,NI,AK,F
11:20:33,JSMR,RG,3880,1,D,NI,ZP,F
11:20:33,JSMR,RG,3880,3,D,NI,CC,F
11:20:33,JSMR,RG,3880,39,D,NI,BK,F
11:20:33,JSMR,RG,3880,13,D,NI,BK,F
11:20:33,JSMR,RG,3880,1,D,NI,ZP,F
11:20:33,JSMR,RG,3880,15,D,NI,DR,D
11:20:33,JSMR,RG,3880,4,D,NI,DR,D
11:20:33,JSMR,RG,3880,5,D,NI,SQ,D
11:20:33,JSMR,RG,3880,2,D,NI,AK,F
11:20:33,JSMR,RG,3880,52,D,NI,AK,F
11:20:33,JSMR,RG,3880,5,D,NI,SQ,D
11:20:21,JSMR,RG,3870,2,D,LG,ZP,F
11:19:26,JSMR,RG,3880,13,D,IF,SQ,D
11:19:26,JSMR,RG,3880,10,D,IF,LG,D
11:19:26,JSMR,RG,3880,5,D,IF,YP,D
11:19:26,JSMR,RG,3880,15,D,IF,CC,F
11:19:26,JSMR,RG,3880,7,D,IF,BK,F
11:18:40,JSMR,RG,3870,1,D,LG,ZP,F
11:18:31,JSMR,RG,3870,1,D,LG,AK,F
11:18:12,JSMR,RG,3870,2,D,LG,ZP,F
11:17:59,JSMR,RG,3870,26,D,LG,CC,D
11:16:30,JSMR,RG,3870,26,D,LG,CC,D
11:16:28,JSMR,RG,3880,2,D,XC,BK,F
11:15:40,JSMR,RG,3880,32,D,IF,BK,F
11:15:40,JSMR,RG,3880,8,D,IF,DR,D
11:15:40,JSMR,RG,3880,1,D,IF,ZP,F
11:15:40,JSMR,RG,3880,1,D,IF,AK,F
11:15:40,JSMR,RG,3880,1,D,IF,DH,D
11:15:40,JSMR,RG,3880,7,D,IF,BK,F
11:15:21,JSMR,RG,3870,1,D,LG,ZP,F
11:15:19,JSMR,RG,3880,6,D,PD,BK,F
11:15:19,JSMR,RG,3880,4,D,PD,BK,F
11:14:17,JSMR,RG,3870,4,D,LG,ZP,F
11:13:23,JSMR,RG,3880,10,D,XC,BK,F
11:12:11,JSMR,RG,3870,1,D,LG,ZP,F
11:11:01,JSMR,RG,3870,1,D,LG,AK,F
11:10:18,JSMR,RG,3870,1,D,LG,ZP,F
11:10:12,JSMR,RG,3880,1,D,XC,BK,F
11:09:17,JSMR,RG,3870,3,D,LG,ZP,F
11:07:33,JSMR,RG,3870,10,D,LG,PD,D
11:07:12,JSMR,RG,3870,1,D,LG,ZP,F
11:05:24,JSMR,RG,3870,2,D,LG,ZP,F
11:05:01,JSMR,RG,3870,1,D,LG,SQ,D
11:04:04,JSMR,RG,3870,31,D,LG,PD,D
11:04:00,JSMR,RG,3870,2,D,LG,ZP,F
11:03:59,JSMR,RG,3870,94,D,LG,AZ,D
11:03:59,JSMR,RG,3870,5,D,RG,AZ,D
11:03:59,JSMR,RG,3870,10,D,SQ,AZ,D
11:03:59,JSMR,RG,3870,10,D,SQ,AZ,D
11:03:59,JSMR,RG,3870,10,D,PD,AZ,D
11:03:59,JSMR,RG,3870,1,D,YP,AZ,D
11:03:59,JSMR,RG,3870,1,D,NI,AZ,D
11:02:46,JSMR,RG,3870,3,D,NI,ZP,F
11:01:12,JSMR,RG,3880,22,D,PD,BK,F
11:01:12,JSMR,RG,3880,8,D,PD,PD,D
11:01:00,JSMR,RG,3870,2,D,NI,XC,D
11:00:26,JSMR,RG,3870,1,D,NI,ZP,F
11:00:14,JSMR,RG,3870,3,D,NI,OD,D
10:59:40,JSMR,RG,3870,2,D,NI,ZP,F
10:57:25,JSMR,RG,3870,2,D,NI,ZP,F
10:56:46,JSMR,RG,3870,1,D,NI,YP,D
10:56:42,JSMR,RG,3870,35,D,NI,PD,D
10:56:42,JSMR,RG,3870,2,D,NI,PD,D
10:55:04,JSMR,RG,3870,1,D,NI,ZP,F
10:54:12,JSMR,RG,3870,2,D,NI,ZP,F
10:52:23,JSMR,RG,3870,2,D,YP,ZP,F
10:50:26,JSMR,RG,3870,1,D,YP,ZP,F
10:49:27,JSMR,RG,3870,2,D,YP,ZP,F
10:49:27,JSMR,RG,3870,1,F,BK,ZP,F
10:49:16,JSMR,RG,3870,3,D,NI,AK,F
10:47:35,JSMR,RG,3870,1,D,NI,PD,D
10:47:35,JSMR,RG,3870,6,D,NI,AK,F
10:47:35,JSMR,RG,3870,2,D,NI,AK,F
10:47:34,JSMR,RG,3870,38,D,NI,OD,D
10:47:15,JSMR,RG,3870,2,D,XC,ZP,F
10:46:59,JSMR,RG,3870,4,D,XC,XL,D
10:45:25,JSMR,RG,3870,1,D,XC,ZP,F
10:45:13,JSMR,RG,3870,7,D,XC,DR,D
10:45:13,JSMR,RG,3870,6,D,YP,DR,D
10:44:29,JSMR,RG,3870,4,D,YP,ZP,F
10:42:56,JSMR,RG,3870,3,D,YP,DR,D
10:42:16,JSMR,RG,3870,1,D,YP,ZP,F
10:41:06,JSMR,RG,3870,1,D,YP,YP,D
10:40:22,JSMR,RG,3870,1,D,YP,ZP,F
10:39:44,JSMR,RG,3870,46,D,YP,NI,D
10:39:44,JSMR,RG,3870,2,D,PD,NI,D
10:39:44,JSMR,RG,3870,24,D,PD,NI,D
10:39:44,JSMR,RG,3870,10,D,KK,NI,D
10:39:44,JSMR,RG,3870,2,D,DR,NI,D
10:39:44,JSMR,RG,3870,1,D,SQ,NI,D
10:39:44,JSMR,RG,3870,20,D,LG,NI,D
10:39:44,JSMR,RG,3870,1,D,PD,NI,D
10:39:44,JSMR,RG,3870,20,D,PD,NI,D
10:39:44,JSMR,RG,3870,100,D,NI,NI,D
10:39:44,JSMR,RG,3870,24,D,IT,NI,D
10:39:08,JSMR,RG,3870,1,D,IT,PD,D
10:38:48,JSMR,RG,3870,1,D,IT,ZP,F
10:38:48,JSMR,RG,3880,2,D,DH,PD,D
10:38:48,JSMR,RG,3880,31,D,DH,DH,D
10:38:48,JSMR,RG,3880,1,D,DH,AK,F
10:38:48,JSMR,RG,3880,1,D,DH,AK,F
10:38:48,JSMR,RG,3880,30,D,DH,BK,F
10:38:48,JSMR,RG,3880,1,D,DH,ZP,F
10:38:48,JSMR,RG,3880,34,D,DH,YP,D
10:38:35,JSMR,RG,3870,1,D,IT,DH,D
10:38:01,JSMR,RG,3870,2,D,IT,AT,D
10:37:33,JSMR,RG,3870,2,D,IT,ZP,F
10:36:58,JSMR,RG,3870,48,D,IT,XL,D
10:35:44,JSMR,RG,3870,1,D,IT,DH,D
10:35:18,JSMR,RG,3870,1,D,IT,ZP,F
10:35:17,JSMR,RG,3870,169,D,IT,OD,D
10:35:17,JSMR,RG,3870,1,D,SQ,OD,D
10:35:17,JSMR,RG,3870,20,D,NI,OD,D
10:35:17,JSMR,RG,3870,1,D,PD,OD,D
10:35:17,JSMR,RG,3870,1,D,XC,OD,D
10:35:17,JSMR,RG,3870,8,D,DR,OD,D
10:35:15,JSMR,RG,3870,1,D,DR,DH,D
10:34:18,JSMR,RG,3870,1,D,DR,ZP,F
10:34:18,JSMR,RG,3870,1,D,CC,ZP,F
10:34:18,JSMR,RG,3870,1,D,EP,ZP,F
10:32:30,JSMR,RG,3870,1,D,EP,DH,D
10:32:11,JSMR,RG,3870,3,D,EP,ZP,F
10:30:26,JSMR,RG,3880,3,D,YU,YP,D
10:29:38,JSMR,RG,3870,1,D,EP,ZP,F
10:29:37,JSMR,RG,3880,2,D,PD,YP,D
10:29:37,JSMR,RG,3880,61,D,NI,YP,D
10:28:54,JSMR,RG,3880,1,D,NI,ZP,F
10:28:32,JSMR,RG,3880,5,D,NI,RS,D
10:27:36,JSMR,RG,3880,20,D,NI,FZ,D
10:27:32,JSMR,RG,3880,33,D,NI,AZ,D
10:27:32,JSMR,RG,3880,41,D,NI,BK,F
10:27:32,JSMR,RG,3880,1,D,NI,ZP,F
10:27:32,JSMR,RG,3880,38,D,NI,AZ,D
10:27:23,JSMR,RG,3870,1,D,EP,DH,D
10:27:09,JSMR,RG,3870,2,D,EP,ZP,F
10:27:08,JSMR,RG,3880,2,D,YP,AZ,D
10:27:08,JSMR,RG,3880,3,D,PD,AZ,D
10:27:08,JSMR,RG,3880,5,D,XC,AZ,D
10:27:08,JSMR,RG,3880,12,D,PD,AZ,D
10:27:08,JSMR,RG,3880,4,D,CC,AZ,D
10:27:08,JSMR,RG,3880,28,D,NI,AZ,D
10:25:23,JSMR,RG,3880,1,D,NI,ZP,F
10:24:38,JSMR,RG,3880,2,D,NI,ZP,F
10:23:29,JSMR,RG,3880,1,D,NI,DH,D
10:22:40,JSMR,RG,3880,2,D,NI,ZP,F
10:21:21,JSMR,RG,3880,3,D,NI,CC,D
10:20:23,JSMR,RG,3880,1,D,NI,ZP,F
10:19:30,JSMR,RG,3880,3,D,NI,ZP,F
10:17:44,JSMR,RG,3880,9,D,NI,YB,D
10:17:44,JSMR,RG,3880,1,F,BK,YB,D
10:17:34,JSMR,RG,3880,1,D,CC,ZP,F
10:17:34,JSMR,RG,3880,1,D,PD,ZP,F
10:15:26,JSMR,RG,3880,1,D,PD,ZP,F
10:14:05,JSMR,RG,3880,1,D,GR,ZP,F
10:14:05,JSMR,RG,3880,2,D,GR,ZP,F
10:12:21,JSMR,RG,3880,2,D,GR,ZP,F
10:12:03,JSMR,RG,3880,4,D,GR,EP,D
10:11:56,JSMR,RG,3880,11,D,GR,DH,D
10:11:56,JSMR,RG,3880,13,D,NI,DH,D
10:11:30,JSMR,RG,3880,5,D,NI,YP,D
10:10:20,JSMR,RG,3880,1,D,NI,ZP,F
10:09:54,JSMR,RG,3880,5,D,NI,YP,D
10:09:35,JSMR,RG,3880,2,D,NI,ZP,F
10:08:55,JSMR,RG,3880,1,D,NI,CC,D
10:08:50,JSMR,RG,3880,1,D,NI,YP,D
10:07:41,JSMR,RG,3880,1,D,NI,ZP,F
10:05:40,JSMR,RG,3880,1,D,NI,AK,F
10:05:39,JSMR,RG,3880,1,D,NI,AK,F
10:05:39,JSMR,RG,3880,12,D,NI,BK,F
10:05:39,JSMR,RG,3880,28,D,NI,BK,F
10:05:39,JSMR,RG,3880,1,D,NI,ZP,F
10:05:39,JSMR,RG,3880,78,D,NI,NI,D
10:05:21,JSMR,RG,3870,1,D,EP,ZP,F
10:05:21,JSMR,RG,3870,1,D,YP,ZP,F
10:05:20,JSMR,RG,3880,3,D,XL,NI,D
10:05:20,JSMR,RG,3880,1,D,YP,NI,D
10:05:20,JSMR,RG,3880,18,D,NI,NI,D
10:04:56,JSMR,RG,3880,2,D,NI,ZP,F
10:01:50,JSMR,RG,3880,1,D,NI,ZP,F
10:01:49,JSMR,RG,3880,1,D,NI,AK,F
10:01:49,JSMR,RG,3880,4,D,NI,YP,D
10:01:49,JSMR,RG,3880,10,D,NI,XL,D
10:01:49,JSMR,RG,3880,1,D,NI,ZP,F
10:01:49,JSMR,RG,3880,1,D,NI,XL,D
10:01:49,JSMR,RG,3880,2,D,NI,BK,F
10:01:25,JSMR,RG,3880,12,D,XL,BK,F
10:01:17,JSMR,RG,3880,1,D,XC,BK,F
10:01:10,JSMR,RG,3880,1,D,GR,BK,F
10:00:17,JSMR,RG,3870,1,D,YP,ZP,F
9:59:33,JSMR,RG,3880,10,D,CC,BK,F
9:58:53,JSMR,RG,3880,1,D,LG,BK,F
9:58:53,JSMR,RG,3880,2,D,LG,ZP,F
9:58:53,JSMR,RG,3880,2,D,LG,XC,D
9:58:13,JSMR,RG,3880,2,D,YU,XC,D
9:57:44,JSMR,RG,3870,1,D,YP,ZP,F
9:57:44,JSMR,RG,3880,1,D,PD,XC,D
9:57:44,JSMR,RG,3880,1,F,BK,XC,D
9:57:44,JSMR,RG,3880,2,D,XC,XC,D
9:57:44,JSMR,RG,3880,2,D,KK,XC,D
9:57:44,JSMR,RG,3880,13,D,NI,XC,D
9:57:22,JSMR,RG,3880,2,D,NI,ZP,F
9:56:32,JSMR,RG,3890,1,D,XC,XC,D
9:55:23,JSMR,RG,3880,3,D,NI,LG,D
9:55:22,JSMR,RG,3880,2,D,NI,ZP,F
9:54:16,JSMR,RG,3880,1,D,NI,ZP,F
9:53:25,JSMR,RG,3880,9,D,NI,KK,D
9:53:25,JSMR,RG,3880,1,D,KK,KK,D
9:52:20,JSMR,RG,3880,2,D,KK,ZP,F
9:51:00,JSMR,RG,3880,14,D,KK,GR,D
9:50:36,JSMR,RG,3880,4,D,KK,EP,D
9:50:20,JSMR,RG,3880,1,D,KK,ZP,F
9:50:05,JSMR,RG,3880,28,D,KK,CC,D
9:50:05,JSMR,RG,3880,1,D,KK,CC,D
9:50:05,JSMR,RG,3880,1,D,NI,CC,D
9:49:39,JSMR,RG,3880,3,D,NI,ZP,F
9:49:25,JSMR,RG,3890,1,D,XL,XC,D
9:47:30,JSMR,RG,3880,2,D,NI,ZP,F
9:47:11,JSMR,RG,3890,3,D,YU,XC,D
9:46:39,JSMR,RG,3880,4,D,NI,HP,D
9:46:39,JSMR,RG,3880,2,D,NI,HP,D
9:46:39,JSMR,RG,3880,1,D,PD,HP,D
9:46:39,JSMR,RG,3880,10,D,OD,HP,D
9:46:39,JSMR,RG,3880,1,D,LG,HP,D
9:46:39,JSMR,RG,3880,2,D,CC,HP,D
9:46:20,JSMR,RG,3880,1,D,CC,XL,D
9:46:20,JSMR,RG,3880,1,D,YP,XL,D
9:45:27,JSMR,RG,3880,2,D,YP,ZP,F
9:45:09,JSMR,RG,3890,2,D,XL,XC,D
9:44:51,JSMR,RG,3880,7,D,YP,XC,D
9:44:51,JSMR,RG,3880,2,D,YU,XC,D
9:44:51,JSMR,RG,3880,1,D,YP,XC,D
9:44:40,JSMR,RG,3880,2,D,XC,PD,D
9:43:50,JSMR,RG,3890,1,D,SQ,ZP,F
9:42:24,JSMR,RG,3890,2,D,LG,AK,F
9:42:24,JSMR,RG,3890,2,D,CC,AK,F
9:42:18,JSMR,RG,3890,10,D,CC,DR,D
9:42:18,JSMR,RG,3890,1,D,CC,DR,D
9:42:18,JSMR,RG,3890,5,D,OD,DR,D
9:42:08,JSMR,RG,3890,1,D,CC,ZP,F
9:42:08,JSMR,RG,3890,1,D,CC,ZP,F
9:41:01,JSMR,RG,3900,1,D,XC,AK,F
9:40:25,JSMR,RG,3900,25,D,KK,AK,F
9:40:25,JSMR,RG,3900,22,D,KK,AK,F
9:40:25,JSMR,RG,3900,1,D,KK,ZP,F
9:40:25,JSMR,RG,3900,1,D,KK,ZP,F
9:39:58,JSMR,RG,3900,1,D,KK,YP,D
9:39:28,JSMR,RG,3900,1,D,KK,XL,D
9:39:17,JSMR,RG,3900,1,D,KK,ZP,F
9:39:17,JSMR,RG,3900,3,D,KK,PD,D
9:39:17,JSMR,RG,3900,1,D,KK,AK,F
9:39:17,JSMR,RG,3900,10,D,KK,YP,D
9:39:17,JSMR,RG,3900,1,D,KK,ZP,F
9:39:17,JSMR,RG,3900,6,D,KK,XC,D
9:39:17,JSMR,RG,3900,2,D,KK,BK,F
9:37:24,JSMR,RG,3900,9,D,OD,BK,F
9:37:24,JSMR,RG,3900,1,D,OD,ZP,F
9:37:08,JSMR,RG,3890,2,D,CC,ZP,F
9:33:51,JSMR,RG,3900,1,D,YP,AK,F
9:33:51,JSMR,RG,3900,17,D,YP,BK,F
9:33:51,JSMR,RG,3900,3,D,YP,ZP,F
9:33:51,JSMR,RG,3900,2,D,YP,YP,D
9:33:51,JSMR,RG,3900,2,D,YP,CC,F
9:33:23,JSMR,RG,3890,1,D,CC,PD,D
9:33:23,JSMR,RG,3890,1,D,SQ,PD,D
9:33:15,JSMR,RG,3890,1,D,SQ,YB,D
9:33:15,JSMR,RG,3890,1,D,LG,YB,D
9:32:53,JSMR,RG,3890,1,D,LG,ZP,F
9:32:26,JSMR,RG,3890,1,D,LG,PD,D
9:31:10,JSMR,RG,3900,1,F,BK,AK,F
9:31:10,JSMR,RG,3900,67,D,NI,AK,F
9:30:24,JSMR,RG,3900,1,D,NI,ZP,F
9:30:24,JSMR,RG,3900,1,D,NI,ZP,F
9:30:24,JSMR,RG,3900,1,D,NI,AK,F
9:30:24,JSMR,RG,3900,1,D,NI,OD,F
9:30:24,JSMR,RG,3900,1,D,NI,AK,F
9:30:24,JSMR,RG,3900,24,D,NI,BK,F
9:30:24,JSMR,RG,3900,1,D,NI,ZP,F
9:30:24,JSMR,RG,3900,3,D,NI,XL,D
9:28:30,JSMR,RG,3890,1,D,LG,AK,F
9:28:30,JSMR,RG,3890,8,D,LG,AK,F
9:28:29,JSMR,RG,3890,24,D,LG,BK,F
9:28:28,JSMR,RG,3890,1,D,LG,AK,F
9:28:28,JSMR,RG,3890,1,D,LG,ZP,F
9:28:28,JSMR,RG,3890,1,D,LG,AK,F
9:28:28,JSMR,RG,3890,12,D,LG,BK,F
9:28:28,JSMR,RG,3890,32,D,LG,BK,F
9:28:28,JSMR,RG,3890,2,D,LG,ZP,F
9:28:28,JSMR,RG,3890,15,D,LG,KK,D
9:28:25,JSMR,RG,3880,20,D,XC,XC,D
9:28:25,JSMR,RG,3890,1,D,XL,KK,D
9:27:12,JSMR,RG,3880,2,D,XC,ZP,F
9:24:49,JSMR,RG,3880,2,D,XC,ZP,F
9:24:15,JSMR,RG,3880,8,D,XC,CC,D
9:23:23,JSMR,RG,3880,4,D,XC,OD,D
9:23:23,JSMR,RG,3880,5,D,YP,OD,D
9:23:23,JSMR,RG,3880,1,D,YP,OD,D
9:22:57,JSMR,RG,3880,1,D,CC,ZP,F
9:22:57,JSMR,RG,3880,1,D,YP,ZP,F
9:22:06,JSMR,RG,3890,1,D,YP,KK,D
9:20:46,JSMR,RG,3880,1,D,YP,ZP,F
9:20:45,JSMR,RG,3890,2,D,YP,KK,D
9:20:45,JSMR,RG,3890,5,D,XC,KK,D
9:20:45,JSMR,RG,3890,2,D,YU,KK,D
9:20:45,JSMR,RG,3890,1,F,BK,KK,D
9:20:45,JSMR,RG,3890,1,D,XL,KK,D
9:20:45,JSMR,RG,3890,2,D,PD,KK,D
9:20:19,JSMR,RG,3890,1,D,PD,ZP,F
9:18:55,JSMR,RG,3890,1,D,PD,ZP,F
9:18:54,JSMR,RG,3900,1,D,XC,ZP,F
9:18:16,JSMR,RG,3900,1,D,YP,YP,D
9:16:49,JSMR,RG,3900,1,D,YP,AK,F
9:16:46,JSMR,RG,3900,1,D,YP,AK,F
9:16:40,JSMR,RG,3900,1,D,YP,ZP,F
9:15:48,JSMR,RG,3910,2,D,BS,CC,D
9:15:48,JSMR,RG,3910,42,D,BS,KK,D
9:15:48,JSMR,RG,3900,1,D,BS,PD,D
9:15:48,JSMR,RG,3900,16,D,BS,DX,F
9:15:48,JSMR,RG,3900,1,D,BS,ZP,F
9:15:48,JSMR,RG,3900,4,D,BS,CC,D
9:15:48,JSMR,RG,3900,34,D,BS,BK,F
9:15:09,JSMR,RG,3890,1,D,PD,ZP,F
9:15:09,JSMR,RG,3890,1,D,YP,ZP,F
9:13:07,JSMR,RG,3900,1,D,XC,CC,F
9:12:21,JSMR,RG,3900,2,D,BS,AK,F
9:12:21,JSMR,RG,3900,5,D,BS,AK,F
9:12:20,JSMR,RG,3900,1,D,BS,AK,F
9:12:19,JSMR,RG,3900,10,D,BS,CC,D
9:12:19,JSMR,RG,3900,3,D,BS,EP,D
9:12:19,JSMR,RG,3900,1,D,BS,DH,D
9:12:19,JSMR,RG,3890,1,D,BS,ZP,F
9:12:19,JSMR,RG,3890,6,D,BS,AK,F
9:12:19,JSMR,RG,3890,35,D,BS,BK,F
9:12:19,JSMR,RG,3890,136,D,BS,YP,D
9:11:30,JSMR,RG,3880,24,D,OD,BK,F
9:11:30,JSMR,RG,3880,4,D,OD,XC,D
9:11:30,JSMR,RG,3880,2,D,OD,ZP,F
9:11:30,JSMR,RG,3880,12,D,OD,BK,F
9:11:30,JSMR,RG,3880,1,D,OD,ZP,F
9:11:30,JSMR,RG,3880,1,D,OD,CC,F
9:11:30,JSMR,RG,3880,6,D,OD,BK,F
9:11:04,JSMR,RG,3870,1,D,YP,ZP,F
9:11:03,JSMR,RG,3880,1,D,PD,BK,F
9:10:43,JSMR,RG,3880,3,D,YP,BK,F
9:09:49,JSMR,RG,3880,10,D,GR,BK,F
9:09:38,JSMR,RG,3870,2,D,YP,XL,D
9:09:09,JSMR,RG,3870,1,F,AK,ZP,F
9:09:08,JSMR,RG,3870,1,D,YP,ZP,F
9:09:02,JSMR,RG,3880,15,D,YP,BK,F
9:09:02,JSMR,RG,3880,14,D,YP,BK,F
9:09:02,JSMR,RG,3880,1,D,YP,AK,F
9:08:12,JSMR,RG,3870,80,F,AK,DR,D
9:08:11,JSMR,RG,3870,215,F,BK,DR,D
9:08:11,JSMR,RG,3870,3,D,YP,DR,D
9:08:11,JSMR,RG,3870,2,D,SQ,DR,D
9:07:33,JSMR,RG,3870,2,D,SQ,XC,D
9:07:28,JSMR,RG,3870,1,D,SQ,HP,D
9:07:13,JSMR,RG,3870,5,D,SQ,AK,F
9:07:13,JSMR,RG,3870,2,D,CC,AK,F
9:07:12,JSMR,RG,3870,4,D,YP,NI,D
9:07:12,JSMR,RG,3870,11,D,PD,NI,D
9:06:15,JSMR,RG,3870,15,D,PD,NI,D
9:06:15,JSMR,RG,3870,5,D,NI,NI,D
9:06:15,JSMR,RG,3870,5,D,HP,NI,D
9:06:12,JSMR,RG,3880,2,D,YP,AK,F
9:06:01,JSMR,RG,3880,21,D,YP,AK,F
9:06:01,JSMR,RG,3880,1,D,YP,ZP,F
9:05:54,JSMR,RG,3880,8,D,EP,AK,F
9:05:54,JSMR,RG,3880,78,D,PD,AK,F
9:05:54,JSMR,RG,3880,1,D,HP,AK,F
9:05:54,JSMR,RG,3880,1,D,HP,ZP,F
9:05:53,JSMR,RG,3890,2,D,YP,YP,D
9:05:53,JSMR,RG,3890,32,D,YP,YP,D
9:05:11,JSMR,RG,3890,1,D,YP,ZP,F
9:05:11,JSMR,RG,3890,5,D,YP,AK,F
9:05:10,JSMR,RG,3890,2,D,YP,PD,D
9:05:09,JSMR,RG,3890,1,D,YP,KK,D
9:05:06,JSMR,RG,3890,1,D,YP,YP,D
9:04:55,JSMR,RG,3890,5,D,YP,AR,D
9:04:42,JSMR,RG,3890,3,D,YP,XC,D
9:04:42,JSMR,RG,3890,2,D,EP,XC,D
9:04:30,JSMR,RG,3890,3,D,EP,XL,D
9:04:11,JSMR,RG,3890,1,D,EP,ZP,F
9:04:11,JSMR,RG,3890,2,D,EP,ZP,F
9:04:11,JSMR,RG,3900,1,D,CC,AK,F
9:04:11,JSMR,RG,3900,5,D,XC,AK,F
9:04:11,JSMR,RG,3900,20,D,XC,AK,F
9:04:11,JSMR,RG,3900,1,D,DR,AK,F
9:04:11,JSMR,RG,3900,30,D,KK,AK,F
9:04:11,JSMR,RG,3900,5,D,PD,AK,F
9:04:11,JSMR,RG,3900,1,D,YJ,AK,F
9:04:11,JSMR,RG,3900,26,D,PD,AK,F
9:04:11,JSMR,RG,3900,20,D,HP,AK,F
9:04:11,JSMR,RG,3900,1,D,ZP,AK,F
9:04:11,JSMR,RG,3900,4,D,EP,AK,F
9:03:14,JSMR,RG,3900,2,D,EP,ZP,F
9:02:08,JSMR,RG,3900,1,D,EP,XL,D
9:01:31,JSMR,RG,3910,3,D,YP,KK,D
9:01:13,JSMR,RG,3910,25,D,YP,KK,D
9:01:05,JSMR,RG,3910,2,D,XC,KK,D
9:01:05,JSMR,RG,3910,3,D,EP,KK,D
9:01:02,JSMR,RG,3910,1,D,EP,KK,D
9:00:15,JSMR,RG,3910,2,D,EP,AK,F
9:00:10,JSMR,RG,3910,1,D,EP,PD,D
9:00:06,JSMR,RG,3910,1,D,EP,PD,D
9:00:02,JSMR,RG,3900,1,D,EP,YP,D
