Time,Stock,Brd,Price,Qty,BT,BC,SC,ST
15:14:57,MYOR,RG,2300,1,F,CS,CC,D
15:14:52,MYOR,RG,2300,10,D,CC,CC,D
15:14:36,MYOR,RG,2300,2,F,CS,CC,D
15:14:29,MYOR,RG,2300,5,D,CC,CC,D
15:14:28,MYOR,RG,2300,5,D,GR,CC,D
15:14:28,MYOR,RG,2300,1,D,XC,CC,D
15:13:44,MYOR,RG,2300,1,F,CS,CC,D
15:13:34,MYOR,RG,2300,2,D,PD,CC,D
15:13:24,MYOR,RG,2300,2,F,CS,CC,D
15:13:23,MYOR,RG,2300,11,F,CS,CC,D
15:13:17,MYOR,RG,2300,72,F,CS,CC,D
15:13:17,MYOR,RG,2300,1,F,CS,CC,D
15:13:16,MYOR,RG,2300,450,D,NI,CC,D
15:13:13,MYOR,RG,2300,1,F,CS,CC,D
15:13:07,MYOR,RG,2300,5,D,XC,CC,D
15:13:04,MYOR,RG,2300,2,D,YB,CC,D
15:11:39,MYOR,RG,2300,2,F,CS,CC,D
15:11:37,MYOR,RG,2300,12,D,YP,CC,D
15:10:57,MYOR,RG,2300,1,F,CS,CC,D
15:10:55,MYOR,RG,2300,5,D,GR,CC,D
15:10:47,MYOR,RG,2300,1,F,CS,CC,D
15:10:39,MYOR,RG,2300,3,D,PD,CC,D
15:10:16,MYOR,RG,2300,1,F,CS,CC,D
15:10:05,MYOR,RG,2300,10,F,CS,CC,D
15:09:58,MYOR,RG,2300,50,D,NI,CC,D
15:09:56,MYOR,RG,2300,10,D,GR,CC,D
15:09:45,MYOR,RG,2300,1,F,CS,CC,D
15:09:34,MYOR,RG,2300,6,F,CS,CC,D
15:09:27,MYOR,RG,2300,10,D,CC,CC,D
15:09:24,MYOR,RG,2300,24,D,XC,CC,D
15:09:03,MYOR,RG,2300,2,F,CS,CC,D
15:08:53,MYOR,RG,2300,11,F,CS,CC,D
15:08:52,MYOR,RG,2300,1,F,CS,CC,D
15:08:52,MYOR,RG,2300,51,D,KK,CC,D
15:08:52,MYOR,RG,2300,15,D,KK,GI,D
15:08:52,MYOR,RG,2300,4,D,KK,XC,D
15:08:50,MYOR,RG,2300,4,D,PD,XC,D
15:07:41,MYOR,RG,2300,1,D,XC,XC,D
15:06:06,MYOR,RG,2300,4,F,CS,XC,D
15:06:02,MYOR,RG,2300,14,D,XC,XC,D
15:06:02,MYOR,RG,2300,5,D,XC,PD,D
15:06:02,MYOR,RG,2300,1,D,XC,DH,D
15:05:56,MYOR,RG,2300,2,F,CS,DR,D
15:05:54,MYOR,RG,2300,11,D,EP,DR,D
15:05:14,MYOR,RG,2300,2,F,CS,DR,D
15:05:12,MYOR,RG,2300,5,D,YP,DR,D
15:05:12,MYOR,RG,2300,5,D,YP,GR,D
15:05:05,MYOR,RG,2300,1,D,YP,GR,D
15:05:04,MYOR,RG,2300,2,F,CS,GR,D
15:05:03,MYOR,RG,2300,1,D,YP,GR,D
15:05:02,MYOR,RG,2300,1,D,PD,GR,D
15:05:02,MYOR,RG,2300,4,D,PD,YP,D
15:05:01,MYOR,RG,2300,1,D,PD,YP,D
15:05:01,MYOR,RG,2300,1,D,PD,YP,D
15:05:01,MYOR,RG,2300,1,D,XC,YP,D
15:00:00,MYOR,RG,2300,1,D,NI,YP,D
15:00:00,MYOR,RG,2300,2,D,PD,YP,D
15:00:00,MYOR,RG,2300,15,D,YP,YP,D
15:00:00,MYOR,RG,2300,25,D,YP,YP,D
15:00:00,MYOR,RG,2300,10,D,YP,PD,D
15:00:00,MYOR,RG,2300,15,D,YP,CC,D
15:00:00,MYOR,RG,2300,20,D,PD,CC,D
15:00:00,MYOR,RG,2300,1,D,YP,CC,D
15:00:00,MYOR,RG,2300,100,D,NI,CC,D
15:00:00,MYOR,RG,2300,1,D,GR,CC,D
15:00:00,MYOR,RG,2300,21,D,YP,CC,D
15:00:00,MYOR,RG,2300,8,D,KK,CC,D
15:00:00,MYOR,RG,2300,2,D,KK,CC,D
15:00:00,MYOR,RG,2300,10,D,CC,CC,D
15:00:00,MYOR,RG,2300,50,D,YP,CC,D
15:00:00,MYOR,RG,2300,40,D,DR,CC,D
15:00:00,MYOR,RG,2300,50,D,GR,CC,D
15:00:00,MYOR,RG,2300,50,D,CC,CC,D
15:00:00,MYOR,RG,2300,500,D,CC,CC,D
15:00:00,MYOR,RG,2300,2,D,NI,CC,D
15:00:00,MYOR,RG,2300,40,D,CC,CC,D
15:00:00,MYOR,RG,2300,2,D,SQ,CC,D
15:00:00,MYOR,RG,2300,3,D,PD,CC,D
15:00:00,MYOR,RG,2300,3,D,PD,RF,D
15:00:00,MYOR,RG,2300,9,D,PD,RF,D
15:00:00,MYOR,RG,2300,10,D,GR,RF,D
15:00:00,MYOR,RG,2300,2,D,NI,RF,D
15:00:00,MYOR,RG,2300,1,D,DR,RF,D
15:00:00,MYOR,RG,2300,17,D,YP,RF,D
15:00:00,MYOR,RG,2300,100,D,CC,RF,D
15:00:00,MYOR,RG,2300,72,D,CC,RF,D
15:00:00,MYOR,RG,2300,1,D,NI,RF,D
15:00:00,MYOR,RG,2300,1,D,NI,RF,D
15:00:00,MYOR,RG,2300,10,D,YP,RF,D
15:00:00,MYOR,RG,2300,3,D,CC,RF,D
15:00:00,MYOR,RG,2300,7,D,XC,RF,D
15:00:00,MYOR,RG,2300,2,D,CC,RF,D
15:00:00,MYOR,RG,2300,3,D,YP,RF,D
15:00:00,MYOR,RG,2300,15,D,YP,RF,D
15:00:00,MYOR,RG,2300,330,D,YU,RF,D
15:00:00,MYOR,RG,2300,5,D,YP,RF,D
15:00:00,MYOR,RG,2300,95,D,YP,YU,D
15:00:00,MYOR,RG,2300,178,F,BK,YU,D
15:00:00,MYOR,RG,2300,2,D,OD,YU,D
15:00:00,MYOR,RG,2300,1,D,XC,YU,D
15:00:00,MYOR,RG,2300,625,F,CS,YU,D
14:49:55,MYOR,RG,2300,1,D,PD,PD,D
14:49:49,MYOR,RG,2310,23,F,BK,DR,D
14:49:49,MYOR,RG,2310,9,F,BK,PD,D
14:49:47,MYOR,RG,2300,18,F,CS,RF,D
14:49:47,MYOR,RG,2300,46,F,CS,RF,D
14:49:47,MYOR,RG,2300,13,D,XC,RF,D
14:49:47,MYOR,RG,2300,163,F,BK,RF,D
14:49:47,MYOR,RG,2300,3,D,KK,RF,D
14:49:47,MYOR,RG,2300,6,F,CS,RF,D
14:49:47,MYOR,RG,2300,112,F,CS,RF,D
14:49:47,MYOR,RG,2300,1,D,CC,RF,D
14:49:47,MYOR,RG,2300,25,D,CC,RF,D
14:49:47,MYOR,RG,2300,3,D,DH,RF,D
14:49:47,MYOR,RG,2300,30,D,YP,RF,D
14:49:47,MYOR,RG,2300,21,D,AT,RF,D
14:49:47,MYOR,RG,2300,4,D,HP,RF,D
14:49:47,MYOR,RG,2300,55,F,CS,RF,D
14:49:45,MYOR,RG,2310,1,D,IF,PD,D
14:49:45,MYOR,RG,2310,4,D,IF,XC,D
14:49:45,MYOR,RG,2310,4,D,IF,NI,D
14:49:39,MYOR,RG,2310,4,F,BK,NI,D
14:49:33,MYOR,RG,2310,11,D,RX,NI,D
14:49:33,MYOR,RG,2310,7,D,RX,NI,D
14:49:33,MYOR,RG,2310,23,D,RX,NI,D
14:49:33,MYOR,RG,2310,11,D,RX,NI,D
14:49:33,MYOR,RG,2310,8,D,RX,LG,D
14:49:28,MYOR,RG,2310,1,D,PD,LG,D
14:49:24,MYOR,RG,2310,4,D,RX,LG,D
14:49:23,MYOR,RG,2310,2,F,BK,LG,D
14:49:23,MYOR,RG,2310,2,D,RX,LG,D
14:49:21,MYOR,RG,2310,9,D,RX,LG,D
14:49:21,MYOR,RG,2310,8,D,RX,LG,D
14:49:13,MYOR,RG,2310,4,D,RX,LG,D
14:49:12,MYOR,RG,2310,2,D,RX,LG,D
14:49:06,MYOR,RG,2310,8,D,RX,LG,D
14:49:05,MYOR,RG,2310,2,D,RX,LG,D
14:49:05,MYOR,RG,2310,4,D,RX,XC,D
14:48:58,MYOR,RG,2310,19,D,CC,PD,D
14:48:58,MYOR,RG,2310,3,D,RX,PD,D
14:48:58,MYOR,RG,2310,2,D,RX,PD,D
14:48:52,MYOR,RG,2310,3,D,PD,PD,D
14:48:52,MYOR,RG,2310,3,D,RX,PD,D
14:48:52,MYOR,RG,2310,2,D,RX,YB,D
14:48:51,MYOR,RG,2310,2,D,RX,YB,D
14:48:51,MYOR,RG,2310,3,D,RX,CC,D
14:48:47,MYOR,RG,2310,4,D,RX,CC,D
14:48:45,MYOR,RG,2310,3,D,RX,CC,D
14:48:42,MYOR,RG,2300,1,D,RX,AK,F
14:48:42,MYOR,RG,2310,10,F,BK,CC,D
14:48:41,MYOR,RG,2310,4,D,RX,PD,D
14:48:41,MYOR,RG,2310,2,D,RX,XC,D
14:48:40,MYOR,RG,2310,1,D,RX,XC,D
14:48:40,MYOR,RG,2310,1,D,RX,PD,D
14:48:40,MYOR,RG,2310,1,D,RX,PD,D
14:48:40,MYOR,RG,2310,2,D,RX,EP,D
14:48:40,MYOR,RG,2310,1,D,RX,XC,D
14:48:40,MYOR,RG,2310,1,D,RX,NI,D
14:48:38,MYOR,RG,2310,2,F,BK,NI,D
14:48:38,MYOR,RG,2310,30,F,BK,XC,D
14:48:38,MYOR,RG,2310,3,F,BK,CC,D
14:48:36,MYOR,RG,2310,22,F,CS,CC,D
14:48:36,MYOR,RG,2310,5,F,CS,XC,D
14:48:36,MYOR,RG,2310,130,F,CS,DX,D
14:48:35,MYOR,RG,2310,85,D,PD,DX,D
14:48:35,MYOR,RG,2310,14,D,PD,DX,D
14:48:35,MYOR,RG,2310,85,D,PD,DX,D
14:48:35,MYOR,RG,2310,14,D,PD,DX,D
14:48:35,MYOR,RG,2310,170,D,PD,DX,D
14:48:35,MYOR,RG,2310,2,D,PD,DX,D
14:48:35,MYOR,RG,2310,5,D,PD,YP,D
14:48:35,MYOR,RG,2310,8,D,PD,XC,D
14:48:35,MYOR,RG,2310,11,D,PD,XC,D
14:48:34,MYOR,RG,2310,8,D,RX,XC,D
14:48:29,MYOR,RG,2310,5,D,RX,XC,D
14:48:29,MYOR,RG,2310,2,D,RX,XC,D
14:48:29,MYOR,RG,2310,8,D,RX,XC,D
14:48:24,MYOR,RG,2310,4,D,NI,XC,D
14:48:16,MYOR,RG,2310,6,D,RX,XC,D
14:48:15,MYOR,RG,2310,2,D,RX,XC,D
14:48:15,MYOR,RG,2310,7,D,RX,XC,D
14:48:11,MYOR,RG,2310,2,D,KK,XC,D
14:48:08,MYOR,RG,2310,3,D,RX,XC,D
14:48:06,MYOR,RG,2310,1,D,RX,XC,D
14:48:04,MYOR,RG,2310,3,D,RX,XC,D
14:48:03,MYOR,RG,2310,2,D,RX,XC,D
14:48:02,MYOR,RG,2310,3,D,RX,XC,D
14:48:01,MYOR,RG,2310,7,D,RX,XC,D
14:48:01,MYOR,RG,2310,1,D,RX,XC,D
14:47:51,MYOR,RG,2310,5,D,RX,XC,D
14:47:51,MYOR,RG,2310,2,D,RX,PD,D
14:47:50,MYOR,RG,2310,4,D,RX,PD,D
14:47:49,MYOR,RG,2310,4,D,RX,PD,D
14:47:49,MYOR,RG,2310,7,D,RX,NI,D
14:47:48,MYOR,RG,2310,2,D,RX,NI,D
14:47:47,MYOR,RG,2310,10,D,DR,NI,D
14:47:41,MYOR,RG,2310,20,D,PD,NI,D
14:47:38,MYOR,RG,2310,4,D,RX,NI,D
14:47:36,MYOR,RG,2310,6,D,RX,NI,D
14:47:34,MYOR,RG,2300,5,D,RX,NI,D
14:47:32,MYOR,RG,2310,3,D,RX,NI,D
14:47:32,MYOR,RG,2310,4,D,DR,NI,D
14:47:30,MYOR,RG,2310,6,D,DR,NI,D
14:47:24,MYOR,RG,2310,4,D,RX,NI,D
14:47:22,MYOR,RG,2310,6,D,RX,NI,D
14:47:20,MYOR,RG,2310,9,D,RX,NI,D
14:47:17,MYOR,RG,2310,2,D,RX,NI,D
14:47:10,MYOR,RG,2310,2,D,RX,NI,D
14:47:10,MYOR,RG,2310,2,D,RX,XC,D
14:47:10,MYOR,RG,2310,9,D,RX,SQ,D
14:47:05,MYOR,RG,2310,8,D,RX,SQ,D
14:47:04,MYOR,RG,2310,3,D,RX,SQ,D
14:46:59,MYOR,RG,2310,5,D,RX,SQ,D
14:46:56,MYOR,RG,2310,6,D,RX,SQ,D
14:46:54,MYOR,RG,2310,9,D,RX,SQ,D
14:46:53,MYOR,RG,2310,3,D,RX,SQ,D
14:46:45,MYOR,RG,2310,6,D,TP,SQ,D
14:46:45,MYOR,RG,2310,4,D,RX,SQ,D
14:46:42,MYOR,RG,2310,5,D,RX,SQ,D
14:46:40,MYOR,RG,2310,7,D,RX,SQ,D
14:46:38,MYOR,RG,2310,2,D,RX,SQ,D
14:46:34,MYOR,RG,2310,4,D,RX,SQ,D
14:46:31,MYOR,RG,2310,5,D,RX,SQ,D
14:46:27,MYOR,RG,2310,7,D,RX,SQ,D
14:46:23,MYOR,RG,2310,2,D,RX,SQ,D
14:46:20,MYOR,RG,2310,9,D,RX,SQ,D
14:46:19,MYOR,RG,2310,4,D,RX,SQ,D
14:46:13,MYOR,RG,2310,10,D,RX,SQ,D
14:46:09,MYOR,RG,2310,2,D,RX,SQ,D
14:46:03,MYOR,RG,2310,7,D,RX,SQ,D
14:46:03,MYOR,RG,2310,5,D,RX,SQ,D
14:45:57,MYOR,RG,2310,7,D,RX,SQ,D
14:45:56,MYOR,RG,2310,2,D,RX,SQ,D
14:45:47,MYOR,RG,2310,6,D,RX,SQ,D
14:45:47,MYOR,RG,2310,5,D,RX,SQ,D
14:45:45,MYOR,RG,2310,9,D,RX,SQ,D
14:45:45,MYOR,RG,2310,3,D,RX,SQ,D
14:45:34,MYOR,RG,2310,8,D,RX,SQ,D
14:45:34,MYOR,RG,2310,4,D,RX,SQ,D
14:45:32,MYOR,RG,2310,10,D,RX,SQ,D
14:45:32,MYOR,RG,2310,3,D,RX,SQ,D
14:45:24,MYOR,RG,2310,4,D,DR,SQ,D
14:45:21,MYOR,RG,2310,10,D,RX,SQ,D
14:45:21,MYOR,RG,2300,6,D,RX,YJ,D
14:45:21,MYOR,RG,2300,2,D,XC,YJ,D
14:45:21,MYOR,RG,2300,95,F,BK,YJ,D
14:45:21,MYOR,RG,2300,36,F,CS,YJ,D
14:45:21,MYOR,RG,2300,61,D,NI,YJ,D
14:45:19,MYOR,RG,2310,10,D,RX,SQ,D
14:45:15,MYOR,RG,2310,11,F,BK,SQ,D
14:45:15,MYOR,RG,2310,4,D,RX,SQ,D
14:45:14,MYOR,RG,2310,7,D,RX,SQ,D
14:45:13,MYOR,RG,2300,1,D,NI,PD,D
14:45:13,MYOR,RG,2300,5,D,NI,KK,D
14:45:13,MYOR,RG,2300,1,D,NI,NI,D
14:45:13,MYOR,RG,2300,20,D,NI,OD,D
14:45:13,MYOR,RG,2300,37,D,NI,PD,D
14:45:01,MYOR,RG,2300,7,D,RX,PD,D
14:45:00,MYOR,RG,2300,1,D,RX,PD,D
14:44:48,MYOR,RG,2290,3,D,PD,CC,D
14:44:48,MYOR,RG,2290,2,D,PD,CC,D
14:44:48,MYOR,RG,2290,5,D,GR,CC,D
14:44:48,MYOR,RG,2290,2,D,AT,CC,D
14:44:40,MYOR,RG,2300,8,D,RX,PD,D
14:44:37,MYOR,RG,2300,1,D,RX,PD,D
14:44:36,MYOR,RG,2300,4,D,RX,PD,D
14:44:30,MYOR,RG,2300,4,D,RX,PD,D
14:44:16,MYOR,RG,2300,3,D,RX,PD,D
14:44:12,MYOR,RG,2300,6,D,RX,PD,D
14:44:12,MYOR,RG,2300,6,D,RX,PD,D
14:44:11,MYOR,RG,2300,5,D,PD,PD,D
14:44:08,MYOR,RG,2300,3,D,RX,PD,D
14:43:55,MYOR,RG,2300,5,D,CC,PD,D
14:43:53,MYOR,RG,2300,10,F,BK,PD,D
14:43:50,MYOR,RG,2300,4,D,RX,PD,D
14:43:48,MYOR,RG,2300,1,D,RX,PD,D
14:43:47,MYOR,RG,2300,5,D,RX,PD,D
14:43:42,MYOR,RG,2300,2,D,RX,PD,D
14:43:39,MYOR,RG,2300,4,D,DR,PD,D
14:43:34,MYOR,RG,2300,9,F,BK,PD,D
14:43:31,MYOR,RG,2300,64,F,BK,PD,D
14:43:30,MYOR,RG,2300,11,D,PD,PD,D
14:43:30,MYOR,RG,2300,10,D,PD,PD,D
14:43:30,MYOR,RG,2300,1,D,PD,NI,D
14:43:30,MYOR,RG,2300,63,D,PD,YP,D
14:43:30,MYOR,RG,2300,14,D,PD,YP,D
14:43:30,MYOR,RG,2300,14,D,DR,YP,D
14:43:30,MYOR,RG,2300,15,D,DR,CC,D
14:43:30,MYOR,RG,2300,200,D,DR,PD,D
14:43:30,MYOR,RG,2300,71,D,DR,LG,D
14:43:29,MYOR,RG,2300,100,D,YP,LG,D
14:43:28,MYOR,RG,2300,10,D,YP,LG,D
14:43:25,MYOR,RG,2300,100,D,GR,LG,D
14:43:18,MYOR,RG,2300,9,F,BK,LG,D
14:43:17,MYOR,RG,2300,21,D,DR,LG,D
14:43:13,MYOR,RG,2300,5,D,PD,LG,D
14:43:10,MYOR,RG,2300,11,F,BK,LG,D
14:43:07,MYOR,RG,2300,85,D,PD,LG,D
14:43:07,MYOR,RG,2300,14,D,PD,LG,D
14:43:06,MYOR,RG,2300,2,D,DR,LG,D
14:43:06,MYOR,RG,2300,11,F,BK,LG,D
14:43:05,MYOR,RG,2300,100,D,CC,LG,D
14:43:00,MYOR,RG,2300,4,D,AZ,LG,D
14:42:53,MYOR,RG,2300,10,F,BK,LG,D
14:42:51,MYOR,RG,2300,50,D,CC,LG,D
14:42:47,MYOR,RG,2300,3,D,DH,LG,D
14:42:44,MYOR,RG,2300,11,F,BK,LG,D
14:42:42,MYOR,RG,2300,47,F,BK,LG,D
14:42:41,MYOR,RG,2300,50,D,RX,LG,D
14:42:40,MYOR,RG,2300,145,D,RX,LG,D
14:42:40,MYOR,RG,2300,33,D,RX,LG,D
14:42:40,MYOR,RG,2300,10,D,RX,YP,D
14:42:40,MYOR,RG,2300,14,D,RX,OD,D
14:42:40,MYOR,RG,2300,6,D,RX,OD,D
14:42:40,MYOR,RG,2300,194,D,RX,RF,D
14:42:21,MYOR,RG,2300,10,F,BK,RF,D
14:42:17,MYOR,RG,2300,100,D,CC,RF,D
14:42:15,MYOR,RG,2300,51,D,EP,RF,D
14:42:13,MYOR,RG,2300,4,D,YP,RF,D
14:42:00,MYOR,RG,2300,1,F,CS,RF,D
14:42:00,MYOR,RG,2300,152,F,CS,RF,D
14:42:00,MYOR,RG,2300,187,F,CS,RF,D
14:42:00,MYOR,RG,2300,30,F,CS,RF,D
14:41:59,MYOR,RG,2300,50,D,CC,RF,D
14:41:59,MYOR,RG,2300,195,D,EP,RF,D
14:41:59,MYOR,RG,2300,46,F,CS,RF,D
14:41:59,MYOR,RG,2300,66,F,BK,RF,D
14:41:59,MYOR,RG,2300,5,F,BK,OD,D
14:41:45,MYOR,RG,2300,6,F,BK,BK,F
14:41:44,MYOR,RG,2300,18,F,CS,CC,D
14:41:44,MYOR,RG,2300,20,F,CS,EP,D
14:41:44,MYOR,RG,2300,189,F,CS,EP,D
14:41:43,MYOR,RG,2300,38,F,CS,EP,D
14:41:43,MYOR,RG,2300,50,D,SQ,EP,D
14:41:43,MYOR,RG,2300,34,D,EP,EP,D
14:41:43,MYOR,RG,2300,1,D,XC,EP,D
14:41:43,MYOR,RG,2300,15,D,CC,EP,D
14:41:43,MYOR,RG,2300,53,D,DR,EP,D
14:41:43,MYOR,RG,2300,33,F,BK,EP,D
14:41:43,MYOR,RG,2300,47,F,CS,EP,D
14:41:43,MYOR,RG,2300,85,F,CS,EP,D
14:41:43,MYOR,RG,2300,1,D,EP,EP,D
14:41:43,MYOR,RG,2300,2,D,NI,EP,D
14:41:43,MYOR,RG,2300,53,F,CS,EP,D
14:41:43,MYOR,RG,2300,1,D,PD,EP,D
14:41:43,MYOR,RG,2300,50,D,GR,EP,D
14:41:43,MYOR,RG,2300,1,D,PC,EP,D
14:41:43,MYOR,RG,2300,70,F,BK,EP,D
14:41:43,MYOR,RG,2300,5,D,YP,EP,D
14:41:43,MYOR,RG,2300,2,F,CS,EP,D
14:40:50,MYOR,RG,2300,16,F,CS,CC,D
14:40:27,MYOR,RG,2300,50,F,CS,CC,D
14:40:27,MYOR,RG,2300,50,D,RX,CC,D
14:40:27,MYOR,RG,2300,2,D,RX,CC,D
14:40:21,MYOR,RG,2300,10,D,RX,CC,D
14:40:14,MYOR,RG,2300,133,D,RX,CC,D
14:40:14,MYOR,RG,2300,57,D,RX,CC,D
14:40:14,MYOR,RG,2300,200,D,RX,CC,D
14:40:14,MYOR,RG,2300,8,F,CS,CC,D
14:40:04,MYOR,RG,2300,5,F,CS,XC,D
14:40:04,MYOR,RG,2300,1,F,BK,XC,D
14:39:36,MYOR,RG,2300,2,F,BK,DH,D
14:39:25,MYOR,RG,2300,2,F,BK,DH,D
14:39:20,MYOR,RG,2300,6,F,BK,CC,D
14:39:20,MYOR,RG,2300,1,D,PD,CC,D
14:39:20,MYOR,RG,2300,9,D,EP,CC,D
14:39:13,MYOR,RG,2300,1,D,EP,PD,D
14:39:12,MYOR,RG,2310,2,D,PD,SQ,D
14:38:57,MYOR,RG,2310,5,D,YP,SQ,D
14:38:45,MYOR,RG,2300,5,D,EP,OD,D
14:38:38,MYOR,RG,2300,20,D,EP,OD,D
14:38:29,MYOR,RG,2300,16,D,EP,YB,D
14:38:29,MYOR,RG,2300,9,D,EP,YB,D
14:38:23,MYOR,RG,2310,17,D,DR,SQ,D
14:38:23,MYOR,RG,2300,41,D,EP,OD,D
14:38:23,MYOR,RG,2300,9,F,BK,OD,D
14:38:14,MYOR,RG,2300,3,F,CS,OD,D
14:38:14,MYOR,RG,2300,11,F,CS,OD,D
14:38:14,MYOR,RG,2300,15,F,BK,OD,D
14:38:14,MYOR,RG,2300,10,D,YP,OD,D
14:38:14,MYOR,RG,2300,11,D,RX,OD,D
14:37:52,MYOR,RG,2300,19,D,RX,CC,D
14:37:48,MYOR,RG,2300,2,D,RX,PD,D
14:37:34,MYOR,RG,2300,10,D,RX,YP,D
14:37:31,MYOR,RG,2300,59,D,RX,RF,D
14:37:31,MYOR,RG,2300,290,D,RX,RF,D
14:37:31,MYOR,RG,2300,115,D,RX,RF,D
14:37:31,MYOR,RG,2300,400,D,RX,RF,D
14:37:31,MYOR,RG,2300,10,D,YP,RF,D
14:37:31,MYOR,RG,2300,50,D,EP,RF,D
14:37:31,MYOR,RG,2300,40,D,YP,RF,D
14:37:31,MYOR,RG,2300,5,D,CC,RF,D
14:37:31,MYOR,RG,2300,25,D,NI,RF,D
14:37:31,MYOR,RG,2300,10,D,PD,RF,D
14:37:31,MYOR,RG,2300,10,D,NI,RF,D
14:37:31,MYOR,RG,2300,12,D,PD,RF,D
14:37:31,MYOR,RG,2300,60,F,CS,RF,D
14:37:21,MYOR,RG,2300,10,F,CS,PD,D
14:36:57,MYOR,RG,2300,15,F,CS,DR,D
14:36:40,MYOR,RG,2300,2,F,CS,LG,D
14:36:40,MYOR,RG,2300,35,F,CS,LG,D
14:36:40,MYOR,RG,2300,24,F,CS,LG,D
14:36:40,MYOR,RG,2300,20,D,YP,LG,D
14:36:40,MYOR,RG,2300,2,D,SQ,LG,D
14:36:40,MYOR,RG,2300,10,D,PD,LG,D
14:36:40,MYOR,RG,2300,2,D,KK,LG,D
14:36:40,MYOR,RG,2300,22,D,SQ,LG,D
14:36:40,MYOR,RG,2300,124,F,CS,LG,D
14:36:40,MYOR,RG,2300,1,D,YU,LG,D
14:36:40,MYOR,RG,2300,10,D,HP,LG,D
14:36:40,MYOR,RG,2300,79,F,BK,LG,D
14:36:40,MYOR,RG,2300,2,D,YP,LG,D
14:36:40,MYOR,RG,2300,59,D,DR,LG,D
14:36:37,MYOR,RG,2310,114,F,BK,SQ,D
14:36:33,MYOR,RG,2300,26,D,DR,LG,D
14:36:33,MYOR,RG,2300,119,F,CS,LG,D
14:36:33,MYOR,RG,2300,50,D,RX,LG,D
14:36:33,MYOR,RG,2300,145,D,RX,LG,D
14:36:33,MYOR,RG,2300,57,D,RX,LG,D
14:36:33,MYOR,RG,2300,200,D,RX,LG,D
14:36:33,MYOR,RG,2300,85,D,PD,LG,D
14:36:33,MYOR,RG,2300,14,D,PD,LG,D
14:36:33,MYOR,RG,2300,5,D,ZP,LG,D
14:36:33,MYOR,RG,2300,50,D,YP,LG,D
14:36:33,MYOR,RG,2300,52,D,XC,LG,D
14:36:33,MYOR,RG,2300,171,D,PD,LG,D
14:36:33,MYOR,RG,2300,28,D,PD,LG,D
14:36:33,MYOR,RG,2300,206,D,PD,LG,D
14:36:33,MYOR,RG,2300,37,D,PD,LG,D
14:36:33,MYOR,RG,2300,5,F,BK,LG,D
14:36:27,MYOR,RG,2310,52,D,DR,SQ,D
14:36:20,MYOR,RG,2300,16,F,BK,CC,D
14:36:15,MYOR,RG,2310,5,D,EP,SQ,D
14:36:09,MYOR,RG,2310,22,D,XC,SQ,D
14:36:02,MYOR,RG,2300,98,F,BK,RF,D
14:36:02,MYOR,RG,2300,101,D,RX,RF,D
14:36:02,MYOR,RG,2300,290,D,RX,RF,D
14:36:02,MYOR,RG,2300,115,D,RX,RF,D
14:36:02,MYOR,RG,2300,400,D,RX,RF,D
14:36:02,MYOR,RG,2300,28,F,BK,RF,D
14:36:02,MYOR,RG,2300,54,F,CS,RF,D
14:35:10,MYOR,RG,2310,329,F,CS,SQ,D
14:34:50,MYOR,RG,2300,5,F,CS,CC,D
14:34:50,MYOR,RG,2300,12,D,DR,CC,D
14:34:46,MYOR,RG,2310,50,D,NI,SQ,D
14:34:42,MYOR,RG,2310,50,D,NI,SQ,D
14:33:48,MYOR,RG,2300,50,D,DR,KK,D
14:33:46,MYOR,RG,2300,10,D,DR,PD,D
14:33:16,MYOR,RG,2300,16,D,DR,CC,D
14:31:13,MYOR,RG,2310,2,D,PD,SQ,D
14:30:49,MYOR,RG,2310,127,F,BK,SQ,D
14:30:49,MYOR,RG,2310,1,F,BK,EP,D
14:30:49,MYOR,RG,2310,1,F,BK,XC,D
14:30:49,MYOR,RG,2310,1,F,BK,XC,D
14:30:49,MYOR,RG,2310,150,F,BK,YB,D
14:30:47,MYOR,RG,2300,1,D,DR,YP,D
14:30:44,MYOR,RG,2300,21,F,BK,CC,D
14:30:44,MYOR,RG,2300,1,F,BK,EP,D
14:30:44,MYOR,RG,2300,77,F,BK,LG,D
14:30:42,MYOR,RG,2300,123,D,RX,LG,D
14:30:42,MYOR,RG,2300,5,D,RX,PD,D
14:30:42,MYOR,RG,2300,15,D,RX,NI,D
14:30:42,MYOR,RG,2300,8,D,RX,XC,D
14:30:42,MYOR,RG,2300,20,D,RX,XC,D
14:30:42,MYOR,RG,2300,50,D,RX,CC,D
14:30:42,MYOR,RG,2300,40,D,RX,OD,D
14:30:42,MYOR,RG,2300,42,D,RX,XC,D
14:30:42,MYOR,RG,2300,120,D,RX,XC,D
14:30:42,MYOR,RG,2300,600,D,RX,LG,D
14:30:42,MYOR,RG,2300,1,D,RX,NI,D
14:30:42,MYOR,RG,2300,50,D,RX,LG,D
14:30:42,MYOR,RG,2300,10,D,RX,PD,D
14:30:42,MYOR,RG,2300,3,D,RX,CC,D
14:30:42,MYOR,RG,2300,2,D,RX,NI,D
14:30:42,MYOR,RG,2300,10,D,RX,HP,D
14:30:42,MYOR,RG,2300,3,D,RX,DR,D
14:30:42,MYOR,RG,2300,10,D,RX,CC,D
14:30:42,MYOR,RG,2300,1,D,RX,YP,D
14:30:42,MYOR,RG,2300,3,D,RX,YP,D
14:30:42,MYOR,RG,2300,2,D,RX,XC,D
14:30:42,MYOR,RG,2300,10,D,RX,XC,D
14:30:42,MYOR,RG,2300,1,D,RX,XC,D
14:30:42,MYOR,RG,2300,44,D,RX,CC,D
14:30:42,MYOR,RG,2300,106,D,RX,CC,D
14:30:42,MYOR,RG,2300,5,D,RX,EP,D
14:30:42,MYOR,RG,2300,1,D,RX,XC,D
14:30:42,MYOR,RG,2300,2,D,RX,PD,D
14:30:42,MYOR,RG,2300,100,D,RX,YP,D
14:30:42,MYOR,RG,2300,1,D,RX,XC,D
14:30:42,MYOR,RG,2300,30,D,RX,PD,D
14:30:42,MYOR,RG,2300,5,D,RX,XC,D
14:30:42,MYOR,RG,2300,1,D,RX,XC,D
14:30:42,MYOR,RG,2300,1,D,RX,PD,D
14:30:42,MYOR,RG,2300,5,D,RX,DH,D
14:30:42,MYOR,RG,2300,88,D,RX,LG,D
14:30:42,MYOR,RG,2300,282,D,RX,LG,D
14:30:42,MYOR,RG,2300,5,D,RX,YP,D
14:30:42,MYOR,RG,2300,6,D,RX,PD,D
14:30:42,MYOR,RG,2300,45,D,RX,PD,D
14:30:42,MYOR,RG,2300,5,D,RX,NI,D
14:30:42,MYOR,RG,2300,1,D,RX,OD,D
14:30:42,MYOR,RG,2300,300,D,RX,LG,D
14:30:42,MYOR,RG,2300,1,D,RX,CC,D
14:30:42,MYOR,RG,2300,60,D,RX,OD,D
14:30:42,MYOR,RG,2300,13,D,RX,XC,D
14:30:42,MYOR,RG,2300,50,D,RX,YP,D
14:30:42,MYOR,RG,2300,400,D,RX,LG,D
14:30:42,MYOR,RG,2300,5,D,RX,FS,D
14:30:42,MYOR,RG,2300,27,D,RX,CC,D
14:30:39,MYOR,RG,2300,16,F,BK,CC,D
14:30:37,MYOR,RG,2300,36,F,BK,CC,D
14:30:33,MYOR,RG,2300,226,F,CS,CC,D
14:30:33,MYOR,RG,2300,2,F,CS,NI,D
14:30:33,MYOR,RG,2300,2,F,CS,XC,D
14:30:33,MYOR,RG,2300,40,F,CS,CC,D
14:30:33,MYOR,RG,2300,5,F,CS,PD,D
14:30:33,MYOR,RG,2300,2,F,CS,YP,D
14:30:33,MYOR,RG,2300,1,F,CS,NI,D
14:30:33,MYOR,RG,2300,18,F,CS,PG,D
14:30:30,MYOR,RG,2300,66,D,DR,PG,D
14:30:15,MYOR,RG,2300,8,D,PD,PG,D
14:30:09,MYOR,RG,2300,10,F,BK,PG,D
14:30:08,MYOR,RG,2290,19,D,RX,CC,D
14:29:18,MYOR,RG,2300,5,D,YP,PG,D
14:29:14,MYOR,RG,2300,1,D,EP,PG,D
14:29:04,MYOR,RG,2300,10,D,XC,PG,D
14:28:51,MYOR,RG,2300,5,D,ZP,PG,D
14:28:45,MYOR,RG,2300,21,D,DR,PG,D
14:28:45,MYOR,RG,2300,10,F,BK,PG,D
14:28:44,MYOR,RG,2300,67,D,DR,PG,D
14:28:42,MYOR,RG,2300,10,D,CC,PG,D
14:28:34,MYOR,RG,2290,14,D,RX,CC,D
14:27:10,MYOR,RG,2300,10,F,BK,PG,D
14:27:06,MYOR,RG,2290,17,D,RX,CC,D
14:26:49,MYOR,RG,2290,50,D,RX,CC,D
14:26:48,MYOR,RG,2290,10,D,RX,PD,D
14:26:25,MYOR,RG,2300,11,F,BK,PG,D
14:26:19,MYOR,RG,2300,15,F,BK,PG,D
14:26:17,MYOR,RG,2300,200,D,ZP,PG,D
14:26:05,MYOR,RG,2300,20,D,GR,PG,D
14:25:42,MYOR,RG,2300,170,D,PD,PG,D
14:25:42,MYOR,RG,2300,29,D,PD,PG,D
14:25:39,MYOR,RG,2300,3,D,KK,PG,D
14:25:34,MYOR,RG,2290,15,D,RX,CC,D
14:25:34,MYOR,RG,2290,3,D,RX,CC,D
14:25:34,MYOR,RG,2300,424,D,PD,PG,D
14:25:34,MYOR,RG,2300,75,D,PD,PG,D
14:25:12,MYOR,RG,2300,10,D,GR,PG,D
14:24:06,MYOR,RG,2290,14,D,RX,CC,D
14:24:05,MYOR,RG,2300,1,D,PD,PG,D
14:23:05,MYOR,RG,2300,51,D,DR,PG,D
14:23:03,MYOR,RG,2290,4,D,RX,XC,D
14:22:38,MYOR,RG,2290,18,D,RX,CC,D
14:22:33,MYOR,RG,2300,10,D,PD,PG,D
14:22:33,MYOR,RG,2300,2,D,PD,PG,D
14:22:14,MYOR,RG,2300,1,D,NI,PG,D
14:21:59,MYOR,RG,2290,10,D,RX,PD,D
14:21:37,MYOR,RG,2290,4,D,RX,PD,D
14:21:22,MYOR,RG,2300,1,D,XC,PG,D
14:21:04,MYOR,RG,2300,1,D,NI,PG,D
14:21:04,MYOR,RG,2290,4,D,RX,CC,D
14:21:04,MYOR,RG,2290,13,D,RX,CC,D
14:21:02,MYOR,RG,2300,12,D,DR,PG,D
14:21:01,MYOR,RG,2300,10,D,PD,PG,D
14:21:00,MYOR,RG,2300,91,D,DR,PG,D
14:20:45,MYOR,RG,2300,50,D,GR,PG,D
14:20:36,MYOR,RG,2300,10,D,PD,PG,D
14:20:15,MYOR,RG,2300,5,D,CC,PG,D
14:19:38,MYOR,RG,2300,321,F,CS,PG,D
14:19:32,MYOR,RG,2290,16,D,RX,CC,D
14:19:01,MYOR,RG,2290,30,D,RX,HD,D
14:18:22,MYOR,RG,2290,1,D,RX,DH,D
14:18:02,MYOR,RG,2290,16,D,RX,CC,D
14:17:10,MYOR,RG,2300,1,D,PD,PG,D
14:16:34,MYOR,RG,2300,1,D,CC,PG,D
14:16:34,MYOR,RG,2290,19,D,RX,CC,D
14:15:23,MYOR,RG,2300,14,F,BK,PG,D
14:15:20,MYOR,RG,2300,52,D,DR,PG,D
14:15:02,MYOR,RG,2290,18,D,RX,CC,D
14:14:36,MYOR,RG,2300,1,D,NI,PG,D
14:14:04,MYOR,RG,2290,1,D,RX,YP,D
14:13:30,MYOR,RG,2300,11,F,BK,PG,D
14:13:28,MYOR,RG,2290,18,D,RX,CC,D
14:13:22,MYOR,RG,2300,17,F,BK,PG,D
14:13:18,MYOR,RG,2300,30,D,DR,PG,D
14:13:17,MYOR,RG,2300,72,D,DR,PG,D
14:13:16,MYOR,RG,2300,26,F,BK,PG,D
14:13:12,MYOR,RG,2300,255,D,PD,PG,D
14:13:12,MYOR,RG,2300,44,D,PD,PG,D
14:11:56,MYOR,RG,2290,19,D,RX,CC,D
14:11:52,MYOR,RG,2300,1,D,AT,PG,D
14:11:11,MYOR,RG,2300,14,F,BK,PG,D
14:11:09,MYOR,RG,2290,43,D,RX,DR,D
14:10:22,MYOR,RG,2290,6,D,RX,CC,D
14:10:22,MYOR,RG,2290,13,D,OD,CC,D
14:09:44,MYOR,RG,2300,1,D,YP,PG,D
14:09:40,MYOR,RG,2300,4,D,PD,PG,D
14:09:07,MYOR,RG,2300,11,F,BK,PG,D
14:09:01,MYOR,RG,2300,23,F,BK,PG,D
14:08:59,MYOR,RG,2290,9,D,OD,CC,D
14:08:59,MYOR,RG,2290,1,D,NI,CC,D
14:08:59,MYOR,RG,2290,3,D,AT,CC,D
14:08:59,MYOR,RG,2290,3,D,NI,CC,D
14:08:59,MYOR,RG,2290,84,D,DH,CC,D
14:08:58,MYOR,RG,2300,367,F,CS,PG,D
14:08:48,MYOR,RG,2290,16,D,DH,CC,D
14:08:48,MYOR,RG,2290,1,F,CS,CC,D
14:08:32,MYOR,RG,2300,1,D,XC,PG,D
14:08:30,MYOR,RG,2300,1,D,GR,PG,D
14:07:39,MYOR,RG,2300,1,D,DR,PG,D
14:07:14,MYOR,RG,2290,19,F,CS,CC,D
14:06:37,MYOR,RG,2290,1,F,CS,SQ,D
14:06:34,MYOR,RG,2290,8,F,CS,NI,D
14:06:34,MYOR,RG,2290,2,D,YP,NI,D
14:06:34,MYOR,RG,2290,15,F,CS,NI,D
14:05:54,MYOR,RG,2290,5,F,CS,EP,D
14:05:46,MYOR,RG,2290,29,F,CS,CC,D
14:05:46,MYOR,RG,2290,2,D,KK,CC,D
14:05:46,MYOR,RG,2290,2,D,KK,CC,D
14:05:46,MYOR,RG,2290,14,D,DR,CC,D
14:05:35,MYOR,RG,2300,1,D,DR,PG,D
14:05:33,MYOR,RG,2300,63,D,DR,PG,D
14:05:30,MYOR,RG,2290,1,D,DR,CC,D
14:05:24,MYOR,RG,2290,9,D,DR,XC,D
14:04:18,MYOR,RG,2290,10,D,DR,CC,D
14:03:35,MYOR,RG,2300,1,D,AT,PG,D
14:03:34,MYOR,RG,2290,4,D,DR,NI,D
14:03:06,MYOR,RG,2290,5,D,DR,XC,D
14:02:48,MYOR,RG,2290,3,D,DR,CC,D
14:02:33,MYOR,RG,2290,1,D,DR,AT,D
14:01:33,MYOR,RG,2290,2,D,DR,XC,D
14:01:16,MYOR,RG,2290,5,D,DR,CC,D
14:01:07,MYOR,RG,2290,2,D,DR,TP,D
14:00:59,MYOR,RG,2290,1,D,DR,XC,D
14:00:27,MYOR,RG,2300,1,D,XC,PG,D
13:59:59,MYOR,RG,2300,1,D,PD,PG,D
13:59:44,MYOR,RG,2300,40,D,DR,PG,D
13:59:42,MYOR,RG,2300,1,D,DR,PG,D
13:59:12,MYOR,RG,2290,1,D,DR,CC,D
13:58:59,MYOR,RG,2290,1,D,DR,XC,D
13:58:48,MYOR,RG,2290,72,D,DR,CC,D
13:58:48,MYOR,RG,2290,1,D,PD,CC,D
13:58:48,MYOR,RG,2290,25,D,YB,CC,D
13:58:48,MYOR,RG,2290,2,D,EP,CC,D
13:57:51,MYOR,RG,2300,25,D,DR,PG,D
13:57:50,MYOR,RG,2300,89,D,DR,PG,D
13:57:28,MYOR,RG,2300,215,F,BK,PG,D
13:57:23,MYOR,RG,2290,180,D,EP,AI,D
13:57:23,MYOR,RG,2290,26,F,CS,AI,D
13:57:23,MYOR,RG,2290,67,F,CS,AI,D
13:57:23,MYOR,RG,2290,22,D,PD,AI,D
13:57:23,MYOR,RG,2290,10,D,CC,AI,D
13:57:23,MYOR,RG,2290,57,F,BK,AI,D
13:57:23,MYOR,RG,2290,20,F,BK,AI,D
13:57:23,MYOR,RG,2290,2,D,NI,AI,D
13:57:23,MYOR,RG,2290,22,D,YP,AI,D
13:57:23,MYOR,RG,2290,5,D,GR,AI,D
13:57:23,MYOR,RG,2290,5,D,XC,AI,D
13:57:23,MYOR,RG,2290,75,F,CS,AI,D
13:57:23,MYOR,RG,2290,2,D,PD,AI,D
13:57:23,MYOR,RG,2290,10,D,PD,AI,D
13:57:23,MYOR,RG,2290,32,F,CS,AI,D
13:57:23,MYOR,RG,2290,78,F,CS,AI,D
13:57:23,MYOR,RG,2290,20,D,CC,AI,D
13:57:23,MYOR,RG,2290,1,D,YP,AI,D
13:57:23,MYOR,RG,2290,1,D,YP,AI,D
13:57:23,MYOR,RG,2290,15,D,NI,AI,D
13:57:23,MYOR,RG,2290,25,D,CC,AI,D
13:57:23,MYOR,RG,2290,10,D,CC,AI,D
13:57:23,MYOR,RG,2290,1,D,XC,AI,D
13:57:23,MYOR,RG,2290,22,D,KK,AI,D
13:57:23,MYOR,RG,2290,1,D,PD,AI,D
13:57:23,MYOR,RG,2290,1,D,PD,AI,D
13:57:23,MYOR,RG,2290,1,D,CC,AI,D
13:57:23,MYOR,RG,2290,2,D,CC,AI,D
13:57:23,MYOR,RG,2290,1,D,XC,AI,D
13:57:23,MYOR,RG,2290,2,D,XC,AI,D
13:57:23,MYOR,RG,2290,50,F,CS,AI,D
13:57:23,MYOR,RG,2290,4,D,PD,AI,D
13:57:23,MYOR,RG,2290,5,D,PD,AI,D
13:57:23,MYOR,RG,2290,30,D,AT,AI,D
13:57:23,MYOR,RG,2290,5,D,CC,AI,D
13:57:23,MYOR,RG,2290,2800,D,KK,AI,D
13:56:57,MYOR,RG,2300,10,F,BK,PG,D
13:56:52,MYOR,RG,2300,34,F,BK,PG,D
13:56:47,MYOR,RG,2300,323,F,CS,PG,D
13:56:46,MYOR,RG,2290,10,D,KK,YP,D
13:56:44,MYOR,RG,2300,4,D,NI,PG,D
13:56:43,MYOR,RG,2300,11,F,BK,PG,D
13:56:41,MYOR,RG,2300,16,F,BK,PG,D
13:56:38,MYOR,RG,2300,170,D,PD,PG,D
13:56:38,MYOR,RG,2300,29,D,PD,PG,D
13:56:31,MYOR,RG,2290,1,D,KK,XC,D
13:56:21,MYOR,RG,2300,1,D,XC,PG,D
13:56:14,MYOR,RG,2300,8,D,YU,PG,D
13:56:09,MYOR,RG,2300,1,D,CC,PG,D
13:56:05,MYOR,RG,2300,2,D,YP,PG,D
13:55:44,MYOR,RG,2300,11,D,CC,PG,D
13:55:23,MYOR,RG,2300,1,D,YP,PG,D
13:54:54,MYOR,RG,2300,27,D,NI,PG,D
13:54:36,MYOR,RG,2300,10,D,CC,PG,D
13:54:36,MYOR,RG,2300,9,F,BK,PG,D
13:54:31,MYOR,RG,2300,14,F,BK,PG,D
13:54:27,MYOR,RG,2300,20,D,PD,PG,D
13:54:26,MYOR,RG,2300,81,F,BK,PG,D
13:54:24,MYOR,RG,2300,80,D,RX,PG,D
13:54:24,MYOR,RG,2300,232,D,RX,PG,D
13:54:24,MYOR,RG,2300,92,D,RX,PG,D
13:54:24,MYOR,RG,2300,320,D,RX,PG,D
13:54:08,MYOR,RG,2300,1,D,XC,PG,D
13:52:22,MYOR,RG,2300,2,D,XC,PG,D
13:52:20,MYOR,RG,2300,14,F,BK,PG,D
13:52:16,MYOR,RG,2290,79,D,KK,BQ,D
13:51:39,MYOR,RG,2290,4,D,KK,XC,D
13:51:37,MYOR,RG,2300,9,D,XC,PG,D
13:51:02,MYOR,RG,2300,4,D,DH,PG,D
13:51:02,MYOR,RG,2300,18,D,DH,AK,F
13:50:23,MYOR,RG,2300,16,F,BK,AK,F
13:50:18,MYOR,RG,2300,15,F,BK,AK,F
13:50:15,MYOR,RG,2300,49,D,PD,AK,F
13:50:15,MYOR,RG,2300,14,D,PD,PD,D
13:50:15,MYOR,RG,2300,2,D,PD,PD,D
13:50:15,MYOR,RG,2300,135,D,PD,CC,D
13:50:14,MYOR,RG,2290,10,D,KK,XC,D
13:50:12,MYOR,RG,2300,1,D,AT,CC,D
13:49:43,MYOR,RG,2300,14,F,BK,CC,D
13:49:39,MYOR,RG,2300,12,F,BK,CC,D
13:49:35,MYOR,RG,2300,94,F,BK,CC,D
13:49:31,MYOR,RG,2300,101,D,RX,CC,D
13:49:31,MYOR,RG,2300,253,D,RX,CC,D
13:49:31,MYOR,RG,2300,37,D,RX,OD,D
13:49:31,MYOR,RG,2300,115,D,RX,OD,D
13:49:31,MYOR,RG,2300,48,D,RX,OD,D
13:49:31,MYOR,RG,2300,300,D,RX,LG,D
13:49:31,MYOR,RG,2300,50,D,RX,YB,D
13:49:31,MYOR,RG,2300,2,D,RX,BK,F
13:48:22,MYOR,RG,2300,3,D,CC,BK,F
13:47:51,MYOR,RG,2300,74,D,DR,BK,F
13:47:50,MYOR,RG,2300,29,D,CP,BK,F
13:47:50,MYOR,RG,2300,15,D,CP,NI,D
13:47:50,MYOR,RG,2300,2,D,NI,NI,D
13:47:13,MYOR,RG,2300,33,D,CC,NI,D
13:47:13,MYOR,RG,2300,100,D,CC,PD,D
13:47:13,MYOR,RG,2300,3,D,CC,DR,D
13:47:13,MYOR,RG,2300,1,D,CC,XC,D
13:47:13,MYOR,RG,2300,4,D,CC,PD,D
13:47:13,MYOR,RG,2300,5,D,CC,PD,D
13:47:13,MYOR,RG,2300,4,D,CC,BK,F
13:47:11,MYOR,RG,2300,1,D,GR,BK,F
13:46:59,MYOR,RG,2300,87,D,NI,BK,F
13:46:59,MYOR,RG,2300,13,D,NI,LG,D
13:46:49,MYOR,RG,2300,1,D,YP,LG,D
13:45:43,MYOR,RG,2300,2,D,CC,LG,D
13:45:42,MYOR,RG,2300,4,D,GR,LG,D
13:45:03,MYOR,RG,2300,4,D,DR,LG,D
13:44:52,MYOR,RG,2300,22,D,NI,LG,D
13:44:19,MYOR,RG,2300,48,F,CS,LG,D
13:44:19,MYOR,RG,2300,8,D,SQ,LG,D
13:44:19,MYOR,RG,2300,2,D,PD,LG,D
13:44:19,MYOR,RG,2300,1,D,NI,LG,D
13:44:19,MYOR,RG,2300,1,D,NI,LG,D
13:44:19,MYOR,RG,2300,1,D,OD,LG,D
13:44:19,MYOR,RG,2300,1,D,PD,LG,D
13:44:19,MYOR,RG,2300,41,F,CS,LG,D
13:44:19,MYOR,RG,2300,91,F,CS,LG,D
13:44:19,MYOR,RG,2300,4,F,CS,LG,D
13:44:19,MYOR,RG,2300,40,D,CC,LG,D
13:44:19,MYOR,RG,2300,1,D,PD,LG,D
13:44:19,MYOR,RG,2300,40,D,CC,LG,D
13:44:19,MYOR,RG,2300,42,F,BK,LG,D
13:44:19,MYOR,RG,2300,1,D,YP,LG,D
13:44:19,MYOR,RG,2300,1,D,PD,LG,D
13:44:19,MYOR,RG,2300,6,D,GR,LG,D
13:44:19,MYOR,RG,2300,4,F,BK,LG,D
13:44:19,MYOR,RG,2300,8,F,CS,LG,D
13:44:19,MYOR,RG,2300,13,D,RX,LG,D
13:43:43,MYOR,RG,2300,10,D,RX,KK,D
13:43:39,MYOR,RG,2310,4,D,DR,PG,D
13:43:35,MYOR,RG,2300,47,D,RX,YP,D
13:43:35,MYOR,RG,2300,53,D,RX,YP,D
13:43:29,MYOR,RG,2300,20,D,RX,CC,D
13:42:43,MYOR,RG,2300,1,D,RX,CC,D
13:41:21,MYOR,RG,2300,100,D,RX,CC,D
13:41:15,MYOR,RG,2300,1,D,RX,DH,D
13:40:45,MYOR,RG,2300,22,D,RX,PD,D
13:39:42,MYOR,RG,2300,6,D,RX,CC,D
13:39:42,MYOR,RG,2300,44,D,RX,CC,D
13:39:42,MYOR,RG,2300,36,D,RX,BK,F
13:39:42,MYOR,RG,2300,180,D,RX,BK,F
13:39:42,MYOR,RG,2300,100,D,RX,LG,D
13:39:31,MYOR,RG,2300,4,F,CS,LG,D
13:39:30,MYOR,RG,2300,48,D,DR,LG,D
13:39:30,MYOR,RG,2300,19,F,CS,LG,D
13:39:30,MYOR,RG,2300,2,F,BK,LG,D
13:39:30,MYOR,RG,2300,13,F,CS,LG,D
13:39:30,MYOR,RG,2300,15,F,CS,LG,D
13:39:30,MYOR,RG,2300,24,F,CS,LG,D
13:39:30,MYOR,RG,2300,2,D,AT,LG,D
13:39:30,MYOR,RG,2300,51,D,NI,LG,D
13:39:30,MYOR,RG,2300,1,D,XC,LG,D
13:39:30,MYOR,RG,2300,21,D,DR,LG,D
13:39:19,MYOR,RG,2300,26,D,DR,LG,D
13:39:19,MYOR,RG,2300,25,D,PD,LG,D
13:39:19,MYOR,RG,2300,85,D,PD,LG,D
13:39:19,MYOR,RG,2300,14,D,PD,LG,D
13:39:19,MYOR,RG,2300,4,D,XC,LG,D
13:39:19,MYOR,RG,2300,25,D,OD,LG,D
13:39:19,MYOR,RG,2300,72,F,CS,LG,D
13:39:19,MYOR,RG,2300,1,D,PD,LG,D
13:39:19,MYOR,RG,2300,18,D,XC,LG,D
13:39:19,MYOR,RG,2300,4,F,BK,LG,D
13:39:19,MYOR,RG,2300,26,F,CS,LG,D
13:38:19,MYOR,RG,2310,50,D,CC,PG,D
13:38:02,MYOR,RG,2310,2,D,PD,PG,D
13:37:35,MYOR,RG,2310,19,D,XC,PG,D
13:37:25,MYOR,RG,2310,10,F,BK,PG,D
13:37:22,MYOR,RG,2310,10,F,BK,PG,D
13:37:21,MYOR,RG,2300,47,F,CS,CC,D
13:37:21,MYOR,RG,2300,103,D,DR,CC,D
13:36:36,MYOR,RG,2310,1,D,PD,PG,D
13:36:30,MYOR,RG,2310,2,D,PD,PG,D
13:36:16,MYOR,RG,2310,1,D,NI,PG,D
13:35:52,MYOR,RG,2310,1,D,XC,PG,D
13:35:21,MYOR,RG,2310,5,D,PD,PG,D
13:35:07,MYOR,RG,2310,2,D,PD,PG,D
13:35:01,MYOR,RG,2300,15,D,DR,CC,D
13:34:57,MYOR,RG,2310,14,F,BK,PG,D
13:34:52,MYOR,RG,2300,5,D,DR,AZ,D
13:34:27,MYOR,RG,2300,1,F,CS,IF,D
13:34:27,MYOR,RG,2300,1,F,CS,XC,D
13:34:20,MYOR,RG,2300,7,F,CS,DR,D
13:34:13,MYOR,RG,2300,6,F,CS,DR,D
13:34:12,MYOR,RG,2300,3,D,CC,DR,D
13:34:09,MYOR,RG,2300,12,F,CS,DR,D
13:33:59,MYOR,RG,2300,1,D,AT,DR,D
13:33:58,MYOR,RG,2300,12,F,CS,DR,D
13:33:48,MYOR,RG,2300,11,F,CS,DR,D
13:33:39,MYOR,RG,2300,10,F,BK,DR,D
13:33:38,MYOR,RG,2300,26,F,CS,DR,D
13:33:35,MYOR,RG,2300,1,D,YP,DR,D
13:33:17,MYOR,RG,2300,25,F,CS,DR,D
13:33:08,MYOR,RG,2300,5,D,PD,DR,D
13:32:55,MYOR,RG,2300,20,F,CS,DR,D
13:32:55,MYOR,RG,2300,1,F,CS,YP,D
13:32:55,MYOR,RG,2300,3,F,CS,DH,D
13:32:48,MYOR,RG,2300,8,F,BK,DH,D
13:32:48,MYOR,RG,2300,1,F,BK,PD,D
13:32:48,MYOR,RG,2300,2,F,BK,XC,D
13:32:45,MYOR,RG,2300,3,D,DR,XC,D
13:32:45,MYOR,RG,2300,5,D,DR,PD,D
13:32:45,MYOR,RG,2300,3,D,DR,DH,D
13:32:45,MYOR,RG,2300,18,D,DR,DH,D
13:32:45,MYOR,RG,2300,1,D,DR,PD,D
13:32:34,MYOR,RG,2300,9,F,CS,PD,D
13:32:34,MYOR,RG,2300,1,F,CS,XC,D
13:32:34,MYOR,RG,2300,20,F,CS,PD,D
13:32:34,MYOR,RG,2300,10,F,CS,EP,D
13:32:31,MYOR,RG,2300,10,F,BK,NI,D
13:32:26,MYOR,RG,2300,22,F,BK,NI,D
13:32:25,MYOR,RG,2300,20,D,XC,NI,D
13:32:23,MYOR,RG,2300,8,D,YJ,NI,D
13:32:23,MYOR,RG,2300,6,D,YJ,PD,D
13:32:23,MYOR,RG,2300,45,D,YJ,OD,D
13:32:23,MYOR,RG,2300,2,D,YJ,XC,D
13:32:23,MYOR,RG,2300,139,D,YJ,CC,D
13:32:18,MYOR,RG,2300,1,D,PD,CC,D
13:32:16,MYOR,RG,2300,11,F,BK,CC,D
13:32:13,MYOR,RG,2300,85,D,PD,CC,D
13:32:13,MYOR,RG,2300,14,D,PD,CC,D
13:32:07,MYOR,RG,2300,11,F,BK,CC,D
13:32:02,MYOR,RG,2300,2,F,BK,CC,D
13:32:02,MYOR,RG,2300,2,F,BK,XC,D
13:32:02,MYOR,RG,2300,9,F,BK,PD,D
13:32:00,MYOR,RG,2300,1,F,CS,PD,D
13:32:00,MYOR,RG,2300,4,F,CS,YP,D
13:32:00,MYOR,RG,2300,50,F,CS,YP,D
13:32:00,MYOR,RG,2300,1,F,CS,EP,D
13:32:00,MYOR,RG,2300,1,F,CS,NI,D
13:32:00,MYOR,RG,2300,5,F,CS,XC,D
13:32:00,MYOR,RG,2300,1,F,CS,XC,D
13:32:00,MYOR,RG,2300,1,F,CS,IF,D
13:32:00,MYOR,RG,2300,10,F,CS,YP,D
13:32:00,MYOR,RG,2300,10,F,CS,GR,D
13:32:00,MYOR,RG,2300,22,F,CS,DH,D
13:32:00,MYOR,RG,2300,28,D,CC,DH,D
13:32:00,MYOR,RG,2300,20,D,CC,CC,D
13:32:00,MYOR,RG,2300,2,D,CC,OD,D
13:31:53,MYOR,RG,2300,18,F,BK,OD,D
13:31:53,MYOR,RG,2300,1,F,BK,NI,D
13:31:50,MYOR,RG,2300,49,D,PD,NI,D
13:31:50,MYOR,RG,2300,3,D,PD,XC,D
13:31:50,MYOR,RG,2300,15,D,PD,DR,D
13:31:50,MYOR,RG,2300,1,D,PD,YB,D
13:31:50,MYOR,RG,2300,17,D,PD,EP,D
13:31:50,MYOR,RG,2300,14,D,PD,EP,D
13:31:47,MYOR,RG,2300,11,F,BK,EP,D
13:31:45,MYOR,RG,2300,52,D,DR,EP,D
13:31:44,MYOR,RG,2300,6,F,BK,EP,D
13:31:44,MYOR,RG,2300,1,F,BK,PD,D
13:31:44,MYOR,RG,2300,9,F,BK,PD,D
13:31:44,MYOR,RG,2300,1,F,BK,XC,D
13:31:44,MYOR,RG,2300,2,F,BK,YP,D
13:31:43,MYOR,RG,2300,170,D,PD,YP,D
13:31:43,MYOR,RG,2300,28,D,PD,YP,D
13:31:43,MYOR,RG,2300,1,D,PD,KK,D
13:31:25,MYOR,RG,2290,10,D,KK,DH,D
13:31:18,MYOR,RG,2300,1,F,BK,KK,D
13:31:18,MYOR,RG,2300,4,F,BK,NI,D
13:31:18,MYOR,RG,2300,2,F,BK,PD,D
13:31:18,MYOR,RG,2300,4,F,BK,PD,D
13:31:13,MYOR,RG,2300,10,D,PD,PD,D
13:31:03,MYOR,RG,2300,5,D,OD,PD,D
13:30:31,MYOR,RG,2300,12,F,BK,PD,D
13:30:22,MYOR,RG,2300,2,F,CS,PD,D
13:30:22,MYOR,RG,2300,247,F,CS,PD,D
13:30:21,MYOR,RG,2300,100,F,BK,PD,D
13:30:14,MYOR,RG,2290,75,D,KK,YP,D
13:30:12,MYOR,RG,2290,5,D,KK,YP,D
13:30:10,MYOR,RG,2290,10,D,KK,YP,D
13:30:08,MYOR,RG,2290,10,D,KK,PD,D
13:30:08,MYOR,RG,2290,1,D,KK,YP,D
13:30:06,MYOR,RG,2290,10,D,KK,PD,D
13:30:06,MYOR,RG,2290,100,D,KK,OK,D
13:30:06,MYOR,RG,2290,10,D,KK,OD,D
13:30:06,MYOR,RG,2290,10,D,KK,GR,D
13:30:06,MYOR,RG,2290,3,D,KK,XC,D
13:30:06,MYOR,RG,2290,13,D,KK,XC,D
13:30:06,MYOR,RG,2290,1,D,KK,NI,D
13:30:06,MYOR,RG,2290,250,D,KK,LG,D
13:30:06,MYOR,RG,2290,425,D,KK,CC,D
13:30:06,MYOR,RG,2290,100,D,KK,GR,D
13:30:06,MYOR,RG,2290,175,D,KK,SQ,D
13:30:06,MYOR,RG,2290,50,D,KK,OD,D
13:30:06,MYOR,RG,2290,261,D,KK,LG,D
13:30:06,MYOR,RG,2290,58,D,KK,LG,D
13:30:06,MYOR,RG,2290,1,D,PD,LG,D
13:30:05,MYOR,RG,2290,4,D,PD,LG,D
13:30:05,MYOR,RG,2290,1,D,PD,LG,D
13:30:05,MYOR,RG,2290,1,D,PD,LG,D
13:30:05,MYOR,RG,2290,4,D,XC,LG,D
13:30:05,MYOR,RG,2290,3,D,XC,LG,D
13:30:05,MYOR,RG,2290,3,D,PD,LG,D
13:30:05,MYOR,RG,2290,1,D,PD,LG,D
13:30:05,MYOR,RG,2290,2,D,PD,LG,D
13:30:04,MYOR,RG,2290,5,D,SQ,LG,D
13:30:04,MYOR,RG,2290,100,D,CC,LG,D
13:30:04,MYOR,RG,2290,1,D,PD,LG,D
13:30:04,MYOR,RG,2290,1,D,DH,LG,D
13:30:04,MYOR,RG,2290,1,D,PD,LG,D
13:30:03,MYOR,RG,2290,1,D,PD,LG,D
13:30:02,MYOR,RG,2290,1,D,GR,LG,D
13:30:02,MYOR,RG,2280,24,D,MK,XA,D
11:29:54,MYOR,RG,2290,1,D,XC,LG,D
11:29:15,MYOR,RG,2290,1,D,NI,LG,D
11:27:45,MYOR,RG,2290,9,D,LG,LG,D
11:26:22,MYOR,RG,2290,5,D,KK,LG,D
11:26:15,MYOR,RG,2280,5,D,CC,DH,D
11:25:26,MYOR,RG,2290,4,D,XC,LG,D
11:25:10,MYOR,RG,2290,35,D,DH,LG,D
11:24:18,MYOR,RG,2290,1,D,CC,LG,D
11:22:22,MYOR,RG,2290,6,D,CC,LG,D
11:22:22,MYOR,RG,2290,4,D,CC,XC,D
11:22:22,MYOR,RG,2290,4,D,CC,YP,D
11:22:22,MYOR,RG,2290,6,D,CC,PD,D
11:20:46,MYOR,RG,2290,2,D,AG,PD,D
11:20:12,MYOR,RG,2290,1,D,PD,PD,D
11:19:18,MYOR,RG,2280,46,D,CC,GR,D
11:19:18,MYOR,RG,2280,50,D,PD,GR,D
11:19:18,MYOR,RG,2280,5,D,PD,GR,D
11:19:18,MYOR,RG,2280,85,D,PD,GR,D
11:19:18,MYOR,RG,2280,14,D,PD,GR,D
11:19:18,MYOR,RG,2280,170,F,BK,GR,D
11:19:18,MYOR,RG,2280,17,D,DX,GR,D
11:19:18,MYOR,RG,2280,4,D,PD,GR,D
11:19:18,MYOR,RG,2280,21,D,YP,GR,D
11:19:18,MYOR,RG,2280,1000,D,YP,GR,D
11:19:18,MYOR,RG,2280,10,D,CC,GR,D
11:19:18,MYOR,RG,2280,2,D,CC,GR,D
11:19:18,MYOR,RG,2280,2,D,XC,GR,D
11:19:18,MYOR,RG,2280,10,D,CC,GR,D
11:19:18,MYOR,RG,2280,20,F,CS,GR,D
11:19:18,MYOR,RG,2280,1,D,NI,GR,D
11:19:18,MYOR,RG,2280,1,D,PD,GR,D
11:19:18,MYOR,RG,2280,16,D,NI,GR,D
11:17:45,MYOR,RG,2280,1,D,NI,XC,D
11:17:31,MYOR,RG,2290,1,D,PD,PD,D
11:17:17,MYOR,RG,2290,138,F,CS,BK,F
11:17:17,MYOR,RG,2290,1,D,PD,BK,F
11:17:17,MYOR,RG,2290,2,D,PD,BK,F
11:17:17,MYOR,RG,2290,5,D,PD,BK,F
11:17:17,MYOR,RG,2290,87,F,BK,BK,F
11:17:17,MYOR,RG,2290,17,D,YP,BK,F
11:17:16,MYOR,RG,2290,412,D,YP,GR,D
11:17:16,MYOR,RG,2290,98,F,CS,GR,D
11:17:16,MYOR,RG,2290,22,D,YP,GR,D
11:17:16,MYOR,RG,2290,20,D,GR,GR,D
11:17:16,MYOR,RG,2290,58,F,BK,GR,D
11:17:16,MYOR,RG,2290,1,D,NI,GR,D
11:17:16,MYOR,RG,2290,12,F,CS,GR,D
11:17:16,MYOR,RG,2290,97,F,CS,GR,D
11:17:16,MYOR,RG,2290,162,D,EP,GR,D
11:16:11,MYOR,RG,2290,50,D,EP,CC,D
11:15:59,MYOR,RG,2290,5,D,EP,PD,D
11:15:14,MYOR,RG,2290,2,D,EP,XC,D
11:14:45,MYOR,RG,2300,35,D,CC,PD,D
11:14:43,MYOR,RG,2300,1,D,KK,PD,D
11:13:02,MYOR,RG,2300,1,D,PD,PD,D
11:12:53,MYOR,RG,2290,16,D,EP,YP,D
11:12:49,MYOR,RG,2290,10,D,EP,PD,D
11:12:48,MYOR,RG,2300,10,F,BK,PD,D
11:12:47,MYOR,RG,2290,48,D,EP,YP,D
11:12:22,MYOR,RG,2290,6,D,EP,PD,D
11:12:16,MYOR,RG,2290,50,D,EP,NI,D
11:12:16,MYOR,RG,2290,1,D,EP,PD,D
11:12:16,MYOR,RG,2290,150,D,EP,LG,D
11:11:55,MYOR,RG,2280,83,D,NI,GR,D
11:11:55,MYOR,RG,2280,56,F,BK,GR,D
11:11:55,MYOR,RG,2280,95,F,CS,GR,D
11:11:55,MYOR,RG,2280,10,D,CC,GR,D
11:11:55,MYOR,RG,2280,100,D,CC,GR,D
11:11:55,MYOR,RG,2280,124,F,AK,GR,D
11:11:55,MYOR,RG,2280,10,D,EP,GR,D
11:11:55,MYOR,RG,2280,62,F,BK,GR,D
11:11:55,MYOR,RG,2280,192,D,GR,GR,D
11:11:55,MYOR,RG,2280,20,D,DR,GR,D
11:11:55,MYOR,RG,2280,5,D,PD,GR,D
11:11:55,MYOR,RG,2280,10,D,DR,GR,D
11:11:55,MYOR,RG,2280,2,D,YP,GR,D
11:11:55,MYOR,RG,2280,117,F,CS,GR,D
11:11:55,MYOR,RG,2280,296,F,BK,GR,D
11:11:55,MYOR,RG,2280,1,D,PD,GR,D
11:11:55,MYOR,RG,2280,1,D,PD,GR,D
11:11:55,MYOR,RG,2280,50,D,MK,GR,D
11:11:55,MYOR,RG,2280,1,D,XC,GR,D
11:11:55,MYOR,RG,2280,4,D,KK,GR,D
11:11:55,MYOR,RG,2280,5,D,YP,GR,D
11:11:55,MYOR,RG,2280,2,D,PD,GR,D
11:11:55,MYOR,RG,2280,85,D,PD,GR,D
11:11:55,MYOR,RG,2280,14,D,PD,GR,D
11:11:55,MYOR,RG,2280,500,D,DH,GR,D
11:11:55,MYOR,RG,2280,111,D,NI,GR,D
11:11:55,MYOR,RG,2280,1,D,YP,GR,D
11:11:55,MYOR,RG,2280,1,D,PD,GR,D
11:11:55,MYOR,RG,2280,2,D,XC,GR,D
11:11:55,MYOR,RG,2280,2,D,AT,GR,D
11:11:55,MYOR,RG,2280,5,D,PD,GR,D
11:11:55,MYOR,RG,2280,1,D,CC,GR,D
11:11:55,MYOR,RG,2280,30,D,OD,GR,D
11:11:55,MYOR,RG,2280,10,D,EP,GR,D
11:11:55,MYOR,RG,2280,2,D,DR,GR,D
11:11:55,MYOR,RG,2280,1,D,OD,GR,D
11:11:55,MYOR,RG,2280,4,D,CC,GR,D
11:11:55,MYOR,RG,2280,10,D,CC,GR,D
11:11:55,MYOR,RG,2280,4,D,YP,GR,D
11:11:55,MYOR,RG,2280,8,D,YP,GR,D
11:11:55,MYOR,RG,2280,50,D,NI,GR,D
11:11:55,MYOR,RG,2280,2,D,XC,GR,D
11:11:55,MYOR,RG,2280,1,D,YP,GR,D
11:11:55,MYOR,RG,2280,10,D,YP,GR,D
11:11:55,MYOR,RG,2280,8,D,DH,GR,D
11:11:55,MYOR,RG,2280,70,F,CS,GR,D
11:11:55,MYOR,RG,2280,50,D,SQ,GR,D
11:11:55,MYOR,RG,2280,10,D,EP,GR,D
11:11:55,MYOR,RG,2280,25,D,XC,GR,D
11:11:55,MYOR,RG,2280,4,D,KK,GR,D
11:11:55,MYOR,RG,2280,85,D,PD,GR,D
11:11:55,MYOR,RG,2280,14,D,PD,GR,D
11:11:55,MYOR,RG,2280,4,D,CC,GR,D
11:11:55,MYOR,RG,2280,26,F,CS,GR,D
11:11:55,MYOR,RG,2280,10,D,CC,GR,D
11:11:55,MYOR,RG,2280,5,D,DH,GR,D
11:11:55,MYOR,RG,2280,1,D,DH,GR,D
11:11:55,MYOR,RG,2280,5,D,OD,GR,D
11:11:55,MYOR,RG,2280,26,D,XC,GR,D
11:11:55,MYOR,RG,2280,1,D,XC,GR,D
11:11:55,MYOR,RG,2280,10,D,CC,GR,D
11:11:55,MYOR,RG,2280,255,D,YP,GR,D
11:11:55,MYOR,RG,2280,186,F,CS,GR,D
11:11:36,MYOR,RG,2280,3,F,CS,SQ,D
11:11:35,MYOR,RG,2290,11,F,BK,LG,D
11:11:31,MYOR,RG,2290,43,F,BK,LG,D
11:11:30,MYOR,RG,2290,129,F,AK,LG,D
11:11:29,MYOR,RG,2290,25,F,BK,LG,D
11:11:29,MYOR,RG,2290,142,F,CS,LG,D
11:11:29,MYOR,RG,2290,2,F,CS,PD,D
11:11:29,MYOR,RG,2290,1,F,CS,XC,D
11:11:29,MYOR,RG,2290,20,F,CS,PD,D
11:11:29,MYOR,RG,2290,4,F,CS,OD,D
11:11:28,MYOR,RG,2290,41,D,PD,OD,D
11:11:28,MYOR,RG,2290,5,D,PD,YP,D
11:11:28,MYOR,RG,2290,5,D,PD,XC,D
11:11:28,MYOR,RG,2290,15,D,PD,SQ,D
11:11:28,MYOR,RG,2290,361,D,PD,LG,D
11:11:28,MYOR,RG,2290,72,D,PD,LG,D
11:11:18,MYOR,RG,2290,10,D,XC,LG,D
11:10:54,MYOR,RG,2290,5,D,NI,LG,D
11:10:21,MYOR,RG,2280,5,F,CS,DH,D
11:09:58,MYOR,RG,2290,100,D,KK,LG,D
11:09:16,MYOR,RG,2290,20,D,XC,LG,D
11:09:12,MYOR,RG,2280,1,F,CS,PD,D
11:08:53,MYOR,RG,2290,50,D,YP,LG,D
11:08:29,MYOR,RG,2290,1,D,XC,LG,D
11:08:25,MYOR,RG,2290,1,D,PD,LG,D
11:08:04,MYOR,RG,2290,102,D,CC,LG,D
11:07:52,MYOR,RG,2290,70,D,YP,LG,D
11:07:06,MYOR,RG,2290,1,D,PD,LG,D
11:06:52,MYOR,RG,2290,1,D,PD,LG,D
11:06:30,MYOR,RG,2290,4,D,AT,LG,D
11:05:46,MYOR,RG,2290,1,D,XC,LG,D
11:04:21,MYOR,RG,2290,25,D,DR,LG,D
11:04:20,MYOR,RG,2280,17,F,CS,NI,D
11:04:20,MYOR,RG,2280,20,D,CC,NI,D
11:04:20,MYOR,RG,2280,3,D,PD,NI,D
11:04:05,MYOR,RG,2280,2,D,PD,XC,D
11:04:01,MYOR,RG,2290,4,D,PD,LG,D
11:03:03,MYOR,RG,2280,50,D,PD,NI,D
11:02:44,MYOR,RG,2290,1,D,PD,LG,D
11:01:50,MYOR,RG,2280,10,D,PD,RG,D
11:01:16,MYOR,RG,2290,2,D,XC,LG,D
11:00:55,MYOR,RG,2290,1,D,XC,LG,D
11:00:52,MYOR,RG,2290,4,D,XC,LG,D
11:00:50,MYOR,RG,2290,50,D,YP,LG,D
11:00:48,MYOR,RG,2290,58,D,DR,LG,D
11:00:17,MYOR,RG,2290,1,D,XC,LG,D
11:00:13,MYOR,RG,2290,79,F,CS,LG,D
11:00:13,MYOR,RG,2290,13,F,CS,LG,D
11:00:13,MYOR,RG,2290,2,F,CS,LG,D
11:00:13,MYOR,RG,2290,7,F,CS,LG,D
11:00:13,MYOR,RG,2290,6,F,CS,LG,D
11:00:13,MYOR,RG,2290,31,F,CS,LG,D
11:00:13,MYOR,RG,2290,43,F,CS,LG,D
11:00:13,MYOR,RG,2290,2,D,XC,LG,D
11:00:13,MYOR,RG,2290,3,F,CS,LG,D
11:00:13,MYOR,RG,2290,26,F,CS,LG,D
11:00:13,MYOR,RG,2290,170,D,PD,LG,D
11:00:13,MYOR,RG,2290,29,D,PD,LG,D
11:00:13,MYOR,RG,2290,46,F,CS,LG,D
11:00:13,MYOR,RG,2290,4,D,NI,LG,D
11:00:13,MYOR,RG,2290,10,D,CC,LG,D
11:00:13,MYOR,RG,2290,58,F,CS,LG,D
11:00:13,MYOR,RG,2290,4,D,BQ,LG,D
11:00:13,MYOR,RG,2290,10,D,CC,LG,D
11:00:13,MYOR,RG,2290,75,D,DR,LG,D
11:00:13,MYOR,RG,2290,1,D,DH,LG,D
11:00:13,MYOR,RG,2290,2,D,XC,LG,D
11:00:13,MYOR,RG,2290,20,D,SQ,LG,D
11:00:13,MYOR,RG,2290,10,D,YP,LG,D
11:00:13,MYOR,RG,2290,5,D,YP,LG,D
11:00:13,MYOR,RG,2290,4,D,CC,LG,D
11:00:13,MYOR,RG,2290,5,D,PD,LG,D
11:00:13,MYOR,RG,2290,1,D,PD,LG,D
11:00:13,MYOR,RG,2290,2,D,NI,LG,D
11:00:13,MYOR,RG,2290,2,D,PD,LG,D
11:00:13,MYOR,RG,2290,1,D,PD,LG,D
11:00:13,MYOR,RG,2290,100,D,CC,LG,D
11:00:13,MYOR,RG,2290,5,D,DH,LG,D
11:00:13,MYOR,RG,2290,51,F,CS,LG,D
11:00:13,MYOR,RG,2290,170,D,PD,LG,D
11:00:13,MYOR,RG,2290,29,D,PD,LG,D
11:00:13,MYOR,RG,2290,1,D,GR,LG,D
11:00:13,MYOR,RG,2290,2,D,KK,LG,D
11:00:13,MYOR,RG,2290,111,D,NI,LG,D
11:00:13,MYOR,RG,2290,10,D,XC,LG,D
11:00:08,MYOR,RG,2300,2,D,XC,PD,D
11:00:06,MYOR,RG,2300,1,D,AT,PD,D
10:59:44,MYOR,RG,2300,20,D,NI,PD,D
10:59:08,MYOR,RG,2290,8,D,XC,PC,D
10:59:08,MYOR,RG,2290,22,D,LS,PC,D
10:58:19,MYOR,RG,2300,31,D,DR,PD,D
10:57:57,MYOR,RG,2290,50,D,LS,EP,D
10:56:45,MYOR,RG,2300,19,D,DR,PD,D
10:56:45,MYOR,RG,2300,30,D,DR,KK,D
10:56:27,MYOR,RG,2290,28,D,LS,PD,D
10:56:27,MYOR,RG,2290,4,D,YP,PD,D
10:56:27,MYOR,RG,2290,10,D,PD,PD,D
10:56:27,MYOR,RG,2290,2,D,PD,PD,D
10:56:27,MYOR,RG,2290,97,F,BK,PD,D
10:56:27,MYOR,RG,2290,96,F,CS,PD,D
10:56:27,MYOR,RG,2290,100,D,CC,PD,D
10:56:27,MYOR,RG,2290,74,D,DR,PD,D
10:56:27,MYOR,RG,2290,150,D,CC,PD,D
10:56:27,MYOR,RG,2290,200,D,PD,PD,D
10:56:27,MYOR,RG,2290,85,D,PD,PD,D
10:56:27,MYOR,RG,2290,14,D,PD,PD,D
10:56:27,MYOR,RG,2290,48,F,BK,PD,D
10:56:03,MYOR,RG,2300,1,D,NI,KK,D
10:55:57,MYOR,RG,2300,1,D,XC,KK,D
10:55:34,MYOR,RG,2300,2,D,NI,KK,D
10:55:07,MYOR,RG,2300,1,D,PD,KK,D
10:54:14,MYOR,RG,2300,2,D,OD,KK,D
10:54:05,MYOR,RG,2300,1,D,XC,KK,D
10:53:01,MYOR,RG,2300,5,D,PD,KK,D
10:53:01,MYOR,RG,2300,2,D,DR,KK,D
10:52:58,MYOR,RG,2290,1,F,BK,XC,D
10:52:58,MYOR,RG,2290,1,F,CS,XC,D
10:52:54,MYOR,RG,2290,1,F,CS,DH,D
10:52:14,MYOR,RG,2290,1,F,CS,CC,D
10:50:53,MYOR,RG,2290,5,F,CS,SQ,D
10:50:53,MYOR,RG,2290,15,D,PD,SQ,D
10:49:59,MYOR,RG,2290,5,D,PD,NI,D
10:48:44,MYOR,RG,2290,1,D,PD,NI,D
10:48:22,MYOR,RG,2300,71,D,DR,KK,D
10:48:21,MYOR,RG,2300,1,D,DR,KK,D
10:48:05,MYOR,RG,2290,2,D,PD,CC,D
10:47:51,MYOR,RG,2290,4,D,PD,NI,D
10:47:04,MYOR,RG,2300,5,D,CC,KK,D
10:46:54,MYOR,RG,2300,5,D,DH,KK,D
10:46:46,MYOR,RG,2300,2,D,DR,KK,D
10:46:45,MYOR,RG,2300,85,D,DR,KK,D
10:46:38,MYOR,RG,2290,1,D,PD,XC,D
10:46:05,MYOR,RG,2290,1,D,PD,NI,D
10:45:48,MYOR,RG,2290,45,D,PD,NI,D
10:44:52,MYOR,RG,2300,14,D,PD,KK,D
10:44:29,MYOR,RG,2300,1,D,YP,KK,D
10:43:36,MYOR,RG,2300,4,D,NI,KK,D
10:43:36,MYOR,RG,2290,11,D,PD,LG,D
10:43:36,MYOR,RG,2290,3,D,PD,LG,D
10:42:37,MYOR,RG,2300,10,D,XC,KK,D
10:41:50,MYOR,RG,2300,1,D,PD,KK,D
10:41:27,MYOR,RG,2290,3,D,PD,CC,D
10:41:06,MYOR,RG,2300,1,D,EP,KK,D
10:40:15,MYOR,RG,2290,1,D,PD,OD,D
10:39:47,MYOR,RG,2290,7,D,PD,DH,D
10:37:56,MYOR,RG,2290,1,F,CS,XC,D
10:37:48,MYOR,RG,2290,18,F,CS,BK,F
10:37:10,MYOR,RG,2290,5,D,CC,BK,F
10:37:09,MYOR,RG,2290,38,F,CS,BK,F
10:37:09,MYOR,RG,2290,22,D,PD,BK,F
10:35:55,MYOR,RG,2290,1,D,EP,BK,F
10:35:32,MYOR,RG,2290,4,D,NI,BK,F
10:35:23,MYOR,RG,2290,10,D,YP,BK,F
10:35:07,MYOR,RG,2290,1,D,NI,MG,D
10:34:53,MYOR,RG,2290,1,D,EP,MG,D
10:34:16,MYOR,RG,2290,5,D,EP,MG,D
10:34:16,MYOR,RG,2290,125,D,DR,MG,D
10:34:16,MYOR,RG,2290,26,F,CS,MG,D
10:34:16,MYOR,RG,2290,4,F,CS,MG,D
10:34:15,MYOR,RG,2290,148,F,BK,MG,D
10:34:15,MYOR,RG,2290,78,D,DR,MG,D
10:34:15,MYOR,RG,2290,25,F,CS,MG,D
10:34:15,MYOR,RG,2290,17,F,CS,MG,D
10:34:15,MYOR,RG,2290,70,D,PD,MG,D
10:34:08,MYOR,RG,2290,1,D,PD,EP,D
10:34:07,MYOR,RG,2300,13,F,BK,KK,D
10:34:03,MYOR,RG,2290,10,D,PD,PD,D
10:34:03,MYOR,RG,2290,1,D,PD,PD,D
10:34:03,MYOR,RG,2290,20,D,PD,PD,D
10:34:03,MYOR,RG,2290,20,D,PD,OD,D
10:34:03,MYOR,RG,2290,22,D,PD,PD,D
10:34:03,MYOR,RG,2290,10,D,PD,ZP,D
10:34:03,MYOR,RG,2290,1,D,PD,XC,D
10:34:03,MYOR,RG,2290,15,D,PD,CC,D
10:34:03,MYOR,RG,2290,5,D,PD,CC,D
10:34:03,MYOR,RG,2290,3,D,PD,IF,D
10:34:03,MYOR,RG,2290,1,D,PD,NI,D
10:34:03,MYOR,RG,2290,10,D,PD,PD,D
10:34:03,MYOR,RG,2290,2,D,PD,AT,D
10:34:03,MYOR,RG,2290,8,D,PD,YP,D
10:34:03,MYOR,RG,2290,2,D,XC,YP,D
10:34:03,MYOR,RG,2290,3,D,XC,YP,D
10:33:45,MYOR,RG,2290,2,F,BK,YP,D
10:33:45,MYOR,RG,2290,12,F,BK,SQ,D
10:33:43,MYOR,RG,2290,82,F,CS,SQ,D
10:33:35,MYOR,RG,2290,1,D,XC,SQ,D
10:33:11,MYOR,RG,2290,1,D,EP,SQ,D
10:33:10,MYOR,RG,2280,1,D,PD,PD,D
10:33:07,MYOR,RG,2290,3,D,DR,SQ,D
10:32:52,MYOR,RG,2290,1,D,XC,SQ,D
10:32:52,MYOR,RG,2290,1,D,XC,YP,D
10:32:50,MYOR,RG,2280,1,D,PD,EP,D
10:32:50,MYOR,RG,2290,3,D,EP,YP,D
10:32:50,MYOR,RG,2290,2,D,EP,SQ,D
10:32:50,MYOR,RG,2290,45,D,EP,SQ,D
10:32:45,MYOR,RG,2290,14,F,BK,SQ,D
10:32:41,MYOR,RG,2290,17,F,BK,SQ,D
10:32:36,MYOR,RG,2290,170,D,PD,SQ,D
10:32:36,MYOR,RG,2290,29,D,PD,SQ,D
10:32:29,MYOR,RG,2290,10,F,BK,SQ,D
10:32:25,MYOR,RG,2290,19,F,BK,SQ,D
10:32:23,MYOR,RG,2290,170,D,PD,SQ,D
10:32:23,MYOR,RG,2290,29,D,PD,SQ,D
10:32:17,MYOR,RG,2290,11,F,BK,SQ,D
10:32:15,MYOR,RG,2290,85,D,PD,SQ,D
10:32:14,MYOR,RG,2290,14,D,PD,SQ,D
10:32:10,MYOR,RG,2290,2,D,EP,SQ,D
10:31:21,MYOR,RG,2280,10,D,PD,CC,D
10:31:08,MYOR,RG,2280,1,D,PD,XC,D
10:31:01,MYOR,RG,2280,1,D,PD,XC,D
10:30:52,MYOR,RG,2280,2,D,PD,XC,D
10:30:52,MYOR,RG,2290,1,D,NI,SQ,D
10:30:51,MYOR,RG,2290,1,D,XC,SQ,D
10:30:15,MYOR,RG,2290,14,F,BK,SQ,D
10:30:09,MYOR,RG,2290,29,F,BK,SQ,D
10:30:09,MYOR,RG,2290,291,F,CS,SQ,D
10:29:20,MYOR,RG,2290,1,D,XC,SQ,D
10:29:19,MYOR,RG,2290,48,D,LG,SQ,D
10:29:19,MYOR,RG,2290,1,D,LG,PD,D
10:29:19,MYOR,RG,2290,1,D,LG,LG,D
10:29:11,MYOR,RG,2290,15,F,BK,LG,D
10:29:10,MYOR,RG,2290,100,D,CC,LG,D
10:28:07,MYOR,RG,2290,2,D,PD,LG,D
10:27:47,MYOR,RG,2290,23,D,DR,LG,D
10:27:27,MYOR,RG,2290,4,D,XC,LG,D
10:27:21,MYOR,RG,2290,10,D,SQ,LG,D
10:27:20,MYOR,RG,2290,2,D,DH,LG,D
10:26:52,MYOR,RG,2290,100,D,CC,LG,D
10:26:41,MYOR,RG,2280,4,D,PD,CC,D
10:26:41,MYOR,RG,2280,14,D,PD,CC,D
10:26:41,MYOR,RG,2280,14,D,YP,CC,D
10:26:41,MYOR,RG,2280,20,D,DR,CC,D
10:26:41,MYOR,RG,2280,15,D,SQ,CC,D
10:26:41,MYOR,RG,2280,10,D,KK,CC,D
10:26:41,MYOR,RG,2280,19,F,BK,CC,D
10:26:41,MYOR,RG,2280,4,D,CC,CC,D
10:26:33,MYOR,RG,2290,3,D,XC,LG,D
10:25:04,MYOR,RG,2290,55,D,DR,LG,D
10:25:02,MYOR,RG,2280,6,D,CC,PD,D
10:24:50,MYOR,RG,2290,2,D,YP,LG,D
10:23:55,MYOR,RG,2280,5,D,CC,PD,D
10:23:52,MYOR,RG,2280,2,D,CC,PD,D
10:23:12,MYOR,RG,2280,2,D,CC,XC,D
10:23:08,MYOR,RG,2290,50,D,GR,LG,D
10:22:54,MYOR,RG,2290,16,D,EP,LG,D
10:22:48,MYOR,RG,2290,1,D,PD,LG,D
10:22:34,MYOR,RG,2290,5,D,DR,LG,D
10:22:24,MYOR,RG,2290,400,D,YP,LG,D
10:21:51,MYOR,RG,2290,5,D,PD,LG,D
10:21:45,MYOR,RG,2280,26,D,CC,EP,D
10:21:45,MYOR,RG,2280,1,D,PD,EP,D
10:21:45,MYOR,RG,2280,22,D,OD,EP,D
10:21:45,MYOR,RG,2280,34,F,CS,EP,D
10:21:45,MYOR,RG,2280,17,D,CC,EP,D
10:21:34,MYOR,RG,2290,45,D,CC,LG,D
10:21:29,MYOR,RG,2290,1,D,DH,LG,D
10:21:20,MYOR,RG,2290,10,D,CC,LG,D
10:21:10,MYOR,RG,2290,1,D,DH,LG,D
10:20:54,MYOR,RG,2290,10,D,CC,LG,D
10:20:36,MYOR,RG,2290,1,D,XC,LG,D
10:18:51,MYOR,RG,2290,1,D,PD,LG,D
10:18:27,MYOR,RG,2290,6,D,PD,LG,D
10:18:15,MYOR,RG,2280,10,D,CC,PD,D
10:18:11,MYOR,RG,2280,23,D,CC,EP,D
10:18:11,MYOR,RG,2280,2,D,DR,EP,D
10:17:39,MYOR,RG,2280,5,D,CC,NI,D
10:17:39,MYOR,RG,2280,15,F,CS,NI,D
10:17:28,MYOR,RG,2290,1,D,CC,LG,D
10:17:25,MYOR,RG,2280,9,F,CS,OD,D
10:17:25,MYOR,RG,2280,2,D,DR,OD,D
10:17:25,MYOR,RG,2280,2,D,DR,OD,D
10:17:25,MYOR,RG,2280,7,F,BK,OD,D
10:17:23,MYOR,RG,2280,18,F,BK,OD,D
10:17:23,MYOR,RG,2280,2,D,EP,OD,D
10:17:22,MYOR,RG,2290,2,D,PD,LG,D
10:16:30,MYOR,RG,2290,3,D,NI,LG,D
10:16:28,MYOR,RG,2280,5,D,EP,PD,D
10:16:28,MYOR,RG,2280,1,D,XC,PD,D
10:16:28,MYOR,RG,2280,2,D,DR,PD,D
10:16:28,MYOR,RG,2280,2,D,AT,PD,D
10:16:13,MYOR,RG,2280,1,D,PD,DH,D
10:16:10,MYOR,RG,2280,87,F,CS,LG,D
10:16:10,MYOR,RG,2280,7,D,PD,LG,D
10:16:10,MYOR,RG,2280,1,D,DH,LG,D
10:16:10,MYOR,RG,2280,50,D,NI,LG,D
10:16:10,MYOR,RG,2280,1,D,XC,LG,D
10:16:10,MYOR,RG,2280,151,F,BK,LG,D
10:16:10,MYOR,RG,2280,2,D,OD,LG,D
10:16:10,MYOR,RG,2280,28,F,CS,LG,D
10:16:10,MYOR,RG,2280,12,F,CS,LG,D
10:16:10,MYOR,RG,2280,1,D,PD,LG,D
10:16:10,MYOR,RG,2280,1,D,PD,LG,D
10:16:10,MYOR,RG,2280,2,D,NI,LG,D
10:16:10,MYOR,RG,2280,5,D,GR,LG,D
10:16:10,MYOR,RG,2280,1,D,PD,LG,D
10:16:10,MYOR,RG,2280,3,D,PD,LG,D
10:16:10,MYOR,RG,2280,2,D,DR,LG,D
10:16:10,MYOR,RG,2280,10,D,YP,LG,D
10:16:10,MYOR,RG,2280,50,D,YP,LG,D
10:16:10,MYOR,RG,2280,9,D,CC,LG,D
10:16:10,MYOR,RG,2280,2,D,DR,LG,D
10:16:10,MYOR,RG,2280,2,D,DR,LG,D
10:16:10,MYOR,RG,2280,2,D,DR,LG,D
10:16:10,MYOR,RG,2280,5,D,NI,LG,D
10:16:10,MYOR,RG,2280,85,D,PD,LG,D
10:16:10,MYOR,RG,2280,14,D,PD,LG,D
10:16:10,MYOR,RG,2280,15,D,CC,LG,D
10:16:10,MYOR,RG,2280,202,D,KK,LG,D
10:16:05,MYOR,RG,2280,10,D,KK,YP,D
10:15:14,MYOR,RG,2280,1,D,KK,DH,D
10:15:10,MYOR,RG,2290,5,D,XC,LG,D
10:14:55,MYOR,RG,2290,1,D,XC,LG,D
10:14:55,MYOR,RG,2280,5,D,KK,XC,D
10:14:55,MYOR,RG,2280,1,D,PD,XC,D
10:14:55,MYOR,RG,2280,2,D,DR,XC,D
10:14:55,MYOR,RG,2280,2,D,DR,XC,D
10:14:55,MYOR,RG,2280,2,D,CC,XC,D
10:14:55,MYOR,RG,2280,2,D,XC,XC,D
10:14:55,MYOR,RG,2280,5,D,PD,XC,D
10:14:55,MYOR,RG,2280,11,D,DR,XC,D
10:14:55,MYOR,RG,2280,6,D,DR,XC,D
10:14:55,MYOR,RG,2280,5,D,PD,XC,D
10:14:55,MYOR,RG,2280,25,D,PD,XC,D
10:14:55,MYOR,RG,2280,50,D,MK,XC,D
10:14:55,MYOR,RG,2280,1,D,YP,XC,D
10:14:55,MYOR,RG,2280,1,D,PD,XC,D
10:14:55,MYOR,RG,2280,85,D,PD,XC,D
10:14:55,MYOR,RG,2280,14,D,PD,XC,D
10:14:55,MYOR,RG,2280,5,D,AZ,XC,D
10:14:55,MYOR,RG,2280,1,D,PD,XC,D
10:14:55,MYOR,RG,2280,10,D,SQ,XC,D
10:14:55,MYOR,RG,2280,50,D,YB,XC,D
10:14:55,MYOR,RG,2280,4,D,PD,XC,D
10:14:55,MYOR,RG,2280,1,D,CC,XC,D
10:14:55,MYOR,RG,2280,5,D,CC,XC,D
10:14:55,MYOR,RG,2280,5,D,NI,XC,D
10:14:55,MYOR,RG,2280,10,D,YP,XC,D
10:14:55,MYOR,RG,2280,10,D,SQ,XC,D
10:14:55,MYOR,RG,2280,5,D,DR,XC,D
10:14:55,MYOR,RG,2280,11,D,PD,XC,D
10:14:55,MYOR,RG,2280,5,D,DH,XC,D
10:14:55,MYOR,RG,2280,5,D,DR,XC,D
10:14:55,MYOR,RG,2280,10,D,DR,XC,D
10:14:55,MYOR,RG,2280,50,D,CC,XC,D
10:14:55,MYOR,RG,2280,20,D,DR,XC,D
10:14:55,MYOR,RG,2280,9,D,NI,XC,D
10:14:55,MYOR,RG,2280,15,D,PD,XC,D
10:14:55,MYOR,RG,2280,1,D,PD,XC,D
10:14:55,MYOR,RG,2280,20,D,YP,XC,D
10:14:55,MYOR,RG,2280,10,D,CC,XC,D
10:14:55,MYOR,RG,2280,1,D,YP,XC,D
10:14:55,MYOR,RG,2280,30,D,YP,XC,D
10:14:55,MYOR,RG,2280,90,D,CC,XC,D
10:14:15,MYOR,RG,2290,50,D,CC,LG,D
10:14:15,MYOR,RG,2280,10,D,CC,LG,D
10:14:13,MYOR,RG,2290,1,D,DH,LG,D
10:13:57,MYOR,RG,2290,4,D,DH,LG,D
10:13:01,MYOR,RG,2290,50,D,CC,LG,D
10:12:54,MYOR,RG,2290,1,D,PD,LG,D
10:12:39,MYOR,RG,2290,1,D,CC,LG,D
10:12:39,MYOR,RG,2290,3,D,XC,LG,D
10:12:39,MYOR,RG,2290,9,D,DR,LG,D
10:12:32,MYOR,RG,2290,6,D,DR,XC,D
10:12:28,MYOR,RG,2290,42,D,DR,SQ,D
10:12:28,MYOR,RG,2290,1,D,XC,SQ,D
10:12:28,MYOR,RG,2290,11,D,XC,SQ,D
10:12:28,MYOR,RG,2290,29,D,YP,SQ,D
10:12:28,MYOR,RG,2290,2,D,PD,SQ,D
10:12:28,MYOR,RG,2290,1,D,CC,SQ,D
10:12:28,MYOR,RG,2290,1,D,DH,SQ,D
10:12:28,MYOR,RG,2290,2,D,PD,SQ,D
10:12:28,MYOR,RG,2290,11,F,CS,SQ,D
10:12:24,MYOR,RG,2290,89,F,CS,YP,D
10:12:24,MYOR,RG,2290,57,D,DR,YP,D
10:12:24,MYOR,RG,2290,20,D,XC,YP,D
10:12:24,MYOR,RG,2290,6,D,CC,YP,D
10:12:24,MYOR,RG,2290,5,D,GR,YP,D
10:12:24,MYOR,RG,2290,1,D,PD,YP,D
10:12:24,MYOR,RG,2290,2,D,DR,YP,D
10:12:24,MYOR,RG,2290,5,D,SQ,YP,D
10:12:24,MYOR,RG,2290,5,D,PD,YP,D
10:12:24,MYOR,RG,2290,1,D,CC,YP,D
10:12:24,MYOR,RG,2290,2,D,OD,YP,D
10:12:24,MYOR,RG,2290,7,D,PD,YP,D
10:11:59,MYOR,RG,2290,68,D,PD,XC,D
10:11:59,MYOR,RG,2290,2,D,DR,XC,D
10:11:59,MYOR,RG,2290,2,D,DR,XC,D
10:11:59,MYOR,RG,2290,28,D,YP,XC,D
10:11:48,MYOR,RG,2290,2,D,YP,PD,D
10:11:48,MYOR,RG,2290,2,D,DR,PD,D
10:11:48,MYOR,RG,2290,16,D,CC,PD,D
10:11:48,MYOR,RG,2290,2,D,CC,YP,D
10:11:23,MYOR,RG,2290,2,D,CC,DH,D
10:10:11,MYOR,RG,2290,5,D,XC,OD,D
10:10:11,MYOR,RG,2290,10,F,CS,OD,D
10:10:09,MYOR,RG,2290,1,F,CS,YP,D
10:09:57,MYOR,RG,2290,1,F,CS,YP,D
10:09:16,MYOR,RG,2290,2,F,CS,PD,D
10:08:54,MYOR,RG,2300,30,D,YP,KK,D
10:08:23,MYOR,RG,2300,1,D,GR,KK,D
10:08:20,MYOR,RG,2290,1,F,CS,NI,D
10:07:53,MYOR,RG,2290,7,F,CS,PD,D
10:07:53,MYOR,RG,2290,2,D,PD,PD,D
10:07:53,MYOR,RG,2290,1,D,XC,PD,D
10:07:53,MYOR,RG,2290,20,D,CC,PD,D
10:07:35,MYOR,RG,2300,20,D,YP,KK,D
10:07:16,MYOR,RG,2290,3,D,SQ,PD,D
10:07:15,MYOR,RG,2290,1,D,SQ,PD,D
10:07:10,MYOR,RG,2300,1,D,DH,KK,D
10:06:40,MYOR,RG,2290,5,D,SQ,NI,D
10:06:37,MYOR,RG,2300,10,D,KK,KK,D
10:06:22,MYOR,RG,2290,1,D,SQ,YP,D
10:06:22,MYOR,RG,2290,2,D,PD,YP,D
10:06:22,MYOR,RG,2290,15,D,CC,YP,D
10:06:22,MYOR,RG,2290,2,D,DR,YP,D
10:06:22,MYOR,RG,2290,15,F,CS,YP,D
10:06:06,MYOR,RG,2290,10,F,CS,NI,D
10:05:57,MYOR,RG,2290,5,F,CS,GR,D
10:05:57,MYOR,RG,2290,85,D,PD,GR,D
10:05:57,MYOR,RG,2290,14,D,PD,GR,D
10:05:57,MYOR,RG,2290,1,D,PD,GR,D
10:05:57,MYOR,RG,2290,6,D,YP,GR,D
10:05:57,MYOR,RG,2290,25,D,YP,GR,D
10:05:57,MYOR,RG,2290,21,D,YP,GR,D
10:05:57,MYOR,RG,2290,1,D,PD,GR,D
10:05:57,MYOR,RG,2290,10,D,YP,GR,D
10:05:57,MYOR,RG,2290,10,D,PD,GR,D
10:05:57,MYOR,RG,2290,5,D,NI,GR,D
10:05:57,MYOR,RG,2290,2,D,NI,GR,D
10:05:57,MYOR,RG,2290,4,D,AT,GR,D
10:05:57,MYOR,RG,2290,18,D,DX,GR,D
10:05:57,MYOR,RG,2290,5,D,AT,GR,D
10:05:57,MYOR,RG,2290,5,D,PD,GR,D
10:05:57,MYOR,RG,2290,1,D,YP,GR,D
10:05:57,MYOR,RG,2290,100,D,CC,GR,D
10:05:57,MYOR,RG,2290,5,D,TF,GR,D
10:05:57,MYOR,RG,2290,1,D,PD,GR,D
10:05:57,MYOR,RG,2290,85,D,PD,GR,D
10:05:57,MYOR,RG,2290,14,D,PD,GR,D
10:05:57,MYOR,RG,2290,20,D,NI,GR,D
10:05:57,MYOR,RG,2290,9,D,NI,GR,D
10:05:57,MYOR,RG,2290,70,D,PD,GR,D
10:05:57,MYOR,RG,2290,5,D,KK,GR,D
10:05:57,MYOR,RG,2290,1,D,NI,GR,D
10:05:57,MYOR,RG,2290,2,D,PD,GR,D
10:05:57,MYOR,RG,2290,5,D,EP,GR,D
10:05:57,MYOR,RG,2290,1,D,DH,GR,D
10:05:57,MYOR,RG,2290,2,D,SQ,GR,D
10:05:57,MYOR,RG,2290,2,D,PD,GR,D
10:05:57,MYOR,RG,2290,20,D,AT,GR,D
10:05:57,MYOR,RG,2290,10,D,YP,GR,D
10:05:57,MYOR,RG,2290,3,D,PD,GR,D
10:05:57,MYOR,RG,2290,11,D,PD,GR,D
10:05:57,MYOR,RG,2290,1,D,XC,GR,D
10:05:57,MYOR,RG,2290,30,D,PD,GR,D
10:05:57,MYOR,RG,2290,5,D,YP,GR,D
10:05:57,MYOR,RG,2290,5,D,XC,GR,D
10:05:57,MYOR,RG,2290,15,D,CC,GR,D
10:05:57,MYOR,RG,2290,50,D,CC,GR,D
10:05:57,MYOR,RG,2290,1,D,XC,GR,D
10:05:57,MYOR,RG,2290,5,D,PD,GR,D
10:05:57,MYOR,RG,2290,1,D,PD,GR,D
10:05:57,MYOR,RG,2290,5,D,CC,GR,D
10:05:57,MYOR,RG,2290,10,D,CC,GR,D
10:05:57,MYOR,RG,2290,111,D,NI,GR,D
10:05:57,MYOR,RG,2290,3,D,PD,GR,D
10:05:57,MYOR,RG,2290,20,D,FS,GR,D
10:05:57,MYOR,RG,2290,5,D,NI,GR,D
10:05:57,MYOR,RG,2290,3,D,KK,GR,D
10:05:57,MYOR,RG,2290,1,D,PD,GR,D
10:05:57,MYOR,RG,2290,200,D,CP,GR,D
10:05:57,MYOR,RG,2290,2,D,NI,GR,D
10:05:57,MYOR,RG,2290,3,D,PD,GR,D
10:05:57,MYOR,RG,2290,5,D,AT,GR,D
10:05:57,MYOR,RG,2290,1,D,PC,GR,D
10:05:57,MYOR,RG,2290,1,D,YP,GR,D
10:05:57,MYOR,RG,2290,10,D,AT,GR,D
10:05:57,MYOR,RG,2290,87,D,DH,GR,D
10:05:34,MYOR,RG,2290,4,D,DH,PD,D
10:04:47,MYOR,RG,2300,10,D,CC,KK,D
10:04:41,MYOR,RG,2300,28,D,DR,KK,D
10:04:41,MYOR,RG,2300,10,D,DR,PD,D
10:04:41,MYOR,RG,2300,36,D,DR,PD,D
10:04:23,MYOR,RG,2300,1,D,PD,PD,D
10:04:14,MYOR,RG,2300,2,D,DR,PD,D
10:04:07,MYOR,RG,2300,28,F,CS,PD,D
10:04:07,MYOR,RG,2300,17,F,CS,PD,D
10:04:07,MYOR,RG,2300,2,D,PD,PD,D
10:04:07,MYOR,RG,2300,12,D,CC,PD,D
10:04:07,MYOR,RG,2300,17,D,PD,PD,D
10:03:59,MYOR,RG,2300,3,D,PD,NI,D
10:03:59,MYOR,RG,2300,7,F,CS,NI,D
10:03:54,MYOR,RG,2300,49,F,CS,YU,D
10:03:54,MYOR,RG,2300,49,F,CS,YU,D
10:03:54,MYOR,RG,2300,5,D,CC,YU,D
10:03:54,MYOR,RG,2300,10,D,SQ,YU,D
10:03:54,MYOR,RG,2300,5,D,PD,YU,D
10:03:54,MYOR,RG,2300,46,F,CS,YU,D
10:03:54,MYOR,RG,2300,1,D,PD,YU,D
10:03:54,MYOR,RG,2300,6,D,YP,YU,D
10:03:54,MYOR,RG,2300,2,D,PD,YU,D
10:03:54,MYOR,RG,2300,1,D,XC,YU,D
10:03:54,MYOR,RG,2300,26,D,PD,YU,D
10:03:44,MYOR,RG,2300,5,D,PD,NI,D
10:03:23,MYOR,RG,2310,9,D,NI,PG,D
10:03:21,MYOR,RG,2300,140,D,PD,YP,D
10:03:21,MYOR,RG,2300,28,D,PD,YP,D
10:03:21,MYOR,RG,2300,5,D,DR,YP,D
10:03:21,MYOR,RG,2300,1,D,XC,YP,D
10:03:21,MYOR,RG,2300,1,D,DH,YP,D
10:03:21,MYOR,RG,2300,10,D,NI,YP,D
10:03:21,MYOR,RG,2300,57,F,CS,YP,D
10:03:21,MYOR,RG,2300,10,D,YP,YP,D
10:03:21,MYOR,RG,2300,10,D,PD,YP,D
10:03:21,MYOR,RG,2300,1,D,YP,YP,D
10:03:21,MYOR,RG,2300,25,D,YP,YP,D
10:03:21,MYOR,RG,2300,12,F,CS,YP,D
10:03:17,MYOR,RG,2300,2,F,CS,YP,D
10:03:17,MYOR,RG,2300,75,D,DR,YP,D
10:03:17,MYOR,RG,2300,40,D,NI,YP,D
10:03:17,MYOR,RG,2300,2,D,PD,YP,D
10:03:17,MYOR,RG,2300,9,F,CS,YP,D
10:03:17,MYOR,RG,2300,10,D,XC,YP,D
10:03:17,MYOR,RG,2300,1,D,XC,YP,D
10:03:17,MYOR,RG,2300,10,D,CC,YP,D
10:03:17,MYOR,RG,2300,4,D,XC,YP,D
10:03:17,MYOR,RG,2300,38,F,CS,YP,D
10:03:17,MYOR,RG,2300,4,D,PD,YP,D
10:03:17,MYOR,RG,2300,10,D,PD,YP,D
10:03:17,MYOR,RG,2300,19,F,CS,YP,D
10:03:17,MYOR,RG,2300,50,F,CS,YP,D
10:03:17,MYOR,RG,2300,10,D,DH,YP,D
10:03:17,MYOR,RG,2300,28,F,CS,YP,D
10:03:17,MYOR,RG,2300,22,D,EP,YP,D
10:03:17,MYOR,RG,2300,12,D,AZ,YP,D
10:03:17,MYOR,RG,2300,49,F,CS,YP,D
10:03:17,MYOR,RG,2300,100,D,PD,YP,D
10:03:17,MYOR,RG,2300,3,D,XC,YP,D
10:03:17,MYOR,RG,2300,1,D,DH,YP,D
10:03:17,MYOR,RG,2300,10,D,NI,YP,D
10:03:17,MYOR,RG,2300,58,F,CS,YP,D
10:03:17,MYOR,RG,2300,5,D,CC,YP,D
10:03:17,MYOR,RG,2300,1,D,XC,YP,D
10:03:17,MYOR,RG,2300,200,D,CC,YP,D
10:03:17,MYOR,RG,2300,20,D,OD,YP,D
10:03:17,MYOR,RG,2300,1,D,XC,YP,D
10:03:17,MYOR,RG,2300,5,D,PD,YP,D
10:03:17,MYOR,RG,2300,1,D,DR,YP,D
10:03:10,MYOR,RG,2300,137,D,DR,GR,D
10:03:10,MYOR,RG,2300,10,D,TF,GR,D
10:03:10,MYOR,RG,2300,137,F,CS,GR,D
10:03:10,MYOR,RG,2300,1,D,NI,GR,D
10:03:10,MYOR,RG,2300,10,D,XC,GR,D
10:03:10,MYOR,RG,2300,2,D,XC,GR,D
10:03:10,MYOR,RG,2300,5,D,EP,GR,D
10:03:10,MYOR,RG,2300,10,D,TF,GR,D
10:03:10,MYOR,RG,2300,5,D,PD,GR,D
10:03:10,MYOR,RG,2300,10,D,NI,GR,D
10:03:10,MYOR,RG,2300,81,F,CS,GR,D
10:03:10,MYOR,RG,2300,1,D,YB,GR,D
10:03:10,MYOR,RG,2300,50,D,MK,GR,D
10:03:10,MYOR,RG,2300,60,D,CC,GR,D
10:03:10,MYOR,RG,2300,15,D,PD,GR,D
10:03:10,MYOR,RG,2300,2,D,HP,GR,D
10:03:10,MYOR,RG,2300,15,D,KK,GR,D
10:03:10,MYOR,RG,2300,171,D,PD,GR,D
10:03:10,MYOR,RG,2300,28,D,PD,GR,D
10:03:10,MYOR,RG,2300,10,D,NI,GR,D
10:03:10,MYOR,RG,2300,2,D,PD,GR,D
10:03:10,MYOR,RG,2300,2,D,DR,GR,D
10:03:10,MYOR,RG,2300,3,D,YP,GR,D
10:03:10,MYOR,RG,2300,100,D,CC,GR,D
10:03:10,MYOR,RG,2300,1,D,KK,GR,D
10:03:10,MYOR,RG,2300,10,D,GR,GR,D
10:03:10,MYOR,RG,2300,5,D,PD,GR,D
10:03:10,MYOR,RG,2300,3,D,YU,GR,D
10:03:10,MYOR,RG,2300,100,D,SQ,GR,D
10:03:10,MYOR,RG,2300,10,D,YP,GR,D
10:03:10,MYOR,RG,2300,1,D,PD,GR,D
10:03:10,MYOR,RG,2300,1,D,XC,GR,D
10:03:10,MYOR,RG,2300,250,D,CC,GR,D
10:03:10,MYOR,RG,2300,1,D,OD,GR,D
10:03:10,MYOR,RG,2300,35,D,NI,GR,D
10:03:10,MYOR,RG,2300,2,D,YP,GR,D
10:03:10,MYOR,RG,2300,5,D,PD,GR,D
10:03:10,MYOR,RG,2300,2,D,YP,GR,D
10:03:10,MYOR,RG,2300,1,D,PD,GR,D
10:03:10,MYOR,RG,2300,7,D,SQ,GR,D
10:03:10,MYOR,RG,2300,2,D,NI,GR,D
10:03:10,MYOR,RG,2300,1,D,KK,GR,D
10:03:10,MYOR,RG,2300,5,D,DH,GR,D
10:03:10,MYOR,RG,2300,1,D,KK,GR,D
10:03:10,MYOR,RG,2300,1,D,XC,GR,D
10:03:10,MYOR,RG,2300,1,D,PD,GR,D
10:03:10,MYOR,RG,2300,1,D,GR,GR,D
10:03:10,MYOR,RG,2300,20,D,DH,GR,D
10:03:10,MYOR,RG,2300,1,D,PD,GR,D
10:03:10,MYOR,RG,2300,19,D,EP,GR,D
10:03:10,MYOR,RG,2300,5,D,YP,GR,D
10:03:10,MYOR,RG,2300,10,D,YP,GR,D
10:03:10,MYOR,RG,2300,1,D,PD,GR,D
10:03:10,MYOR,RG,2300,1,D,PD,GR,D
10:03:10,MYOR,RG,2300,3,D,ZP,GR,D
10:03:10,MYOR,RG,2300,11,D,PD,GR,D
10:03:10,MYOR,RG,2300,688,D,KK,GR,D
10:03:10,MYOR,RG,2300,3,D,OD,GR,D
10:03:10,MYOR,RG,2300,1,D,XC,GR,D
10:03:10,MYOR,RG,2300,10,D,CC,GR,D
10:03:10,MYOR,RG,2300,10,D,LG,GR,D
10:03:10,MYOR,RG,2300,1,D,YP,GR,D
10:03:10,MYOR,RG,2300,20,D,DX,GR,D
10:03:10,MYOR,RG,2300,11,D,CC,GR,D
10:03:10,MYOR,RG,2300,25,D,PD,GR,D
10:03:10,MYOR,RG,2300,15,D,PD,GR,D
10:03:05,MYOR,RG,2310,171,D,PD,PG,D
10:03:04,MYOR,RG,2310,14,D,PD,PG,D
10:03:04,MYOR,RG,2310,14,D,PD,XA,D
10:02:39,MYOR,RG,2310,5,D,ZP,XA,D
10:00:50,MYOR,RG,2300,112,D,PD,NI,D
9:59:58,MYOR,RG,2310,1,D,YP,XA,D
9:59:58,MYOR,RG,2310,4,D,YP,EP,D
9:59:45,MYOR,RG,2300,1,D,PD,NI,D
9:59:45,MYOR,RG,2310,7,D,OD,EP,D
9:59:45,MYOR,RG,2310,8,D,OD,YP,D
9:58:52,MYOR,RG,2300,72,D,PD,PD,D
9:58:52,MYOR,RG,2300,10,D,CC,PD,D
9:58:52,MYOR,RG,2300,1,D,PD,PD,D
9:58:52,MYOR,RG,2300,5,D,YP,PD,D
9:58:52,MYOR,RG,2300,12,D,SQ,PD,D
9:58:45,MYOR,RG,2310,92,D,DH,YP,D
9:58:45,MYOR,RG,2310,8,D,DH,XC,D
9:58:41,MYOR,RG,2310,30,D,SQ,XC,D
9:58:09,MYOR,RG,2310,10,D,NI,XC,D
9:57:51,MYOR,RG,2310,2,D,XA,XC,D
9:57:30,MYOR,RG,2310,1,D,CC,PD,D
9:57:30,MYOR,RG,2310,2,D,CC,PD,D
9:57:30,MYOR,RG,2310,1,D,CC,YP,D
9:57:30,MYOR,RG,2310,96,D,CC,EP,D
9:56:52,MYOR,RG,2310,2,D,XC,EP,D
9:56:10,MYOR,RG,2310,5,D,PD,EP,D
9:56:06,MYOR,RG,2310,25,D,XC,EP,D
9:55:55,MYOR,RG,2310,10,D,CC,EP,D
9:55:48,MYOR,RG,2310,30,D,PD,EP,D
9:55:03,MYOR,RG,2310,69,D,DR,EP,D
9:54:49,MYOR,RG,2310,2,D,CC,EP,D
9:54:44,MYOR,RG,2310,1,D,XC,EP,D
9:54:20,MYOR,RG,2310,10,D,PD,EP,D
9:54:15,MYOR,RG,2310,1,D,XC,EP,D
9:54:12,MYOR,RG,2310,9,D,CC,EP,D
9:54:01,MYOR,RG,2310,101,F,CS,EP,D
9:54:00,MYOR,RG,2310,3,D,XC,EP,D
9:53:57,MYOR,RG,2310,5,D,CC,EP,D
9:53:43,MYOR,RG,2310,1,D,CC,EP,D
9:53:31,MYOR,RG,2310,18,D,CC,EP,D
9:53:14,MYOR,RG,2310,100,D,PD,EP,D
9:53:13,MYOR,RG,2310,12,D,CC,EP,D
9:53:13,MYOR,RG,2310,1,D,CC,SQ,D
9:53:13,MYOR,RG,2310,2,D,CC,PD,D
9:53:13,MYOR,RG,2310,1,D,CC,XC,D
9:53:13,MYOR,RG,2310,1,D,CC,YP,D
9:53:13,MYOR,RG,2310,1,D,CC,XC,D
9:53:13,MYOR,RG,2310,1,D,CC,NI,D
9:53:13,MYOR,RG,2310,1,D,CC,KK,D
9:53:13,MYOR,RG,2310,2,D,CC,XC,D
9:53:13,MYOR,RG,2310,3,D,CC,EP,D
9:53:12,MYOR,RG,2310,4,D,CP,EP,D
9:53:11,MYOR,RG,2310,1,D,EP,EP,D
9:52:55,MYOR,RG,2310,2,D,YP,EP,D
9:52:53,MYOR,RG,2310,15,D,CC,EP,D
9:52:53,MYOR,RG,2310,73,D,CC,LG,D
9:52:49,MYOR,RG,2310,20,D,XC,LG,D
9:52:43,MYOR,RG,2310,1,D,YP,LG,D
9:52:39,MYOR,RG,2310,58,D,CC,LG,D
9:52:28,MYOR,RG,2310,2,D,YP,LG,D
9:52:07,MYOR,RG,2300,1,D,SQ,PD,D
9:52:02,MYOR,RG,2310,11,D,CC,LG,D
9:51:49,MYOR,RG,2310,10,D,CC,LG,D
9:51:42,MYOR,RG,2310,88,D,LG,LG,D
9:51:41,MYOR,RG,2310,3,D,NI,LG,D
9:51:38,MYOR,RG,2310,2,D,XC,LG,D
9:51:26,MYOR,RG,2310,1,D,PD,LG,D
9:51:24,MYOR,RG,2300,3,D,SQ,EP,D
9:51:17,MYOR,RG,2310,5,D,CC,LG,D
9:50:42,MYOR,RG,2310,1,D,CC,LG,D
9:49:55,MYOR,RG,2300,6,D,SQ,XC,D
9:49:24,MYOR,RG,2310,2,D,YP,LG,D
9:49:08,MYOR,RG,2310,2,D,CC,LG,D
9:48:56,MYOR,RG,2310,5,D,XC,LG,D
9:48:49,MYOR,RG,2310,1,D,SQ,LG,D
9:48:29,MYOR,RG,2310,5,D,XC,LG,D
9:48:28,MYOR,RG,2310,4,D,DR,LG,D
9:48:25,MYOR,RG,2310,89,D,XC,LG,D
9:48:16,MYOR,RG,2310,1,D,YP,LG,D
9:48:02,MYOR,RG,2310,100,D,SQ,LG,D
9:47:44,MYOR,RG,2310,5,D,DR,LG,D
9:47:34,MYOR,RG,2310,1,D,SQ,LG,D
9:47:10,MYOR,RG,2310,1,D,AT,LG,D
9:46:53,MYOR,RG,2310,11,D,PD,LG,D
9:46:43,MYOR,RG,2310,4,D,DR,LG,D
9:46:42,MYOR,RG,2310,1,D,AT,LG,D
9:45:45,MYOR,RG,2310,1,D,CC,LG,D
9:45:36,MYOR,RG,2310,1,D,XC,LG,D
9:45:12,MYOR,RG,2310,1,D,DH,LG,D
9:45:05,MYOR,RG,2310,5,D,NI,LG,D
9:45:04,MYOR,RG,2300,8,D,SQ,KK,D
9:45:04,MYOR,RG,2300,2,D,OD,KK,D
9:45:02,MYOR,RG,2310,20,D,SQ,LG,D
9:44:56,MYOR,RG,2310,5,D,PD,LG,D
9:44:30,MYOR,RG,2310,5,D,NI,LG,D
9:44:25,MYOR,RG,2310,10,D,PD,LG,D
9:44:10,MYOR,RG,2310,1,D,PD,LG,D
9:44:07,MYOR,RG,2310,1,D,XC,LG,D
9:44:02,MYOR,RG,2310,1,D,PD,LG,D
9:43:57,MYOR,RG,2310,248,D,EP,LG,D
9:43:53,MYOR,RG,2310,1,D,XC,LG,D
9:43:49,MYOR,RG,2310,1,D,YP,LG,D
9:43:40,MYOR,RG,2310,1,D,NI,LG,D
9:43:27,MYOR,RG,2310,52,F,CS,LG,D
9:43:27,MYOR,RG,2310,52,F,CS,LG,D
9:43:26,MYOR,RG,2310,1,D,XC,LG,D
9:43:26,MYOR,RG,2310,10,F,CS,LG,D
9:43:26,MYOR,RG,2310,73,D,DR,LG,D
9:43:26,MYOR,RG,2310,3,D,PD,LG,D
9:43:20,MYOR,RG,2310,2,D,PD,LS,D
9:43:04,MYOR,RG,2310,1,D,PD,YB,D
9:43:04,MYOR,RG,2310,5,D,XC,YB,D
9:43:04,MYOR,RG,2310,3,D,SQ,YB,D
9:43:04,MYOR,RG,2310,1,D,HP,YB,D
9:43:04,MYOR,RG,2310,3,D,PD,YB,D
9:43:00,MYOR,RG,2310,4,D,CC,EP,D
9:43:00,MYOR,RG,2310,1,D,XC,EP,D
9:43:00,MYOR,RG,2310,1,D,XC,EP,D
9:43:00,MYOR,RG,2310,74,D,DR,EP,D
9:43:00,MYOR,RG,2310,10,D,NI,EP,D
9:43:00,MYOR,RG,2310,168,F,CS,EP,D
9:43:00,MYOR,RG,2310,85,D,PD,EP,D
9:43:00,MYOR,RG,2310,14,D,PD,EP,D
9:43:00,MYOR,RG,2310,31,D,OD,EP,D
9:43:00,MYOR,RG,2310,5,D,NI,EP,D
9:43:00,MYOR,RG,2310,15,D,CC,EP,D
9:43:00,MYOR,RG,2310,3,D,CC,EP,D
9:43:00,MYOR,RG,2310,33,D,CC,EP,D
9:43:00,MYOR,RG,2310,1,D,YP,EP,D
9:43:00,MYOR,RG,2310,10,D,GR,EP,D
9:43:00,MYOR,RG,2310,45,D,OD,EP,D
9:42:58,MYOR,RG,2310,5,D,OD,TP,D
9:42:25,MYOR,RG,2310,5,D,OD,TP,D
9:42:05,MYOR,RG,2310,45,D,OD,OK,D
9:42:05,MYOR,RG,2310,2,D,CC,OK,D
9:42:05,MYOR,RG,2310,1,D,XC,OK,D
9:42:05,MYOR,RG,2310,2,D,PD,OK,D
9:42:05,MYOR,RG,2310,2,D,XC,OK,D
9:42:05,MYOR,RG,2310,4,D,YU,OK,D
9:42:05,MYOR,RG,2310,44,F,CS,OK,D
9:41:53,MYOR,RG,2310,34,F,CS,SQ,D
9:41:53,MYOR,RG,2310,10,D,NI,SQ,D
9:41:53,MYOR,RG,2310,6,F,CS,SQ,D
9:41:38,MYOR,RG,2310,1,F,CS,YP,D
9:41:38,MYOR,RG,2310,19,F,CS,YP,D
9:41:37,MYOR,RG,2310,17,F,CS,PD,D
9:40:45,MYOR,RG,2310,1,F,CS,XC,D
9:40:05,MYOR,RG,2310,28,F,CS,CC,D
9:40:05,MYOR,RG,2310,90,D,PD,CC,D
9:40:05,MYOR,RG,2310,2,D,PD,CC,D
9:40:03,MYOR,RG,2310,1,D,OD,CC,D
9:40:03,MYOR,RG,2310,1,D,YP,CC,D
9:40:03,MYOR,RG,2310,18,D,YP,CC,D
9:40:02,MYOR,RG,2310,2,D,YP,NI,D
9:40:02,MYOR,RG,2310,4,D,PD,NI,D
9:40:02,MYOR,RG,2310,2,D,PD,NI,D
9:40:02,MYOR,RG,2310,1,F,CS,NI,D
9:39:53,MYOR,RG,2310,10,F,CS,NI,D
9:39:52,MYOR,RG,2310,1,F,CS,PD,D
9:39:51,MYOR,RG,2320,15,D,XC,CC,D
9:39:44,MYOR,RG,2320,20,D,CC,CC,D
9:39:30,MYOR,RG,2320,2,D,AT,CC,D
9:39:18,MYOR,RG,2320,2,D,NI,CC,D
9:38:29,MYOR,RG,2320,13,D,DR,CC,D
9:38:15,MYOR,RG,2320,1,D,PD,CC,D
9:38:14,MYOR,RG,2310,1,F,CS,KK,D
9:37:14,MYOR,RG,2320,2,D,KK,CC,D
9:36:43,MYOR,RG,2320,15,D,DR,CC,D
9:36:39,MYOR,RG,2310,10,F,CS,LG,D
9:36:39,MYOR,RG,2310,5,F,CS,LG,D
9:36:25,MYOR,RG,2310,9,F,CS,GR,D
9:36:09,MYOR,RG,2310,2,F,CS,EP,D
9:36:09,MYOR,RG,2310,1,D,YP,EP,D
9:36:01,MYOR,RG,2310,1,D,YP,CC,D
9:36:01,MYOR,RG,2310,3,D,AT,CC,D
9:35:46,MYOR,RG,2320,2,D,DR,CC,D
9:35:19,MYOR,RG,2320,1,D,PD,CC,D
9:34:58,MYOR,RG,2320,1,D,CC,CC,D
9:34:39,MYOR,RG,2320,10,D,NI,CC,D
9:34:28,MYOR,RG,2310,2,D,AT,SQ,D
9:34:28,MYOR,RG,2310,8,D,PD,SQ,D
9:34:12,MYOR,RG,2310,5,D,PD,LG,D
9:34:03,MYOR,RG,2310,7,D,PD,EP,D
9:34:03,MYOR,RG,2310,13,D,CC,EP,D
9:34:03,MYOR,RG,2310,45,D,XC,EP,D
9:34:03,MYOR,RG,2310,30,D,SQ,EP,D
9:34:03,MYOR,RG,2310,10,D,GR,EP,D
9:34:03,MYOR,RG,2310,2,D,PD,EP,D
9:34:03,MYOR,RG,2310,93,F,CS,EP,D
9:33:45,MYOR,RG,2310,1,F,CS,YP,D
9:33:21,MYOR,RG,2310,10,F,CS,YP,D
9:33:16,MYOR,RG,2320,2,D,YP,CC,D
9:33:03,MYOR,RG,2320,5,D,YU,CC,D
9:32:36,MYOR,RG,2320,10,D,PD,CC,D
9:32:12,MYOR,RG,2320,1,D,XC,CC,D
9:31:59,MYOR,RG,2320,1,F,CS,PD,D
9:31:52,MYOR,RG,2320,38,F,CS,SQ,D
9:31:51,MYOR,RG,2320,2,D,PD,SQ,D
9:31:51,MYOR,RG,2320,5,D,KK,SQ,D
9:31:51,MYOR,RG,2320,3,F,CS,SQ,D
9:31:51,MYOR,RG,2320,2,D,AT,SQ,D
9:31:37,MYOR,RG,2320,3,D,AT,PD,D
9:31:04,MYOR,RG,2320,22,F,CS,YU,D
9:31:03,MYOR,RG,2320,3,F,CS,CP,D
9:31:02,MYOR,RG,2320,5,D,YP,CP,D
9:30:51,MYOR,RG,2320,2,F,CS,PD,D
9:30:51,MYOR,RG,2320,8,D,DR,PD,D
9:30:49,MYOR,RG,2320,1,D,DR,NI,D
9:30:49,MYOR,RG,2320,2,D,DR,LS,D
9:30:29,MYOR,RG,2320,50,D,DR,CC,D
9:30:26,MYOR,RG,2320,5,D,DR,PD,D
9:30:08,MYOR,RG,2320,40,F,CS,CC,F
9:30:07,MYOR,RG,2320,66,D,DR,CC,F
9:30:06,MYOR,RG,2320,3,F,CS,XC,D
9:30:05,MYOR,RG,2320,2,D,YP,XC,D
9:30:05,MYOR,RG,2320,21,D,YP,XC,D
9:30:05,MYOR,RG,2320,15,D,YP,GR,D
9:30:05,MYOR,RG,2320,10,D,YP,SQ,D
9:30:05,MYOR,RG,2320,2,D,YP,PD,D
9:30:05,MYOR,RG,2320,500,D,YP,LG,D
9:30:05,MYOR,RG,2320,2,D,YP,CC,D
9:30:05,MYOR,RG,2320,100,D,YP,PD,D
9:30:05,MYOR,RG,2320,1,D,YP,CC,D
9:30:05,MYOR,RG,2320,1,D,YP,YP,D
9:30:05,MYOR,RG,2320,5,D,YP,CC,D
9:30:05,MYOR,RG,2320,1,D,YP,PD,D
9:30:05,MYOR,RG,2320,1,D,YP,EP,D
9:30:05,MYOR,RG,2320,10,D,YP,CC,D
9:30:05,MYOR,RG,2320,25,D,YP,CC,D
9:30:05,MYOR,RG,2320,1,D,YP,NI,D
9:30:05,MYOR,RG,2320,20,D,YP,PD,D
9:30:05,MYOR,RG,2320,100,D,YP,YB,D
9:30:05,MYOR,RG,2320,50,D,YP,DR,D
9:30:05,MYOR,RG,2320,98,D,YP,CC,F
9:30:05,MYOR,RG,2320,7,D,YP,SQ,D
9:30:00,MYOR,RG,2310,3,F,CS,PD,D
9:29:59,MYOR,RG,2320,2,D,PD,SQ,D
9:29:54,MYOR,RG,2310,4,F,CS,KK,D
9:29:54,MYOR,RG,2310,7,D,PD,KK,D
9:29:54,MYOR,RG,2310,5,D,KK,KK,D
9:29:54,MYOR,RG,2310,1,D,YP,KK,D
9:29:54,MYOR,RG,2310,1,D,PD,KK,D
9:29:54,MYOR,RG,2310,50,D,AZ,KK,D
9:29:54,MYOR,RG,2310,5,D,XC,KK,D
9:29:54,MYOR,RG,2310,3,D,XC,KK,D
9:29:54,MYOR,RG,2310,1,D,PD,KK,D
9:29:54,MYOR,RG,2310,10,D,YP,KK,D
9:29:54,MYOR,RG,2310,9,D,PD,KK,D
9:29:54,MYOR,RG,2310,3,D,XC,KK,D
9:29:54,MYOR,RG,2310,1,D,PD,KK,D
9:29:54,MYOR,RG,2310,9,D,PD,GR,D
9:29:54,MYOR,RG,2310,1,D,KK,GR,D
9:29:39,MYOR,RG,2310,1,D,KK,XC,D
9:29:39,MYOR,RG,2310,3,D,YP,XC,D
9:29:39,MYOR,RG,2310,11,D,PD,XC,D
9:29:39,MYOR,RG,2310,25,D,YP,XC,D
9:29:28,MYOR,RG,2310,5,D,YP,KK,D
9:29:12,MYOR,RG,2310,70,D,YP,CC,D
9:29:03,MYOR,RG,2310,1,D,YP,YP,D
9:28:53,MYOR,RG,2310,1,D,YP,SQ,D
9:28:53,MYOR,RG,2310,3,D,YP,KK,D
9:28:35,MYOR,RG,2310,1,D,PD,YP,D
9:28:35,MYOR,RG,2310,1,D,PD,YP,D
9:27:47,MYOR,RG,2320,1,D,EP,SQ,D
9:27:05,MYOR,RG,2320,2,D,YP,SQ,D
9:27:05,MYOR,RG,2320,10,D,PD,SQ,D
9:27:05,MYOR,RG,2320,35,D,PD,XC,D
9:27:05,MYOR,RG,2320,1,D,PD,KK,D
9:27:05,MYOR,RG,2320,4,D,PD,YP,D
9:27:05,MYOR,RG,2320,100,D,PD,MK,D
9:26:40,MYOR,RG,2320,53,F,CS,EP,D
9:26:40,MYOR,RG,2320,27,F,CS,EP,D
9:26:40,MYOR,RG,2320,60,F,CS,EP,D
9:26:40,MYOR,RG,2320,33,F,CS,EP,D
9:26:40,MYOR,RG,2320,127,D,YU,EP,D
9:26:38,MYOR,RG,2320,22,D,YU,PD,D
9:26:35,MYOR,RG,2320,25,D,YU,SQ,D
9:26:32,MYOR,RG,2320,10,D,YU,AT,D
9:26:32,MYOR,RG,2320,11,D,YU,NI,D
9:26:28,MYOR,RG,2320,5,D,YU,SQ,D
9:26:03,MYOR,RG,2320,1,F,CS,PD,D
9:26:03,MYOR,RG,2320,2,D,CC,PD,D
9:25:58,MYOR,RG,2320,4,F,CS,YP,D
9:25:58,MYOR,RG,2320,10,F,CS,YP,D
9:25:58,MYOR,RG,2320,50,F,CS,YP,D
9:25:44,MYOR,RG,2310,1,F,CS,CP,D
9:25:26,MYOR,RG,2320,20,D,CC,BK,F
9:25:22,MYOR,RG,2320,10,D,CC,NI,D
9:25:22,MYOR,RG,2320,20,D,CC,BK,F
9:25:22,MYOR,RG,2320,5,D,DR,BK,F
9:25:19,MYOR,RG,2320,70,D,DR,PD,D
9:25:19,MYOR,RG,2320,30,D,PD,PD,D
9:25:15,MYOR,RG,2320,1,D,PD,YP,D
9:25:15,MYOR,RG,2320,4,D,CC,YP,D
9:25:10,MYOR,RG,2320,1,D,CC,CP,D
9:25:08,MYOR,RG,2320,95,D,CC,PD,D
9:25:08,MYOR,RG,2320,35,F,CS,PD,D
9:25:08,MYOR,RG,2320,48,F,CS,PD,D
9:25:08,MYOR,RG,2320,13,F,CS,PD,D
9:25:08,MYOR,RG,2320,2,D,CC,PD,D
9:25:08,MYOR,RG,2320,50,D,OD,PD,D
9:25:08,MYOR,RG,2320,5,D,OD,PD,D
9:25:08,MYOR,RG,2320,3,D,YP,PD,D
9:25:08,MYOR,RG,2320,1,D,NI,PD,D
9:25:08,MYOR,RG,2320,5,D,PD,PD,D
9:25:08,MYOR,RG,2320,1,D,CC,PD,D
9:25:08,MYOR,RG,2320,73,F,CS,PD,D
9:25:08,MYOR,RG,2320,20,D,XC,PD,D
9:25:08,MYOR,RG,2320,10,D,CC,PD,D
9:25:08,MYOR,RG,2320,1,D,YP,PD,D
9:25:08,MYOR,RG,2320,3,D,NI,PD,D
9:25:08,MYOR,RG,2320,7,D,EP,PD,D
9:25:08,MYOR,RG,2320,25,D,NI,PD,D
9:25:08,MYOR,RG,2320,10,D,MK,PD,D
9:25:08,MYOR,RG,2320,10,D,MK,PD,D
9:25:08,MYOR,RG,2320,14,D,MK,PD,D
9:25:08,MYOR,RG,2320,16,D,MK,PD,D
9:25:08,MYOR,RG,2320,53,D,DR,PD,D
9:25:01,MYOR,RG,2320,5,D,DR,SQ,D
9:24:43,MYOR,RG,2320,5,D,DR,CC,D
9:24:38,MYOR,RG,2320,1,D,DR,XC,D
9:24:34,MYOR,RG,2320,11,D,DR,DR,D
9:24:34,MYOR,RG,2320,24,F,CS,DR,D
9:24:31,MYOR,RG,2320,47,F,CS,YP,D
9:24:31,MYOR,RG,2320,6,D,PD,YP,D
9:24:16,MYOR,RG,2320,17,D,PD,DR,D
9:23:49,MYOR,RG,2320,10,D,PD,CC,D
9:23:46,MYOR,RG,2330,100,D,KK,AI,D
9:23:41,MYOR,RG,2320,1,D,PD,CC,D
9:23:40,MYOR,RG,2320,1,D,PD,DR,D
9:23:24,MYOR,RG,2320,43,D,PD,XC,D
9:23:17,MYOR,RG,2330,10,D,DH,AI,D
9:23:17,MYOR,RG,2320,40,D,PD,PD,D
9:22:48,MYOR,RG,2320,1,D,PD,XC,D
9:22:47,MYOR,RG,2320,3,D,PD,SQ,D
9:22:47,MYOR,RG,2320,14,D,PD,CC,D
9:22:47,MYOR,RG,2320,5,D,PD,YP,D
9:22:47,MYOR,RG,2320,19,D,PD,PD,D
9:22:47,MYOR,RG,2320,2,D,PD,PD,D
9:22:47,MYOR,RG,2320,1,D,PD,XC,D
9:22:47,MYOR,RG,2320,8,D,PD,YP,D
9:22:47,MYOR,RG,2320,22,D,PD,KK,D
9:22:47,MYOR,RG,2320,1,D,PD,XC,D
9:22:47,MYOR,RG,2320,5,D,PD,XC,D
9:22:47,MYOR,RG,2320,100,D,PD,LG,D
9:22:47,MYOR,RG,2320,201,D,PD,PD,D
9:22:46,MYOR,RG,2320,27,D,XC,PD,D
9:22:40,MYOR,RG,2320,2,D,ZP,PD,D
9:22:36,MYOR,RG,2320,2,D,YP,PD,D
9:22:32,MYOR,RG,2320,10,D,EP,PD,D
9:22:29,MYOR,RG,2320,12,D,XC,PD,D
9:22:24,MYOR,RG,2320,10,D,YP,PD,D
9:22:15,MYOR,RG,2320,16,D,PD,PD,D
9:22:15,MYOR,RG,2320,15,D,PD,KK,D
9:22:15,MYOR,RG,2320,1,D,PD,DR,D
9:22:15,MYOR,RG,2320,2,D,PD,AT,D
9:22:15,MYOR,RG,2320,2,D,PD,NI,D
9:22:15,MYOR,RG,2320,2,D,PD,PD,D
9:22:15,MYOR,RG,2320,3,D,PD,DR,D
9:22:15,MYOR,RG,2320,7,D,PD,AT,D
9:22:15,MYOR,RG,2320,3,D,PD,DR,D
9:22:15,MYOR,RG,2320,100,D,PD,DH,D
9:22:15,MYOR,RG,2320,99,D,PD,CC,D
9:22:11,MYOR,RG,2320,5,D,XC,CC,D
9:22:03,MYOR,RG,2320,1,D,XC,CC,D
9:21:53,MYOR,RG,2320,1,D,DH,CC,D
9:21:34,MYOR,RG,2310,1,F,CS,NI,D
9:21:34,MYOR,RG,2310,10,D,CC,NI,D
9:21:34,MYOR,RG,2310,14,D,PD,NI,D
9:21:23,MYOR,RG,2310,1,D,PD,NI,D
9:21:22,MYOR,RG,2320,13,D,AT,CC,D
9:20:50,MYOR,RG,2320,81,D,YP,CC,D
9:20:50,MYOR,RG,2320,19,D,YP,PD,D
9:20:39,MYOR,RG,2320,1,D,NI,PD,D
9:20:39,MYOR,RG,2320,3,D,NI,DR,D
9:20:34,MYOR,RG,2310,1,D,MK,XC,D
9:20:08,MYOR,RG,2310,2,D,MK,YP,D
9:20:04,MYOR,RG,2310,22,D,MK,PD,D
9:20:04,MYOR,RG,2310,18,D,MK,PD,D
9:19:52,MYOR,RG,2310,2,D,MK,KK,D
9:19:41,MYOR,RG,2310,4,D,MK,CP,D
9:19:27,MYOR,RG,2310,1,D,MK,SQ,D
9:19:06,MYOR,RG,2310,10,F,CS,CC,D
9:19:06,MYOR,RG,2310,40,D,NI,CC,D
9:19:01,MYOR,RG,2310,5,F,BK,KK,D
9:19:01,MYOR,RG,2310,147,F,BK,LG,D
9:19:01,MYOR,RG,2310,245,D,PD,LG,D
9:19:01,MYOR,RG,2310,10,D,PD,KK,D
9:19:01,MYOR,RG,2310,9,D,PD,KK,D
9:19:01,MYOR,RG,2310,15,D,PD,EP,D
9:19:01,MYOR,RG,2310,200,D,PD,PD,D
9:19:01,MYOR,RG,2310,1,D,PD,DR,D
9:19:01,MYOR,RG,2310,1,D,PD,XC,D
9:19:01,MYOR,RG,2310,1,D,PD,DH,D
9:19:01,MYOR,RG,2310,9,D,PD,NI,D
9:19:01,MYOR,RG,2310,7,D,PD,CC,D
9:19:01,MYOR,RG,2310,2,D,PD,PD,D
9:18:53,MYOR,RG,2300,1,D,PD,NI,D
9:18:43,MYOR,RG,2300,1,D,PD,XC,D
9:18:41,MYOR,RG,2310,5,D,CC,PD,D
9:18:29,MYOR,RG,2300,8,D,PD,DR,D
9:18:10,MYOR,RG,2300,20,D,PD,CC,D
9:18:03,MYOR,RG,2300,2,D,PD,YP,D
9:17:59,MYOR,RG,2300,1,D,PD,DH,D
9:17:58,MYOR,RG,2300,12,D,PD,NI,D
9:17:57,MYOR,RG,2300,1,D,NI,NI,D
9:17:55,MYOR,RG,2300,250,F,BK,NI,D
9:17:54,MYOR,RG,2300,2,D,YP,NI,D
9:17:39,MYOR,RG,2300,2,F,BK,NI,D
9:17:39,MYOR,RG,2300,26,D,LG,NI,D
9:17:35,MYOR,RG,2300,4,D,LG,YP,D
9:17:35,MYOR,RG,2310,1,D,DR,PD,D
9:17:35,MYOR,RG,2310,4,D,DR,KK,D
9:17:18,MYOR,RG,2290,9,D,DH,XC,D
9:17:13,MYOR,RG,2300,10,D,YP,EP,D
9:17:04,MYOR,RG,2300,27,F,CS,YP,D
9:17:04,MYOR,RG,2300,2,D,AT,YP,D
9:17:04,MYOR,RG,2300,16,D,CC,YP,D
9:17:04,MYOR,RG,2300,4,D,CC,MK,D
9:17:04,MYOR,RG,2300,30,F,CS,MK,D
9:17:04,MYOR,RG,2300,1,D,PD,MK,D
9:17:04,MYOR,RG,2300,1,D,PD,MK,D
9:17:04,MYOR,RG,2300,3,F,BK,MK,D
9:17:04,MYOR,RG,2300,10,D,NI,MK,D
9:17:04,MYOR,RG,2300,1,D,CC,MK,D
9:17:02,MYOR,RG,2300,5,D,CC,PD,D
9:17:00,MYOR,RG,2300,1,D,CC,XC,D
9:16:57,MYOR,RG,2300,3,D,CC,YP,D
9:16:57,MYOR,RG,2300,8,F,CS,YP,D
9:16:57,MYOR,RG,2300,43,F,CS,YP,D
9:16:57,MYOR,RG,2300,10,D,NI,YP,D
9:16:57,MYOR,RG,2300,49,D,KK,YP,D
9:16:57,MYOR,RG,2300,5,D,SQ,YP,D
9:16:57,MYOR,RG,2300,4,F,BK,YP,D
9:16:57,MYOR,RG,2300,50,D,NI,YP,D
9:16:57,MYOR,RG,2300,1,D,PD,YP,D
9:16:57,MYOR,RG,2300,21,D,YP,YP,D
9:16:57,MYOR,RG,2300,5,D,DH,YP,D
9:16:57,MYOR,RG,2300,10,D,DH,YP,D
9:16:57,MYOR,RG,2300,2,D,DH,YP,D
9:16:57,MYOR,RG,2300,10,D,CC,YP,D
9:16:57,MYOR,RG,2300,1,D,XC,YP,D
9:16:57,MYOR,RG,2300,1,D,PD,YP,D
9:16:57,MYOR,RG,2300,4,D,PD,YP,D
9:16:57,MYOR,RG,2300,1,D,PD,YP,D
9:16:57,MYOR,RG,2300,20,D,PD,YP,D
9:16:57,MYOR,RG,2300,5,D,YP,YP,D
9:16:57,MYOR,RG,2300,50,D,OD,YP,D
9:16:57,MYOR,RG,2300,20,D,GR,YP,D
9:16:57,MYOR,RG,2300,3,D,EP,YP,D
9:16:57,MYOR,RG,2300,50,D,NI,YP,D
9:16:57,MYOR,RG,2300,24,D,KK,YP,D
9:16:47,MYOR,RG,2300,6,D,KK,PD,D
9:16:47,MYOR,RG,2300,44,D,CC,PD,D
9:16:45,MYOR,RG,2310,2,D,PD,KK,D
9:16:34,MYOR,RG,2310,1,D,YP,KK,D
9:16:32,MYOR,RG,2300,1,D,CC,DR,D
9:16:19,MYOR,RG,2310,100,D,CC,KK,D
9:16:14,MYOR,RG,2300,30,D,CC,YP,D
9:16:14,MYOR,RG,2300,18,D,CC,YP,D
9:16:12,MYOR,RG,2300,3,D,CC,PD,D
9:16:11,MYOR,RG,2310,1,D,KK,KK,D
9:16:10,MYOR,RG,2300,4,D,CC,CC,D
9:16:10,MYOR,RG,2300,1,D,YP,CC,D
9:16:10,MYOR,RG,2300,2,D,DR,CC,D
9:16:10,MYOR,RG,2300,1,D,YP,CC,D
9:16:10,MYOR,RG,2300,5,D,PD,CC,D
9:16:10,MYOR,RG,2300,10,D,EP,CC,D
9:16:10,MYOR,RG,2300,5,D,CC,CC,D
9:16:10,MYOR,RG,2300,1,D,PD,CC,D
9:16:10,MYOR,RG,2300,50,D,GR,CC,D
9:16:10,MYOR,RG,2300,1,D,PD,CC,D
9:16:10,MYOR,RG,2300,5,D,NI,CC,D
9:16:10,MYOR,RG,2300,15,D,NI,CC,D
9:16:02,MYOR,RG,2310,13,D,XC,KK,D
9:15:56,MYOR,RG,2310,4,D,PD,KK,D
9:15:56,MYOR,RG,2310,4,D,SQ,KK,D
9:15:56,MYOR,RG,2310,1,F,BK,KK,D
9:15:56,MYOR,RG,2310,1,F,BK,PD,D
9:15:56,MYOR,RG,2310,1,D,PD,PD,D
9:15:52,MYOR,RG,2310,14,D,PD,DR,D
9:15:52,MYOR,RG,2310,16,D,CC,DR,D
9:15:52,MYOR,RG,2310,84,D,CC,YB,D
9:15:52,MYOR,RG,2310,5,D,EP,YB,D
9:15:52,MYOR,RG,2310,1,D,XC,YB,D
9:15:52,MYOR,RG,2310,20,D,PD,YB,D
9:15:52,MYOR,RG,2310,75,D,YP,YB,D
9:15:52,MYOR,RG,2310,1,D,CC,YB,D
9:15:52,MYOR,RG,2310,1,D,YP,YB,D
9:15:52,MYOR,RG,2310,10,D,DH,YB,D
9:15:52,MYOR,RG,2310,98,D,CC,YB,D
9:15:48,MYOR,RG,2310,100,D,CC,YP,D
9:15:47,MYOR,RG,2320,41,D,PD,NI,D
9:15:45,MYOR,RG,2310,2,D,CC,NI,D
9:15:45,MYOR,RG,2310,1,D,YP,NI,D
9:15:43,MYOR,RG,2320,45,D,SQ,NI,D
9:15:31,MYOR,RG,2320,2,F,BK,NI,D
9:15:31,MYOR,RG,2320,19,F,CS,NI,D
9:15:30,MYOR,RG,2320,4,D,SQ,AK,F
9:15:30,MYOR,RG,2320,29,D,PD,AK,F
9:15:29,MYOR,RG,2320,21,D,PD,AK,F
9:15:29,MYOR,RG,2320,30,D,PD,AK,F
9:15:29,MYOR,RG,2320,3,D,XC,AK,F
9:15:29,MYOR,RG,2320,12,F,BK,AK,F
9:15:29,MYOR,RG,2320,30,D,PC,AK,F
9:15:29,MYOR,RG,2320,5,D,PD,AK,F
9:15:29,MYOR,RG,2320,2,D,XC,AK,F
9:15:29,MYOR,RG,2320,10,D,CC,AK,F
9:15:29,MYOR,RG,2320,10,D,OD,AK,F
9:15:29,MYOR,RG,2320,3,D,KK,AK,F
9:15:29,MYOR,RG,2320,15,F,CS,AK,F
9:15:29,MYOR,RG,2320,16,D,YP,AK,F
9:15:29,MYOR,RG,2320,1,D,XC,AK,F
9:15:29,MYOR,RG,2320,92,D,PD,AK,F
9:15:29,MYOR,RG,2320,100,D,PD,MK,D
9:15:28,MYOR,RG,2320,8,D,PD,CC,D
9:15:28,MYOR,RG,2320,50,D,PD,CC,D
9:15:28,MYOR,RG,2320,3,D,XC,CC,D
9:15:28,MYOR,RG,2320,197,F,CS,CC,D
9:15:28,MYOR,RG,2320,10,D,PD,CC,D
9:15:28,MYOR,RG,2320,10,D,CC,CC,D
9:15:28,MYOR,RG,2320,3,D,DH,CC,D
9:15:28,MYOR,RG,2320,61,F,CS,CC,D
9:15:28,MYOR,RG,2320,1,D,PD,CC,D
9:15:28,MYOR,RG,2320,4,D,GR,CC,D
9:15:28,MYOR,RG,2320,153,F,CS,CC,D
9:15:27,MYOR,RG,2320,9,F,CS,AK,F
9:15:27,MYOR,RG,2320,100,D,CC,AK,F
9:15:27,MYOR,RG,2320,30,D,YP,AK,F
9:15:27,MYOR,RG,2320,1,D,YP,AK,F
9:15:27,MYOR,RG,2320,50,D,GR,AK,F
9:15:27,MYOR,RG,2320,10,D,KK,AK,F
9:15:27,MYOR,RG,2320,50,F,CS,AK,F
9:15:26,MYOR,RG,2320,75,F,CS,AK,F
9:15:26,MYOR,RG,2320,36,F,CS,AK,F
9:15:26,MYOR,RG,2320,100,D,YB,AK,F
9:15:26,MYOR,RG,2320,5,D,NI,AK,F
9:15:26,MYOR,RG,2320,25,D,CC,AK,F
9:15:26,MYOR,RG,2320,1,D,EP,AK,F
9:15:26,MYOR,RG,2320,2,D,YP,AK,F
9:15:26,MYOR,RG,2320,6,F,CS,AK,F
9:15:25,MYOR,RG,2320,3,F,CS,DR,D
9:15:25,MYOR,RG,2320,39,F,CS,CC,D
9:15:23,MYOR,RG,2320,2,F,CS,XC,D
9:15:22,MYOR,RG,2320,100,F,CS,ZP,D
9:15:20,MYOR,RG,2330,5,D,SQ,AI,D
9:15:15,MYOR,RG,2320,3,F,CS,YP,D
9:15:15,MYOR,RG,2320,2,F,CS,DR,D
9:15:12,MYOR,RG,2330,5,D,SQ,AI,D
9:15:07,MYOR,RG,2320,2,D,SQ,DR,D
9:15:05,MYOR,RG,2330,115,D,PD,AI,D
9:15:02,MYOR,RG,2330,4,D,DR,AI,D
9:14:56,MYOR,RG,2330,2,D,XC,AI,D
9:14:54,MYOR,RG,2330,1,D,PD,AI,D
9:14:52,MYOR,RG,2320,5,D,SQ,RO,D
9:14:52,MYOR,RG,2330,148,F,CS,AI,D
9:14:52,MYOR,RG,2330,1,F,CS,CC,D
9:14:52,MYOR,RG,2330,10,F,CS,AG,D
9:14:52,MYOR,RG,2330,1,F,CS,PD,D
9:14:46,MYOR,RG,2320,10,D,SQ,PD,D
9:14:43,MYOR,RG,2330,1,D,GR,PD,D
9:14:43,MYOR,RG,2330,3,D,GR,YP,D
9:14:43,MYOR,RG,2330,3,D,GR,DR,D
9:14:43,MYOR,RG,2330,1,D,GR,XC,D
9:14:43,MYOR,RG,2330,40,D,GR,CC,D
9:14:43,MYOR,RG,2330,2,D,GR,PD,D
9:14:43,MYOR,RG,2330,5,D,GR,PD,D
9:14:43,MYOR,RG,2330,1,D,GR,DH,D
9:14:43,MYOR,RG,2330,43,D,GR,NI,D
9:14:43,MYOR,RG,2330,1,D,GR,NI,D
9:14:26,MYOR,RG,2320,1,D,SQ,YB,D
9:14:24,MYOR,RG,2330,1,D,HD,XC,D
9:14:24,MYOR,RG,2330,7,D,HD,XC,D
9:14:24,MYOR,RG,2330,1,D,HD,PD,D
9:14:24,MYOR,RG,2330,1,D,HD,PD,D
9:14:24,MYOR,RG,2330,1,D,HD,NI,D
9:14:24,MYOR,RG,2330,2,D,HD,SQ,D
9:14:24,MYOR,RG,2330,1,D,HD,PD,D
9:14:24,MYOR,RG,2330,16,D,HD,PD,D
9:14:21,MYOR,RG,2330,10,D,CC,PD,D
9:14:20,MYOR,RG,2320,3,D,SQ,DR,D
9:14:18,MYOR,RG,2330,4,D,XC,PD,D
9:14:09,MYOR,RG,2330,2,D,PD,PD,D
9:14:09,MYOR,RG,2330,19,D,PD,XC,D
9:14:09,MYOR,RG,2330,19,D,PD,LS,D
9:13:54,MYOR,RG,2330,31,F,CS,LS,D
9:13:54,MYOR,RG,2330,7,F,CS,XC,D
9:13:54,MYOR,RG,2330,1,F,CS,XC,D
9:13:54,MYOR,RG,2330,1,F,CS,XC,D
9:13:53,MYOR,RG,2330,9,D,YB,XC,D
9:13:53,MYOR,RG,2330,11,D,YB,CC,D
9:13:53,MYOR,RG,2330,1,D,YB,XC,D
9:13:53,MYOR,RG,2330,2,D,YB,PD,D
9:13:53,MYOR,RG,2330,5,D,YB,KK,D
9:13:53,MYOR,RG,2330,3,D,YB,SQ,D
9:13:53,MYOR,RG,2330,1,D,YB,PD,D
9:13:53,MYOR,RG,2330,1,D,YB,PD,D
9:13:53,MYOR,RG,2330,5,D,YB,CC,D
9:13:53,MYOR,RG,2330,1,D,YB,CC,D
9:13:53,MYOR,RG,2330,11,D,YB,CC,D
9:13:52,MYOR,RG,2320,1,D,SQ,DH,D
9:13:52,MYOR,RG,2330,18,F,AK,CC,D
9:13:50,MYOR,RG,2330,21,D,CC,CC,D
9:13:50,MYOR,RG,2330,79,D,CC,LG,D
9:13:50,MYOR,RG,2330,99,D,DR,LG,D
9:13:49,MYOR,RG,2320,3,D,SQ,DR,D
9:13:46,MYOR,RG,2330,20,D,CC,LG,D
9:13:46,MYOR,RG,2330,30,D,YP,LG,D
9:13:40,MYOR,RG,2330,106,F,CS,LG,D
9:13:35,MYOR,RG,2330,1,D,PD,LG,D
9:13:20,MYOR,RG,2330,1,D,DH,LG,D
9:13:18,MYOR,RG,2330,3,D,YP,LG,D
9:13:16,MYOR,RG,2330,1,D,XC,LG,D
9:13:15,MYOR,RG,2330,30,D,SQ,LG,D
9:13:06,MYOR,RG,2320,1,D,SQ,SQ,D
9:13:05,MYOR,RG,2330,1,D,PD,LG,D
9:13:02,MYOR,RG,2330,21,F,CS,LG,D
9:13:02,MYOR,RG,2330,11,F,CS,PD,D
9:13:02,MYOR,RG,2330,10,F,CS,CC,D
9:13:02,MYOR,RG,2330,5,F,CS,DH,D
9:13:02,MYOR,RG,2330,78,F,CS,NI,D
9:13:00,MYOR,RG,2330,6,D,DH,NI,D
9:12:38,MYOR,RG,2330,5,D,XC,NI,D
9:12:27,MYOR,RG,2320,1,D,SQ,DH,D
9:12:23,MYOR,RG,2330,5,D,LG,NI,D
9:12:17,MYOR,RG,2330,12,F,CS,NI,D
9:12:17,MYOR,RG,2330,102,F,CS,KK,D
9:12:16,MYOR,RG,2330,224,D,DX,KK,D
9:12:16,MYOR,RG,2330,8,D,DX,YB,D
9:12:16,MYOR,RG,2330,68,D,DX,YP,D
9:12:07,MYOR,RG,2330,26,D,PD,YP,D
9:12:07,MYOR,RG,2330,28,D,SQ,YP,D
9:12:05,MYOR,RG,2330,7,D,AZ,YP,D
9:12:02,MYOR,RG,2330,5,D,PD,YP,D
9:11:51,MYOR,RG,2330,20,D,CC,YP,D
9:11:48,MYOR,RG,2330,1,D,XC,YP,D
9:11:46,MYOR,RG,2320,120,D,SQ,YP,D
9:11:36,MYOR,RG,2330,84,F,CS,YP,D
9:11:36,MYOR,RG,2330,140,D,PD,YP,D
9:11:35,MYOR,RG,2320,7,D,SQ,YP,D
9:11:32,MYOR,RG,2330,20,D,NI,YP,D
9:11:25,MYOR,RG,2330,5,D,PD,YP,D
9:11:25,MYOR,RG,2320,4,D,SQ,PD,D
9:11:21,MYOR,RG,2330,4,D,CC,YP,D
9:11:18,MYOR,RG,2330,6,D,XC,YP,D
9:11:12,MYOR,RG,2320,8,D,SQ,YP,D
9:11:06,MYOR,RG,2330,84,F,CS,YP,D
9:11:05,MYOR,RG,2320,5,D,SQ,GR,D
9:11:04,MYOR,RG,2330,2,D,XC,YP,D
9:10:56,MYOR,RG,2330,10,D,SQ,YP,D
9:10:49,MYOR,RG,2330,8,D,PD,YP,D
9:10:49,MYOR,RG,2330,2,D,PD,PD,D
9:10:39,MYOR,RG,2330,2,D,YP,PD,D
9:10:36,MYOR,RG,2330,1,F,CS,PD,D
9:10:35,MYOR,RG,2320,2,D,SQ,CC,D
9:10:35,MYOR,RG,2320,1,D,SQ,CC,D
9:10:35,MYOR,RG,2330,9,D,CC,CC,D
9:10:34,MYOR,RG,2330,1,D,CC,XC,D
9:10:34,MYOR,RG,2330,1,D,CC,PD,D
9:10:34,MYOR,RG,2330,20,D,CC,OD,D
9:10:34,MYOR,RG,2330,169,D,CC,BQ,D
9:10:26,MYOR,RG,2330,131,D,CC,BQ,D
9:10:24,MYOR,RG,2330,19,D,CC,OD,D
9:10:24,MYOR,RG,2330,1,D,XC,OD,D
9:10:23,MYOR,RG,2330,1,D,XC,PD,D
9:10:23,MYOR,RG,2330,5,D,PD,PD,D
9:10:23,MYOR,RG,2330,1,D,MG,PD,D
9:10:23,MYOR,RG,2330,10,D,MG,YP,D
9:10:22,MYOR,RG,2330,30,D,MG,KK,D
9:10:19,MYOR,RG,2330,1,D,MG,PD,D
9:10:18,MYOR,RG,2330,25,D,MG,XC,D
9:10:16,MYOR,RG,2330,13,D,MG,EP,D
9:10:15,MYOR,RG,2330,20,D,MG,OD,D
9:10:15,MYOR,RG,2330,1,D,MG,EP,D
9:10:14,MYOR,RG,2330,70,D,MG,CC,D
9:10:14,MYOR,RG,2330,100,D,MG,DH,D
9:10:14,MYOR,RG,2330,150,D,MG,KK,D
9:10:14,MYOR,RG,2330,79,D,MG,YP,D
9:10:12,MYOR,RG,2330,1,D,NI,YP,D
9:10:12,MYOR,RG,2330,1,D,NI,YP,D
9:10:12,MYOR,RG,2330,3,D,TF,YP,D
9:10:12,MYOR,RG,2330,1,D,YP,YP,D
9:10:12,MYOR,RG,2330,7,D,XC,YP,D
9:10:12,MYOR,RG,2330,8,D,YP,YP,D
9:10:11,MYOR,RG,2330,2,D,YP,AT,D
9:10:11,MYOR,RG,2330,98,D,DR,AT,D
9:10:10,MYOR,RG,2330,49,D,DR,YP,D
9:10:10,MYOR,RG,2330,1,D,SQ,YP,D
9:10:09,MYOR,RG,2330,9,D,SQ,CC,D
9:10:09,MYOR,RG,2330,1,F,CS,CC,D
9:10:08,MYOR,RG,2330,36,F,CS,YP,D
9:10:08,MYOR,RG,2330,6,D,XC,YP,D
9:10:08,MYOR,RG,2330,56,D,YB,YP,D
9:10:08,MYOR,RG,2330,1,D,YB,YP,D
9:10:04,MYOR,RG,2330,8,D,YB,PD,D
9:10:03,MYOR,RG,2330,35,D,YB,YP,D
9:10:03,MYOR,RG,2330,10,D,SQ,YP,D
9:10:03,MYOR,RG,2330,10,D,CC,YP,D
9:10:03,MYOR,RG,2330,10,D,CC,YP,D
9:10:03,MYOR,RG,2330,5,D,YP,YP,D
9:10:03,MYOR,RG,2330,5,D,SQ,YP,D
9:10:03,MYOR,RG,2330,150,D,CC,YP,D
9:10:03,MYOR,RG,2330,10,D,DH,YP,D
9:09:55,MYOR,RG,2330,10,D,KK,DX,D
9:09:55,MYOR,RG,2330,10,D,TF,DX,D
9:09:55,MYOR,RG,2330,45,F,CS,DX,D
9:09:55,MYOR,RG,2330,1,D,XC,DX,D
9:09:55,MYOR,RG,2330,54,D,YP,DX,D
9:09:54,MYOR,RG,2340,10,D,NI,EP,D
9:09:53,MYOR,RG,2340,54,D,KK,EP,D
9:09:53,MYOR,RG,2340,46,D,KK,SQ,D
9:09:52,MYOR,RG,2340,1,D,YB,SQ,D
9:09:51,MYOR,RG,2340,10,F,BK,SQ,D
9:09:51,MYOR,RG,2340,55,F,CS,SQ,D
9:09:51,MYOR,RG,2340,10,D,SQ,SQ,D
9:09:51,MYOR,RG,2340,45,D,CC,SQ,D
9:09:51,MYOR,RG,2340,33,D,PD,SQ,D
9:09:50,MYOR,RG,2340,17,D,PD,LG,D
9:09:50,MYOR,RG,2340,33,F,BK,LG,D
9:09:50,MYOR,RG,2340,2,D,PD,LG,D
9:09:50,MYOR,RG,2340,33,D,PD,LG,D
9:09:50,MYOR,RG,2340,10,D,CC,LG,D
9:09:50,MYOR,RG,2340,5,F,CS,LG,D
9:09:49,MYOR,RG,2340,1,F,CS,EP,D
9:09:48,MYOR,RG,2340,38,F,CS,AT,D
9:09:48,MYOR,RG,2340,10,F,CS,DR,D
9:09:48,MYOR,RG,2340,10,F,BK,DR,D
9:09:46,MYOR,RG,2350,2,D,DR,AZ,D
9:09:46,MYOR,RG,2340,59,F,BK,SQ,D
9:09:46,MYOR,RG,2340,41,D,YP,SQ,D
9:09:45,MYOR,RG,2340,30,D,YP,DR,D
9:09:45,MYOR,RG,2340,29,D,YP,CP,D
9:09:45,MYOR,RG,2340,71,D,SQ,CP,D
9:09:45,MYOR,RG,2340,19,D,SQ,CC,D
9:09:42,MYOR,RG,2340,10,D,SQ,NI,D
9:09:42,MYOR,RG,2340,5,D,PD,NI,D
9:09:42,MYOR,RG,2340,76,F,CS,NI,D
9:09:42,MYOR,RG,2340,3,F,CS,AT,D
9:09:41,MYOR,RG,2350,8,D,PD,AZ,D
9:09:41,MYOR,RG,2350,20,D,PD,KK,D
9:09:41,MYOR,RG,2350,20,D,PD,YP,D
9:09:41,MYOR,RG,2350,89,D,PD,PD,D
9:09:41,MYOR,RG,2350,7,D,PD,DR,D
9:09:41,MYOR,RG,2350,71,D,PD,OD,D
9:09:39,MYOR,RG,2340,20,F,CS,DR,D
9:09:38,MYOR,RG,2340,85,F,CS,AI,D
9:09:38,MYOR,RG,2340,220,F,BK,AI,D
9:09:38,MYOR,RG,2340,38,F,CS,AI,D
9:09:38,MYOR,RG,2340,133,F,CS,AI,D
9:09:38,MYOR,RG,2340,14,F,CS,AI,D
9:09:38,MYOR,RG,2340,12,F,CS,AI,D
9:09:38,MYOR,RG,2340,498,D,SQ,AI,D
9:09:34,MYOR,RG,2350,2,D,PD,OD,D
9:09:32,MYOR,RG,2350,5,D,PD,OD,D
9:09:30,MYOR,RG,2350,5,D,DR,OD,D
9:09:27,MYOR,RG,2350,10,D,EP,OD,D
9:09:25,MYOR,RG,2340,5,D,SQ,YP,D
9:09:22,MYOR,RG,2340,1,D,SQ,BQ,D
9:09:21,MYOR,RG,2350,131,F,CS,OD,D
9:09:20,MYOR,RG,2350,1,D,YP,OD,D
9:09:19,MYOR,RG,2340,2,D,SQ,XC,D
9:09:18,MYOR,RG,2340,30,D,SQ,CC,D
9:09:18,MYOR,RG,2340,1,D,SQ,PD,D
9:09:18,MYOR,RG,2350,175,F,CS,OD,D
9:09:18,MYOR,RG,2350,1,F,CS,PD,D
9:09:18,MYOR,RG,2340,110,D,SQ,KK,D
9:09:17,MYOR,RG,2340,200,D,SQ,YP,D
9:09:17,MYOR,RG,2340,300,D,SQ,CC,D
9:09:16,MYOR,RG,2340,1,D,SQ,YP,D
9:09:16,MYOR,RG,2340,1,D,SQ,YP,D
9:09:16,MYOR,RG,2340,1,D,SQ,YP,D
9:09:16,MYOR,RG,2340,2,D,SQ,YP,D
9:09:16,MYOR,RG,2340,1,D,SQ,YP,D
9:09:16,MYOR,RG,2340,1,D,SQ,YP,D
9:09:16,MYOR,RG,2340,1,D,SQ,YP,D
9:09:16,MYOR,RG,2340,1,D,SQ,YP,D
9:09:16,MYOR,RG,2340,1,D,SQ,YP,D
9:09:16,MYOR,RG,2340,1,D,SQ,YP,D
9:09:16,MYOR,RG,2340,1,D,SQ,YP,D
9:09:16,MYOR,RG,2340,1,D,SQ,YP,D
9:09:16,MYOR,RG,2340,1,D,SQ,YP,D
9:09:16,MYOR,RG,2340,1,D,SQ,YP,D
9:09:16,MYOR,RG,2340,1,D,SQ,YP,D
9:09:16,MYOR,RG,2340,1,D,SQ,YP,D
9:09:16,MYOR,RG,2340,1,D,SQ,YP,D
9:09:16,MYOR,RG,2340,1,D,SQ,YP,D
9:09:16,MYOR,RG,2340,1,D,SQ,YP,D
9:09:16,MYOR,RG,2340,1,D,SQ,YP,D
9:09:16,MYOR,RG,2340,1,D,SQ,YP,D
9:09:16,MYOR,RG,2340,20,D,SQ,DR,D
9:09:16,MYOR,RG,2340,4,D,SQ,KK,D
9:09:16,MYOR,RG,2340,50,D,SQ,YP,D
9:09:16,MYOR,RG,2340,1,D,SQ,YP,D
9:09:16,MYOR,RG,2340,2,D,SQ,NI,D
9:09:16,MYOR,RG,2340,5,D,SQ,NI,D
9:09:16,MYOR,RG,2340,1,D,SQ,PD,D
9:09:16,MYOR,RG,2340,1,D,SQ,YP,D
9:09:16,MYOR,RG,2340,1,D,SQ,YP,D
9:09:16,MYOR,RG,2340,1,D,SQ,YP,D
9:09:16,MYOR,RG,2340,1,D,SQ,YP,D
9:09:16,MYOR,RG,2340,1,D,SQ,YP,D
9:09:16,MYOR,RG,2340,1,D,SQ,YP,D
9:09:16,MYOR,RG,2340,1,D,SQ,YP,D
9:09:16,MYOR,RG,2340,1,D,SQ,YP,D
9:09:16,MYOR,RG,2340,1,D,SQ,YP,D
9:09:16,MYOR,RG,2340,1,D,SQ,YP,D
9:09:16,MYOR,RG,2340,40,D,SQ,XC,D
9:09:16,MYOR,RG,2340,30,D,SQ,DR,D
9:09:16,MYOR,RG,2340,50,D,SQ,XC,D
9:09:16,MYOR,RG,2340,1,D,SQ,YP,D
9:09:16,MYOR,RG,2340,1,D,SQ,YP,D
9:09:16,MYOR,RG,2340,1,D,SQ,YP,D
9:09:16,MYOR,RG,2340,1,D,SQ,YP,D
9:09:16,MYOR,RG,2340,1,D,SQ,YP,D
9:09:16,MYOR,RG,2340,1,D,SQ,YP,D
9:09:16,MYOR,RG,2340,1,D,SQ,YP,D
9:09:16,MYOR,RG,2340,1,D,SQ,YP,D
9:09:16,MYOR,RG,2340,1,D,SQ,YP,D
9:09:16,MYOR,RG,2340,1,D,SQ,YP,D
9:09:16,MYOR,RG,2340,1,D,SQ,YP,D
9:09:16,MYOR,RG,2340,1,D,SQ,YP,D
9:09:16,MYOR,RG,2340,1,D,SQ,YP,D
9:09:16,MYOR,RG,2340,1,D,SQ,YP,D
9:09:16,MYOR,RG,2340,1,D,SQ,YP,D
9:09:16,MYOR,RG,2340,1,D,SQ,YP,D
9:09:16,MYOR,RG,2340,1,D,SQ,YP,D
9:09:16,MYOR,RG,2340,1,D,SQ,YP,D
9:09:16,MYOR,RG,2340,1,D,SQ,YP,D
9:09:16,MYOR,RG,2340,1,D,SQ,YP,D
9:09:16,MYOR,RG,2340,50,D,SQ,XC,D
9:09:16,MYOR,RG,2340,100,D,SQ,SQ,D
9:09:16,MYOR,RG,2340,25,D,SQ,XA,D
9:09:16,MYOR,RG,2340,1,D,SQ,PD,D
9:09:16,MYOR,RG,2340,10,D,SQ,GR,D
9:09:16,MYOR,RG,2340,14,D,SQ,CC,D
9:09:16,MYOR,RG,2340,12,D,SQ,TP,D
9:09:16,MYOR,RG,2340,10,D,SQ,DR,D
9:09:16,MYOR,RG,2340,5,D,SQ,PD,D
9:09:16,MYOR,RG,2340,10,D,SQ,PC,D
9:09:16,MYOR,RG,2340,20,D,SQ,OD,D
9:09:16,MYOR,RG,2340,2,D,SQ,AT,D
9:09:16,MYOR,RG,2340,5,D,SQ,GR,D
9:09:16,MYOR,RG,2340,10,D,SQ,NI,D
9:09:16,MYOR,RG,2340,2,D,SQ,LS,D
9:09:16,MYOR,RG,2340,100,D,SQ,KK,D
9:09:16,MYOR,RG,2340,10,D,SQ,CC,D
9:09:16,MYOR,RG,2340,88,D,SQ,GR,D
9:09:16,MYOR,RG,2340,124,D,SQ,SQ,D
9:09:15,MYOR,RG,2340,20,D,CC,SQ,D
9:09:15,MYOR,RG,2330,1,D,YP,BQ,D
9:09:14,MYOR,RG,2330,35,D,YP,CC,D
9:09:09,MYOR,RG,2330,5,D,YP,OD,D
9:09:08,MYOR,RG,2330,1,D,YP,BQ,D
9:09:07,MYOR,RG,2330,10,D,YP,CC,D
9:09:05,MYOR,RG,2330,1,D,YP,OD,D
9:09:01,MYOR,RG,2330,57,D,YP,CC,D
9:09:01,MYOR,RG,2330,3,D,PD,CC,D
9:09:01,MYOR,RG,2330,129,F,BK,CC,D
9:09:01,MYOR,RG,2330,1,D,PD,CC,D
9:09:01,MYOR,RG,2330,1,F,CS,CC,D
9:09:01,MYOR,RG,2330,9,D,SQ,CC,D
9:09:01,MYOR,RG,2330,1,D,SQ,PD,D
9:09:01,MYOR,RG,2340,6,D,HP,SQ,D
9:09:01,MYOR,RG,2340,54,D,HP,SQ,D
9:09:01,MYOR,RG,2340,40,D,HP,PD,D
9:09:01,MYOR,RG,2340,10,F,BK,PD,D
9:09:01,MYOR,RG,2340,1,F,BK,PD,D
9:09:01,MYOR,RG,2340,1,F,BK,PD,D
9:08:59,MYOR,RG,2330,1,D,AT,AT,D
9:08:59,MYOR,RG,2330,1,D,AT,YP,D
9:08:56,MYOR,RG,2330,2,D,AT,XC,D
9:08:56,MYOR,RG,2330,2,D,AT,XC,D
9:08:56,MYOR,RG,2330,1,D,AT,XC,D
9:08:56,MYOR,RG,2330,10,D,AT,DR,D
9:08:56,MYOR,RG,2330,30,D,AT,YP,D
9:08:56,MYOR,RG,2330,3,D,AT,KK,D
9:08:56,MYOR,RG,2330,6,F,CS,YP,D
9:08:55,MYOR,RG,2330,34,F,BK,YP,D
9:08:53,MYOR,RG,2330,15,F,CS,YP,D
9:08:53,MYOR,RG,2330,5,F,CS,CC,D
9:08:53,MYOR,RG,2330,1,F,CS,SQ,D
9:08:53,MYOR,RG,2330,1,F,CS,YP,D
9:08:53,MYOR,RG,2330,1,F,CS,YP,D
9:08:53,MYOR,RG,2330,1,F,CS,YP,D
9:08:53,MYOR,RG,2330,1,F,CS,YP,D
9:08:53,MYOR,RG,2330,1,F,CS,YP,D
9:08:53,MYOR,RG,2330,1,F,CS,YP,D
9:08:53,MYOR,RG,2330,1,F,CS,YP,D
9:08:53,MYOR,RG,2330,1,F,CS,YP,D
9:08:53,MYOR,RG,2330,1,F,CS,YP,D
9:08:53,MYOR,RG,2330,1,F,CS,YP,D
9:08:53,MYOR,RG,2330,5,F,CS,NI,D
9:08:53,MYOR,RG,2330,25,F,CS,XA,D
9:08:53,MYOR,RG,2330,4,F,CS,CC,D
9:08:52,MYOR,RG,2330,26,D,EP,CC,D
9:08:52,MYOR,RG,2330,25,D,EP,PD,D
9:08:52,MYOR,RG,2330,30,D,EP,PD,D
9:08:52,MYOR,RG,2330,20,D,EP,NI,D
9:08:52,MYOR,RG,2330,1,D,EP,NI,D
9:08:52,MYOR,RG,2330,100,D,EP,IF,D
9:08:52,MYOR,RG,2330,5,D,EP,XC,D
9:08:52,MYOR,RG,2330,10,D,EP,PD,D
9:08:52,MYOR,RG,2330,20,D,EP,OD,D
9:08:52,MYOR,RG,2330,10,D,EP,PD,D
9:08:52,MYOR,RG,2330,1,D,EP,PD,D
9:08:52,MYOR,RG,2330,2,D,EP,DH,D
9:08:50,MYOR,RG,2330,8,F,BK,DH,D
9:08:50,MYOR,RG,2330,4,F,BK,PD,D
9:08:48,MYOR,RG,2330,1,D,DR,PD,D
9:08:48,MYOR,RG,2330,1,D,DR,NI,D
9:08:48,MYOR,RG,2330,41,D,DR,NI,D
9:08:47,MYOR,RG,2330,9,D,KK,NI,D
9:08:47,MYOR,RG,2330,26,D,KK,NI,D
9:08:47,MYOR,RG,2330,98,D,CC,NI,D
9:08:47,MYOR,RG,2330,2,D,CC,YP,D
9:08:42,MYOR,RG,2330,13,F,BK,YP,D
9:08:38,MYOR,RG,2330,35,F,BK,YP,D
9:08:35,MYOR,RG,2320,5,D,SQ,NI,D
9:08:34,MYOR,RG,2320,25,D,SQ,SQ,D
9:08:34,MYOR,RG,2320,20,D,SQ,CC,D
9:08:34,MYOR,RG,2320,11,D,SQ,PD,D
9:08:34,MYOR,RG,2320,2,D,SQ,NI,D
9:08:34,MYOR,RG,2320,150,D,SQ,YP,D
9:08:34,MYOR,RG,2320,2,D,SQ,PD,D
9:08:34,MYOR,RG,2320,6,D,SQ,XC,D
9:08:34,MYOR,RG,2320,10,D,SQ,YP,D
9:08:34,MYOR,RG,2320,10,D,SQ,YP,D
9:08:34,MYOR,RG,2320,10,D,SQ,YP,D
9:08:34,MYOR,RG,2320,10,D,SQ,YP,D
9:08:34,MYOR,RG,2320,10,D,SQ,YP,D
9:08:34,MYOR,RG,2320,10,D,SQ,YP,D
9:08:34,MYOR,RG,2320,10,D,SQ,YP,D
9:08:34,MYOR,RG,2320,10,D,SQ,YP,D
9:08:34,MYOR,RG,2320,10,D,SQ,YP,D
9:08:34,MYOR,RG,2320,10,D,SQ,YP,D
9:08:34,MYOR,RG,2320,10,D,SQ,YP,D
9:08:34,MYOR,RG,2320,10,D,SQ,YP,D
9:08:34,MYOR,RG,2320,10,D,SQ,YP,D
9:08:34,MYOR,RG,2320,10,D,SQ,YP,D
9:08:34,MYOR,RG,2320,10,D,SQ,YP,D
9:08:34,MYOR,RG,2320,10,D,SQ,YP,D
9:08:34,MYOR,RG,2320,10,D,SQ,YP,D
9:08:34,MYOR,RG,2320,10,D,SQ,YP,D
9:08:34,MYOR,RG,2320,10,D,SQ,YP,D
9:08:34,MYOR,RG,2320,50,D,SQ,SQ,D
9:08:34,MYOR,RG,2320,10,D,SQ,PD,D
9:08:34,MYOR,RG,2320,4,D,SQ,XC,D
9:08:34,MYOR,RG,2320,50,D,SQ,PD,D
9:08:34,MYOR,RG,2320,5,D,SQ,XC,D
9:08:34,MYOR,RG,2320,15,D,SQ,CC,D
9:08:34,MYOR,RG,2320,10,D,SQ,CC,D
9:08:34,MYOR,RG,2320,3,D,SQ,PD,D
9:08:34,MYOR,RG,2320,5,D,SQ,YP,D
9:08:34,MYOR,RG,2320,7,D,SQ,CC,D
9:08:34,MYOR,RG,2320,1,D,SQ,YP,D
9:08:34,MYOR,RG,2320,1,D,SQ,PD,D
9:08:34,MYOR,RG,2320,1,D,SQ,YP,D
9:08:34,MYOR,RG,2320,1,D,SQ,XC,D
9:08:34,MYOR,RG,2320,5,D,SQ,YP,D
9:08:30,MYOR,RG,2320,2,D,PD,YP,D
9:08:30,MYOR,RG,2320,1,D,CC,YP,D
9:08:26,MYOR,RG,2320,3,D,CC,YP,D
9:08:25,MYOR,RG,2320,14,D,CC,YP,D
9:08:25,MYOR,RG,2320,1,D,CC,NI,D
9:08:23,MYOR,RG,2320,10,D,KK,YP,D
9:08:23,MYOR,RG,2320,4,D,KK,XC,D
9:08:23,MYOR,RG,2320,16,D,KK,OD,D
9:08:23,MYOR,RG,2320,4,D,PD,OD,D
9:08:23,MYOR,RG,2320,5,D,PD,OD,D
9:08:23,MYOR,RG,2320,11,D,PD,LG,D
9:08:21,MYOR,RG,2320,79,D,BQ,LG,D
9:08:16,MYOR,RG,2320,10,D,CC,LG,D
9:08:16,MYOR,RG,2320,5,D,CC,YP,D
9:08:16,MYOR,RG,2320,25,D,CC,XC,D
9:08:16,MYOR,RG,2320,20,D,CC,DR,D
9:08:16,MYOR,RG,2320,190,D,CC,EP,D
9:08:11,MYOR,RG,2320,1,D,DR,EP,D
9:08:11,MYOR,RG,2320,5,D,TF,EP,D
9:08:10,MYOR,RG,2310,25,D,SQ,SQ,D
9:08:10,MYOR,RG,2310,6,D,SQ,YP,D
9:08:07,MYOR,RG,2310,1,D,SQ,XC,D
9:08:07,MYOR,RG,2320,4,D,CC,EP,D
9:08:07,MYOR,RG,2320,1,D,CC,XC,D
9:08:06,MYOR,RG,2310,2,D,SQ,AT,D
9:08:02,MYOR,RG,2310,1,D,SQ,XC,D
9:08:01,MYOR,RG,2310,3,D,SQ,PC,D
9:07:54,MYOR,RG,2310,22,D,SQ,XC,D
9:07:49,MYOR,RG,2320,1,D,YP,XC,D
9:07:48,MYOR,RG,2310,8,D,SQ,DH,D
9:07:44,MYOR,RG,2310,1,D,SQ,PD,D
9:07:44,MYOR,RG,2310,2,D,SQ,EP,D
9:07:44,MYOR,RG,2310,77,D,SQ,DR,D
9:07:44,MYOR,RG,2310,9,D,SQ,PD,D
9:07:44,MYOR,RG,2310,1,D,SQ,YP,D
9:07:44,MYOR,RG,2310,27,D,SQ,LG,D
9:07:39,MYOR,RG,2310,30,D,DR,LG,D
9:07:35,MYOR,RG,2310,2,D,KK,LG,D
9:07:35,MYOR,RG,2310,5,D,ZP,LG,D
9:07:34,MYOR,RG,2310,9,D,NI,LG,D
9:07:34,MYOR,RG,2310,6,D,PD,LG,D
9:07:34,MYOR,RG,2310,21,F,BK,LG,D
9:07:25,MYOR,RG,2310,10,F,BK,PD,D
9:07:20,MYOR,RG,2310,70,F,CS,CC,D
9:07:19,MYOR,RG,2310,83,F,CS,CC,D
9:07:19,MYOR,RG,2310,30,D,CC,CC,D
9:07:19,MYOR,RG,2310,20,D,EP,CC,D
9:07:19,MYOR,RG,2310,5,D,PD,CC,D
9:07:19,MYOR,RG,2310,50,D,YB,CC,D
9:07:19,MYOR,RG,2310,1,D,PD,CC,D
9:07:19,MYOR,RG,2310,5,D,PD,CC,D
9:07:19,MYOR,RG,2310,10,D,PD,CC,D
9:07:19,MYOR,RG,2310,50,D,YB,CC,D
9:07:19,MYOR,RG,2310,1,D,PD,CC,D
9:07:19,MYOR,RG,2310,2,D,PD,CC,D
9:07:19,MYOR,RG,2310,30,D,PD,CC,D
9:07:19,MYOR,RG,2310,93,F,BK,CC,D
9:07:19,MYOR,RG,2310,8,D,PD,CC,D
9:07:19,MYOR,RG,2310,39,F,CS,CC,D
9:07:19,MYOR,RG,2310,162,F,CS,CC,D
9:07:19,MYOR,RG,2310,91,D,ZR,CC,D
9:07:15,MYOR,RG,2310,10,D,ZR,NI,D
9:07:09,MYOR,RG,2320,8,D,PD,XC,D
9:07:09,MYOR,RG,2320,2,D,PD,EP,D
9:07:08,MYOR,RG,2310,10,D,ZR,CC,D
9:07:07,MYOR,RG,2310,200,D,ZR,CC,D
9:07:04,MYOR,RG,2320,10,D,ZP,YP,D
9:07:02,MYOR,RG,2320,3,D,DR,YP,D
9:06:56,MYOR,RG,2310,23,D,ZR,PD,D
9:06:54,MYOR,RG,2320,10,D,YP,YP,D
9:06:47,MYOR,RG,2320,20,D,CC,YP,D
9:06:43,MYOR,RG,2310,1,D,ZR,XC,D
9:06:38,MYOR,RG,2310,1,D,ZR,NI,D
9:06:38,MYOR,RG,2310,126,D,ZR,XC,D
9:06:38,MYOR,RG,2310,1,D,ZR,PD,D
9:06:38,MYOR,RG,2310,20,D,ZR,EP,D
9:06:38,MYOR,RG,2310,1,D,ZR,XC,D
9:06:38,MYOR,RG,2310,1,D,ZR,PD,D
9:06:38,MYOR,RG,2310,2,D,ZR,EP,D
9:06:38,MYOR,RG,2310,1,D,ZR,YP,D
9:06:38,MYOR,RG,2310,1,D,ZR,YP,D
9:06:38,MYOR,RG,2310,1,D,ZR,YP,D
9:06:38,MYOR,RG,2310,1,D,ZR,YP,D
9:06:38,MYOR,RG,2310,1,D,ZR,YP,D
9:06:38,MYOR,RG,2310,1,D,ZR,YP,D
9:06:38,MYOR,RG,2310,1,D,ZR,YP,D
9:06:38,MYOR,RG,2310,1,D,ZR,YP,D
9:06:38,MYOR,RG,2310,1,D,ZR,YP,D
9:06:38,MYOR,RG,2310,1,D,ZR,YP,D
9:06:38,MYOR,RG,2310,1,D,ZR,YP,D
9:06:38,MYOR,RG,2310,1,D,ZR,YP,D
9:06:38,MYOR,RG,2310,1,D,ZR,YP,D
9:06:37,MYOR,RG,2310,1,D,DR,YP,D
9:06:37,MYOR,RG,2310,1,D,DR,YP,D
9:06:37,MYOR,RG,2310,1,D,DR,YP,D
9:06:37,MYOR,RG,2310,1,D,DR,YP,D
9:06:37,MYOR,RG,2310,1,D,DR,YP,D
9:06:37,MYOR,RG,2310,1,D,DR,YP,D
9:06:37,MYOR,RG,2310,1,D,DR,YP,D
9:06:37,MYOR,RG,2310,20,D,DR,OD,D
9:06:28,MYOR,RG,2300,1,D,DH,XC,D
9:06:28,MYOR,RG,2300,24,F,BK,XC,D
9:06:28,MYOR,RG,2300,18,F,CS,XC,D
9:06:28,MYOR,RG,2300,32,D,NI,XC,D
9:06:24,MYOR,RG,2310,1,F,CS,NI,D
9:06:24,MYOR,RG,2310,18,F,CS,YP,D
9:06:16,MYOR,RG,2300,5,D,NI,PD,D
9:06:16,MYOR,RG,2300,63,D,NI,YP,D
9:06:13,MYOR,RG,2300,23,F,CS,YP,D
9:06:12,MYOR,RG,2300,2,D,CC,YP,D
9:06:12,MYOR,RG,2300,1,D,CC,XC,D
9:06:12,MYOR,RG,2300,2,D,CC,EP,D
9:06:12,MYOR,RG,2300,15,D,CC,DH,D
9:06:12,MYOR,RG,2300,50,D,CC,CC,D
9:06:12,MYOR,RG,2300,1,D,CC,NI,D
9:06:12,MYOR,RG,2300,1,D,CC,NI,D
9:06:12,MYOR,RG,2300,15,D,CC,YP,D
9:06:12,MYOR,RG,2300,2,D,CC,PD,D
9:06:12,MYOR,RG,2300,1,D,CC,YP,D
9:06:12,MYOR,RG,2300,1,D,CC,YP,D
9:06:12,MYOR,RG,2300,1,D,CC,YP,D
9:06:12,MYOR,RG,2300,1,D,CC,YP,D
9:06:12,MYOR,RG,2300,1,D,CC,YP,D
9:06:12,MYOR,RG,2300,1,D,CC,YP,D
9:06:12,MYOR,RG,2300,1,D,CC,YP,D
9:06:12,MYOR,RG,2300,1,D,CC,YP,D
9:06:12,MYOR,RG,2300,1,D,CC,YP,D
9:06:12,MYOR,RG,2300,1,D,CC,YP,D
9:06:12,MYOR,RG,2300,1,D,CC,YP,D
9:06:08,MYOR,RG,2300,1,D,NI,YP,D
9:06:08,MYOR,RG,2300,1,D,NI,YP,D
9:06:08,MYOR,RG,2300,1,D,NI,YP,D
9:06:08,MYOR,RG,2300,1,D,NI,YP,D
9:06:08,MYOR,RG,2300,1,D,NI,YP,D
9:06:00,MYOR,RG,2300,1,F,CS,YP,D
9:06:00,MYOR,RG,2300,1,F,CS,YP,D
9:06:00,MYOR,RG,2300,1,F,CS,YP,D
9:06:00,MYOR,RG,2300,1,F,CS,YP,D
9:06:00,MYOR,RG,2300,1,F,CS,YP,D
9:06:00,MYOR,RG,2300,1,F,CS,YP,D
9:06:00,MYOR,RG,2300,1,F,CS,YP,D
9:06:00,MYOR,RG,2300,1,F,CS,YP,D
9:06:00,MYOR,RG,2300,1,F,CS,YP,D
9:06:00,MYOR,RG,2300,1,F,CS,YP,D
9:06:00,MYOR,RG,2300,1,F,CS,YP,D
9:06:00,MYOR,RG,2300,1,F,CS,YP,D
9:06:00,MYOR,RG,2300,1,F,CS,YP,D
9:06:00,MYOR,RG,2300,1,F,CS,YP,D
9:06:00,MYOR,RG,2300,1,F,CS,YP,D
9:06:00,MYOR,RG,2300,1,F,CS,YP,D
9:06:00,MYOR,RG,2300,1,F,CS,YP,D
9:06:00,MYOR,RG,2300,1,F,CS,YP,D
9:06:00,MYOR,RG,2300,1,F,CS,YP,D
9:06:00,MYOR,RG,2300,1,F,CS,YP,D
9:05:57,MYOR,RG,2300,1,D,PD,YP,D
9:05:50,MYOR,RG,2300,1,D,AT,YP,D
9:05:50,MYOR,RG,2300,1,D,AT,YP,D
9:05:50,MYOR,RG,2300,1,D,AT,YP,D
9:05:50,MYOR,RG,2300,1,D,AT,YP,D
9:05:50,MYOR,RG,2300,1,D,AT,YP,D
9:05:49,MYOR,RG,2300,1,F,CS,YP,D
9:05:49,MYOR,RG,2300,1,F,CS,YP,D
9:05:49,MYOR,RG,2300,1,F,CS,YP,D
9:05:49,MYOR,RG,2300,1,F,CS,YP,D
9:05:49,MYOR,RG,2300,1,F,CS,YP,D
9:05:49,MYOR,RG,2300,1,F,CS,YP,D
9:05:49,MYOR,RG,2300,1,F,CS,YP,D
9:05:49,MYOR,RG,2300,1,F,CS,YP,D
9:05:49,MYOR,RG,2300,1,F,CS,YP,D
9:05:49,MYOR,RG,2300,1,F,CS,YP,D
9:05:49,MYOR,RG,2300,1,F,CS,YP,D
9:05:49,MYOR,RG,2300,1,F,CS,YP,D
9:05:49,MYOR,RG,2300,1,F,CS,YP,D
9:05:49,MYOR,RG,2300,1,F,CS,YP,D
9:05:49,MYOR,RG,2300,1,F,CS,YP,D
9:05:49,MYOR,RG,2300,1,F,CS,YP,D
9:05:49,MYOR,RG,2300,1,F,CS,YP,D
9:05:49,MYOR,RG,2300,1,F,CS,YP,D
9:05:49,MYOR,RG,2300,1,F,CS,YP,D
9:05:49,MYOR,RG,2300,1,F,CS,YP,D
9:05:49,MYOR,RG,2300,1,F,CS,YP,D
9:05:49,MYOR,RG,2300,1,F,CS,YP,D
9:05:49,MYOR,RG,2300,1,F,CS,YP,D
9:05:49,MYOR,RG,2300,1,F,CS,YP,D
9:05:49,MYOR,RG,2300,1,F,CS,YP,D
9:05:49,MYOR,RG,2300,1,F,CS,YP,D
9:05:49,MYOR,RG,2300,1,F,CS,YP,D
9:05:49,MYOR,RG,2300,1,F,CS,YP,D
9:05:42,MYOR,RG,2300,1,D,NI,YP,D
9:05:37,MYOR,RG,2300,1,F,CS,YP,D
9:05:37,MYOR,RG,2300,1,F,CS,YP,D
9:05:37,MYOR,RG,2300,1,F,CS,YP,D
9:05:37,MYOR,RG,2300,1,F,CS,YP,D
9:05:37,MYOR,RG,2300,16,F,CS,NI,D
9:05:31,MYOR,RG,2300,4,D,NI,NI,D
9:05:31,MYOR,RG,2300,1,D,NI,PD,D
9:05:28,MYOR,RG,2300,2,D,NI,PD,D
9:05:28,MYOR,RG,2300,23,F,CS,PD,D
9:05:25,MYOR,RG,2300,4,D,TF,PD,D
9:05:25,MYOR,RG,2300,1,D,TF,YP,D
9:05:18,MYOR,RG,2300,5,F,CS,YP,D
9:05:18,MYOR,RG,2300,4,D,NI,YP,D
9:05:16,MYOR,RG,2300,5,F,CS,YP,D
9:05:16,MYOR,RG,2300,4,D,DH,YP,D
9:05:14,MYOR,RG,2300,15,F,CS,YP,D
9:05:14,MYOR,RG,2300,20,D,KK,YP,D
9:05:09,MYOR,RG,2300,7,F,BK,YP,D
9:05:09,MYOR,RG,2300,1,F,BK,PD,D
9:05:09,MYOR,RG,2300,2,F,BK,NI,D
9:05:09,MYOR,RG,2300,1,F,BK,SQ,D
9:05:09,MYOR,RG,2300,1,F,BK,PD,D
9:05:09,MYOR,RG,2300,1,F,BK,XC,D
9:05:09,MYOR,RG,2300,9,F,BK,LG,D
9:05:09,MYOR,RG,2300,1,F,CS,LG,D
9:05:09,MYOR,RG,2300,3,F,CS,AT,D
9:05:08,MYOR,RG,2300,2,D,DR,AT,D
9:05:08,MYOR,RG,2300,2,D,DR,AT,D
9:05:08,MYOR,RG,2300,6,D,DR,CC,D
9:05:08,MYOR,RG,2300,30,D,KK,CC,D
9:05:07,MYOR,RG,2300,20,D,GR,CC,D
9:05:07,MYOR,RG,2300,1,D,YP,CC,D
9:05:06,MYOR,RG,2300,18,F,CS,CC,D
9:05:06,MYOR,RG,2300,5,D,KK,CC,D
9:05:05,MYOR,RG,2300,10,D,NI,CC,D
9:05:04,MYOR,RG,2300,10,D,DH,CC,D
9:05:04,MYOR,RG,2300,5,D,DH,SQ,D
9:05:04,MYOR,RG,2300,2,D,DH,CC,D
9:05:04,MYOR,RG,2300,2,D,DH,PD,D
9:05:04,MYOR,RG,2300,1,D,DH,YP,D
9:05:04,MYOR,RG,2300,20,D,DH,NI,D
9:05:04,MYOR,RG,2300,1,D,DH,DH,D
9:05:04,MYOR,RG,2300,4,D,DH,YP,D
9:05:03,MYOR,RG,2300,10,D,DR,YP,D
9:05:00,MYOR,RG,2300,16,F,AK,YP,D
9:05:00,MYOR,RG,2300,5,F,AK,XC,D
9:05:00,MYOR,RG,2300,15,F,CS,XC,D
9:05:00,MYOR,RG,2300,13,F,CS,CC,D
9:04:59,MYOR,RG,2300,25,D,NI,CC,D
9:04:59,MYOR,RG,2300,4,D,CP,CC,D
9:04:48,MYOR,RG,2290,15,F,CS,CC,D
9:04:39,MYOR,RG,2300,10,D,DR,CC,D
9:04:32,MYOR,RG,2300,220,D,PD,CC,D
9:04:31,MYOR,RG,2290,34,F,CS,CC,D
9:04:31,MYOR,RG,2290,100,D,CC,CC,D
9:04:31,MYOR,RG,2290,4,D,DR,CC,D
9:04:24,MYOR,RG,2300,1,D,NI,CC,D
9:04:11,MYOR,RG,2290,1,D,DR,YP,D
9:04:10,MYOR,RG,2290,2,D,DR,PD,D
9:04:10,MYOR,RG,2290,4,D,DR,EP,D
9:04:09,MYOR,RG,2290,54,D,DR,NI,D
9:04:09,MYOR,RG,2300,40,D,KK,CC,D
9:04:08,MYOR,RG,2290,1,D,DR,XC,D
9:04:05,MYOR,RG,2300,15,D,LG,CC,D
9:04:03,MYOR,RG,2290,50,D,DR,SQ,D
9:04:02,MYOR,RG,2290,50,D,DR,CC,D
9:04:02,MYOR,RG,2290,6,D,DR,EP,D
9:03:59,MYOR,RG,2290,33,F,CS,EP,D
9:03:59,MYOR,RG,2290,11,F,BK,EP,D
9:03:59,MYOR,RG,2290,1,F,CS,BQ,D
9:03:59,MYOR,RG,2290,45,F,CS,BQ,D
9:03:58,MYOR,RG,2290,1,D,YP,BQ,D
9:03:58,MYOR,RG,2290,30,F,CS,BQ,D
9:03:58,MYOR,RG,2290,1,D,AT,BQ,D
9:03:58,MYOR,RG,2290,20,D,SQ,BQ,D
9:03:58,MYOR,RG,2290,13,F,BK,BQ,D
9:03:58,MYOR,RG,2290,10,D,YP,BQ,D
9:03:54,MYOR,RG,2290,10,D,YP,NI,D
9:03:54,MYOR,RG,2290,16,F,CS,NI,D
9:03:54,MYOR,RG,2290,1,D,CC,NI,D
9:03:54,MYOR,RG,2290,4,D,PD,NI,D
9:03:54,MYOR,RG,2290,19,D,GR,NI,D
9:03:49,MYOR,RG,2300,1,D,PD,CC,D
9:03:48,MYOR,RG,2300,17,D,DR,CC,D
9:03:48,MYOR,RG,2300,4,D,PD,CC,D
9:03:39,MYOR,RG,2300,1,D,PD,CC,D
9:03:38,MYOR,RG,2300,2,D,PD,CC,D
9:03:37,MYOR,RG,2290,1,D,GR,XC,D
9:03:37,MYOR,RG,2290,2,F,BK,XC,D
9:03:32,MYOR,RG,2290,1,D,AT,DX,D
9:03:32,MYOR,RG,2290,13,D,YP,DX,D
9:03:23,MYOR,RG,2290,7,D,YP,CC,D
