Time,Stock,Brd,Price,Qty,BT,BC,SC,ST
15:14:34,MYOR,RG,2260,5,D,YP,NI,D
15:13:21,MYOR,RG,2260,5,D,AI,NI,D
15:13:00,MYOR,RG,2260,25,D,KK,NI,D
15:11:23,MYOR,RG,2260,1,D,XC,NI,D
15:11:14,MYOR,RG,2260,7,D,YP,NI,D
15:10:05,MYOR,RG,2260,60,D,YP,NI,D
15:08:13,MYOR,RG,2260,50,D,AI,NI,D
15:07:15,MYOR,RG,2260,5,D,EP,NI,D
15:05:29,MYOR,RG,2260,2,D,XC,NI,D
15:05:04,MYOR,RG,2260,22,D,YP,NI,D
15:05:04,MYOR,RG,2260,100,D,YP,NI,D
15:05:02,MYOR,RG,2260,12,D,PD,NI,D
15:05:01,MYOR,RG,2260,13,D,CC,NI,D
15:05:01,MYOR,RG,2260,4,D,XC,NI,D
15:05:01,MYOR,RG,2260,40,D,KK,NI,D
15:05:00,MYOR,RG,2260,15,D,XC,NI,D
15:00:00,MYOR,RG,2260,10,D,PD,NI,D
15:00:00,MYOR,RG,2260,4,D,YP,NI,D
15:00:00,MYOR,RG,2260,20,D,CC,NI,D
15:00:00,MYOR,RG,2260,2,D,PD,NI,D
15:00:00,MYOR,RG,2260,2,D,YP,NI,D
15:00:00,MYOR,RG,2260,1,D,XC,NI,D
15:00:00,MYOR,RG,2260,11,D,DR,NI,D
15:00:00,MYOR,RG,2260,20,D,PD,NI,D
15:00:00,MYOR,RG,2260,1,D,PD,NI,D
15:00:00,MYOR,RG,2260,1,D,YP,NI,D
15:00:00,MYOR,RG,2260,97,D,PD,NI,D
15:00:00,MYOR,RG,2260,2,D,PD,PD,D
15:00:00,MYOR,RG,2260,1,D,PD,YP,D
15:00:00,MYOR,RG,2260,5,D,YP,YP,D
15:00:00,MYOR,RG,2260,83,D,YP,YP,D
15:00:00,MYOR,RG,2260,1,D,YP,XC,D
15:00:00,MYOR,RG,2260,7,D,YP,NI,D
15:00:00,MYOR,RG,2260,20,D,YP,YP,D
15:00:00,MYOR,RG,2260,1,D,YP,PD,D
15:00:00,MYOR,RG,2260,10,D,YP,DR,D
15:00:00,MYOR,RG,2260,5,D,YP,XC,D
15:00:00,MYOR,RG,2260,9,D,YP,PD,D
15:00:00,MYOR,RG,2260,35,D,YP,YP,D
15:00:00,MYOR,RG,2260,10,D,YP,DR,D
15:00:00,MYOR,RG,2260,19,D,YP,XC,D
15:00:00,MYOR,RG,2260,1,D,YP,XC,D
15:00:00,MYOR,RG,2260,1,D,YP,NI,D
15:00:00,MYOR,RG,2260,1,D,YP,XC,D
15:00:00,MYOR,RG,2260,272,D,YP,XC,D
15:00:00,MYOR,RG,2260,86,D,YP,XC,D
15:00:00,MYOR,RG,2260,10,D,YP,YP,D
15:00:00,MYOR,RG,2260,1,D,YP,XC,D
15:00:00,MYOR,RG,2260,1,D,YP,CP,D
15:00:00,MYOR,RG,2260,152,D,YP,XC,D
15:00:00,MYOR,RG,2260,50,D,YP,XC,D
15:00:00,MYOR,RG,2260,50,D,XC,XC,D
15:00:00,MYOR,RG,2260,10,D,XA,XC,D
15:00:00,MYOR,RG,2260,11,D,NI,XC,D
15:00:00,MYOR,RG,2260,10,D,PD,XC,D
15:00:00,MYOR,RG,2260,10,D,KK,XC,D
15:00:00,MYOR,RG,2260,88,F,KZ,XC,D
15:00:00,MYOR,RG,2260,62,F,KZ,XC,D
15:00:00,MYOR,RG,2260,10,F,KZ,CC,D
15:00:00,MYOR,RG,2260,33,F,KZ,EP,D
15:00:00,MYOR,RG,2260,1,F,KZ,OD,D
15:00:00,MYOR,RG,2260,24,F,KZ,PD,D
15:00:00,MYOR,RG,2260,2,F,KZ,KK,D
15:00:00,MYOR,RG,2260,5,F,KZ,KK,D
15:00:00,MYOR,RG,2260,4,F,KZ,XC,D
15:00:00,MYOR,RG,2260,2,F,KZ,NI,D
15:00:00,MYOR,RG,2260,2,F,KZ,CC,D
15:00:00,MYOR,RG,2260,1,F,KZ,PD,D
15:00:00,MYOR,RG,2260,5,F,KZ,YP,D
15:00:00,MYOR,RG,2260,5,F,KZ,YP,D
15:00:00,MYOR,RG,2260,2,F,KZ,YP,D
15:00:00,MYOR,RG,2260,50,F,KZ,YP,D
15:00:00,MYOR,RG,2260,27,F,KZ,YP,D
15:00:00,MYOR,RG,2260,2,F,KZ,DH,D
15:00:00,MYOR,RG,2260,23,F,KZ,PD,D
15:00:00,MYOR,RG,2260,40,F,KZ,CC,D
15:00:00,MYOR,RG,2260,4,F,KZ,XC,D
15:00:00,MYOR,RG,2260,2,F,KZ,OD,F
15:00:00,MYOR,RG,2260,10,F,KZ,CC,D
15:00:00,MYOR,RG,2260,14,F,KZ,NI,D
15:00:00,MYOR,RG,2260,88,F,KZ,CC,D
15:00:00,MYOR,RG,2260,9,F,KZ,CC,D
15:00:00,MYOR,RG,2260,27,F,KZ,CC,D
15:00:00,MYOR,RG,2260,38,F,KZ,CC,D
15:00:00,MYOR,RG,2260,46,F,KZ,CC,D
15:00:00,MYOR,RG,2260,7,F,KZ,CC,D
15:00:00,MYOR,RG,2260,216,F,KZ,BK,F
15:00:00,MYOR,RG,2260,46,F,KZ,AK,F
14:49:59,MYOR,RG,2250,400,D,SQ,PD,D
14:49:50,MYOR,RG,2250,2,D,SQ,BK,F
14:49:48,MYOR,RG,2260,3,F,KZ,XC,D
14:49:45,MYOR,RG,2250,15,D,SQ,CC,D
14:49:16,MYOR,RG,2260,1,F,KZ,XC,D
14:49:14,MYOR,RG,2260,10,F,KZ,XC,D
14:49:13,MYOR,RG,2250,2,D,SQ,BK,F
14:49:11,MYOR,RG,2250,44,D,SQ,BK,F
14:49:09,MYOR,RG,2250,600,D,SQ,OD,D
14:49:03,MYOR,RG,2260,5,F,KZ,XC,D
14:49:01,MYOR,RG,2250,1,D,SQ,BK,F
14:49:00,MYOR,RG,2260,1,F,KZ,XC,D
14:49:00,MYOR,RG,2250,15,D,SQ,AK,D
14:49:00,MYOR,RG,2250,8,D,SQ,AK,D
14:49:00,MYOR,RG,2250,1,D,SQ,AK,D
14:49:00,MYOR,RG,2250,1,D,SQ,AK,D
14:48:59,MYOR,RG,2260,4,D,PD,XC,D
14:48:45,MYOR,RG,2250,5,D,SQ,KK,D
14:48:45,MYOR,RG,2250,4,D,SQ,AK,D
14:48:44,MYOR,RG,2250,1,D,SQ,AT,D
14:48:43,MYOR,RG,2250,10,D,SQ,YP,D
14:48:41,MYOR,RG,2250,2,D,SQ,BK,F
14:48:41,MYOR,RG,2250,63,D,SQ,DP,F
14:48:40,MYOR,RG,2250,2,D,SQ,AK,D
14:48:39,MYOR,RG,2250,1,D,SQ,AK,D
14:48:39,MYOR,RG,2250,3,D,SQ,DP,F
14:48:39,MYOR,RG,2250,10,D,SQ,NI,D
14:48:22,MYOR,RG,2250,8,D,SQ,BK,F
14:48:21,MYOR,RG,2250,14,D,SQ,DP,F
14:48:21,MYOR,RG,2250,6,D,YP,DP,F
14:48:21,MYOR,RG,2250,35,D,NI,DP,F
14:48:21,MYOR,RG,2250,13,F,KZ,DP,F
14:48:09,MYOR,RG,2250,1,F,KZ,PD,D
14:48:06,MYOR,RG,2250,4,F,KZ,YP,D
14:47:54,MYOR,RG,2250,4,F,KZ,BK,F
14:47:51,MYOR,RG,2260,33,D,DR,XC,D
14:47:51,MYOR,RG,2250,2,F,KZ,KK,D
14:47:48,MYOR,RG,2250,1,F,KZ,BK,F
14:47:44,MYOR,RG,2250,4,F,KZ,DR,D
14:47:42,MYOR,RG,2260,12,D,DR,XC,D
14:47:41,MYOR,RG,2250,7,F,KZ,AK,F
14:47:41,MYOR,RG,2260,22,D,DR,XC,D
14:47:23,MYOR,RG,2250,1,F,KZ,DR,D
14:47:21,MYOR,RG,2250,5,F,KZ,DR,D
14:47:08,MYOR,RG,2250,2,F,KZ,BK,F
14:47:05,MYOR,RG,2250,2,F,KZ,CP,D
14:46:51,MYOR,RG,2260,7,D,DP,XC,D
14:46:47,MYOR,RG,2260,3,D,YP,XC,D
14:46:42,MYOR,RG,2260,2,D,DP,XC,D
14:46:42,MYOR,RG,2250,2,F,KZ,BK,F
14:46:41,MYOR,RG,2260,6,D,DP,XC,D
14:46:36,MYOR,RG,2250,7,F,KZ,BK,F
14:46:33,MYOR,RG,2260,53,F,KZ,XC,D
14:46:30,MYOR,RG,2250,7,F,KZ,BK,F
14:46:30,MYOR,RG,2250,1,F,KZ,BK,F
14:46:29,MYOR,RG,2250,1,F,KZ,NI,D
14:46:29,MYOR,RG,2250,124,D,DR,NI,D
14:45:43,MYOR,RG,2250,150,D,DR,NI,D
14:45:28,MYOR,RG,2260,5,D,YB,XC,D
14:45:28,MYOR,RG,2260,5,D,YB,XC,D
14:45:28,MYOR,RG,2260,1,D,YB,XC,D
14:45:28,MYOR,RG,2260,232,F,KZ,XC,D
14:45:27,MYOR,RG,2250,206,F,BK,ZP,F
14:45:26,MYOR,RG,2250,37,D,DP,ZP,F
14:45:26,MYOR,RG,2250,7,F,KZ,ZP,F
14:45:26,MYOR,RG,2250,1,F,KZ,ZP,F
14:45:25,MYOR,RG,2250,20,F,KZ,CC,D
14:45:25,MYOR,RG,2250,2,F,KZ,XC,D
14:45:25,MYOR,RG,2250,5,F,KZ,YP,D
14:45:25,MYOR,RG,2250,7,F,KZ,SQ,D
14:45:24,MYOR,RG,2250,13,D,LG,SQ,D
14:45:24,MYOR,RG,2250,3,D,LG,LG,D
14:45:24,MYOR,RG,2250,5,D,LG,NI,D
14:45:24,MYOR,RG,2250,1,D,LG,NI,D
14:45:24,MYOR,RG,2250,1,D,LG,XC,D
14:45:24,MYOR,RG,2250,59,D,LG,XC,D
14:45:24,MYOR,RG,2250,5,D,LG,EP,D
14:45:24,MYOR,RG,2250,1,D,LG,XC,D
14:45:24,MYOR,RG,2250,1,D,LG,PD,D
14:45:24,MYOR,RG,2250,174,D,LG,DP,F
14:45:24,MYOR,RG,2250,50,D,LG,SQ,D
14:45:24,MYOR,RG,2250,50,D,LG,DH,D
14:45:24,MYOR,RG,2250,10,D,LG,PD,D
14:45:24,MYOR,RG,2250,1,D,LG,YP,D
14:45:24,MYOR,RG,2250,1,D,LG,PD,D
14:45:24,MYOR,RG,2250,2,D,LG,DH,D
14:45:24,MYOR,RG,2250,17,D,LG,AK,D
14:45:24,MYOR,RG,2250,2,D,LG,DH,D
14:45:24,MYOR,RG,2250,18,D,LG,AK,D
14:45:24,MYOR,RG,2250,50,D,LG,PD,D
14:45:24,MYOR,RG,2250,1,D,LG,PD,D
14:45:24,MYOR,RG,2250,3,D,LG,KK,D
14:45:24,MYOR,RG,2250,5,D,LG,XC,D
14:45:24,MYOR,RG,2250,2,D,LG,XC,D
14:45:24,MYOR,RG,2250,2,D,LG,PD,D
14:45:24,MYOR,RG,2250,23,D,LG,YJ,D
14:45:24,MYOR,RG,2250,27,D,LG,YJ,D
14:45:24,MYOR,RG,2250,2,D,LG,PD,D
14:45:24,MYOR,RG,2250,5,D,LG,OD,D
14:45:24,MYOR,RG,2250,1,D,LG,XC,D
14:45:24,MYOR,RG,2250,18,D,LG,NI,D
14:45:24,MYOR,RG,2250,6,D,LG,XC,D
14:45:24,MYOR,RG,2250,2,D,LG,PD,D
14:45:24,MYOR,RG,2250,15,D,LG,NI,D
14:45:24,MYOR,RG,2250,2,D,LG,PD,D
14:45:24,MYOR,RG,2250,6,D,LG,YP,D
14:45:24,MYOR,RG,2250,25,D,LG,YJ,D
14:45:24,MYOR,RG,2250,1,D,LG,PD,D
14:45:24,MYOR,RG,2250,70,D,LG,LS,D
14:45:24,MYOR,RG,2250,55,D,LG,NI,D
14:45:24,MYOR,RG,2250,1,D,LG,DH,D
14:45:24,MYOR,RG,2250,20,D,LG,PD,D
14:45:24,MYOR,RG,2250,5,D,LG,XC,D
14:45:24,MYOR,RG,2250,20,D,LG,XC,D
14:45:24,MYOR,RG,2250,10,D,LG,PD,D
14:45:24,MYOR,RG,2250,51,D,LG,DR,D
14:45:24,MYOR,RG,2250,162,D,LG,DP,F
14:44:57,MYOR,RG,2250,4,F,KZ,DP,F
14:44:56,MYOR,RG,2250,15,D,NI,DP,F
14:44:54,MYOR,RG,2240,4,D,YP,CC,D
14:44:54,MYOR,RG,2250,2,F,KZ,DP,F
14:44:53,MYOR,RG,2250,26,F,KZ,DP,F
14:44:53,MYOR,RG,2250,2,F,KZ,PD,D
14:44:53,MYOR,RG,2250,5,F,KZ,CC,D
14:44:53,MYOR,RG,2250,1,F,KZ,XC,D
14:44:53,MYOR,RG,2250,3,F,KZ,AK,D
14:44:51,MYOR,RG,2250,17,F,KZ,AK,D
14:44:51,MYOR,RG,2250,1,F,KZ,DH,D
14:44:51,MYOR,RG,2250,3,F,BK,DH,D
14:44:51,MYOR,RG,2250,50,F,BK,SQ,D
14:44:51,MYOR,RG,2250,34,F,BK,AK,D
14:44:51,MYOR,RG,2250,2,F,BK,DH,D
14:44:51,MYOR,RG,2250,30,F,BK,PD,D
14:44:51,MYOR,RG,2250,25,F,BK,PD,D
14:44:51,MYOR,RG,2250,7,F,BK,XC,D
14:44:51,MYOR,RG,2250,15,F,BK,YP,D
14:44:51,MYOR,RG,2250,84,F,BK,NI,D
14:44:50,MYOR,RG,2250,5,F,KZ,NI,D
14:44:49,MYOR,RG,2250,4,F,KZ,NI,D
14:44:45,MYOR,RG,2240,24,D,YP,AK,D
14:44:44,MYOR,RG,2250,1,F,KZ,NI,D
14:44:44,MYOR,RG,2250,11,F,KZ,NI,D
14:44:43,MYOR,RG,2250,55,F,KZ,NI,D
14:44:43,MYOR,RG,2250,250,F,BK,NI,D
14:44:42,MYOR,RG,2250,2,F,KZ,NI,D
14:44:42,MYOR,RG,2250,7,D,CC,NI,D
14:44:28,MYOR,RG,2250,21,F,BK,NI,D
14:44:28,MYOR,RG,2250,50,F,BK,CC,D
14:44:28,MYOR,RG,2250,3,F,BK,XC,D
14:44:28,MYOR,RG,2250,1,F,BK,XC,D
14:44:28,MYOR,RG,2250,175,F,BK,CC,D
14:44:12,MYOR,RG,2250,75,D,DR,CC,D
14:44:12,MYOR,RG,2250,20,D,DR,PD,D
14:44:12,MYOR,RG,2250,5,D,DR,XC,D
14:44:12,MYOR,RG,2250,1,D,DR,YP,D
14:44:05,MYOR,RG,2240,129,D,YP,DP,F
14:44:05,MYOR,RG,2240,27,F,KZ,DP,F
14:44:03,MYOR,RG,2240,29,F,KZ,DP,F
14:44:03,MYOR,RG,2240,250,D,YP,DP,F
14:44:03,MYOR,RG,2240,6,F,KZ,DP,F
14:44:03,MYOR,RG,2240,9,F,KZ,DP,F
14:43:44,MYOR,RG,2240,4,F,KZ,CC,D
14:43:35,MYOR,RG,2240,7,F,KZ,DR,D
14:43:34,MYOR,RG,2240,29,F,KZ,DR,D
14:43:10,MYOR,RG,2250,5,D,PD,YP,D
14:43:04,MYOR,RG,2250,14,D,DP,YP,D
14:43:04,MYOR,RG,2250,5,D,DP,CC,D
14:42:56,MYOR,RG,2240,40,F,KZ,GR,D
14:42:00,MYOR,RG,2250,1,D,YP,CC,D
14:41:56,MYOR,RG,2240,3,F,KZ,CC,D
14:41:54,MYOR,RG,2250,11,F,KZ,CC,D
14:41:54,MYOR,RG,2250,7,F,KZ,PD,D
14:41:54,MYOR,RG,2250,5,F,KZ,YP,D
14:41:54,MYOR,RG,2250,53,F,KZ,XC,D
14:41:54,MYOR,RG,2250,6,F,KZ,CC,D
14:41:54,MYOR,RG,2250,1,F,KZ,CC,D
14:41:51,MYOR,RG,2240,22,F,KZ,YP,D
14:41:51,MYOR,RG,2240,478,D,LG,YP,D
14:41:49,MYOR,RG,2250,15,F,KZ,CC,D
14:41:45,MYOR,RG,2250,66,D,YP,CC,D
14:41:44,MYOR,RG,2250,11,F,KZ,CC,D
14:40:21,MYOR,RG,2250,29,D,DR,CC,D
14:40:16,MYOR,RG,2240,1,D,LG,OD,D
14:40:14,MYOR,RG,2240,7,D,LG,XC,D
14:40:08,MYOR,RG,2240,4,D,LG,CC,D
14:39:52,MYOR,RG,2240,1,D,LG,XC,D
14:39:30,MYOR,RG,2240,9,D,LG,AK,D
14:39:30,MYOR,RG,2240,11,F,KZ,AK,D
14:39:30,MYOR,RG,2240,50,D,EP,AK,D
14:39:30,MYOR,RG,2240,1,D,PD,AK,D
14:39:30,MYOR,RG,2240,2,F,KZ,AK,D
14:39:30,MYOR,RG,2240,3,F,KZ,AK,D
14:39:30,MYOR,RG,2240,13,F,KZ,AK,D
14:39:09,MYOR,RG,2250,2,D,DR,CC,D
14:39:09,MYOR,RG,2250,3,D,DR,EP,D
14:39:09,MYOR,RG,2250,30,D,DR,XC,D
14:38:31,MYOR,RG,2250,1,D,DP,XC,D
14:37:33,MYOR,RG,2240,4,F,KZ,PD,D
14:37:33,MYOR,RG,2240,1,F,KZ,PD,D
14:36:58,MYOR,RG,2250,3,D,XC,XC,D
14:36:48,MYOR,RG,2240,1,F,KZ,DR,D
14:36:48,MYOR,RG,2240,5,F,KZ,DR,D
14:36:48,MYOR,RG,2240,11,D,DR,DR,D
14:36:46,MYOR,RG,2250,2,D,DP,XC,D
14:36:39,MYOR,RG,2240,25,D,DR,DR,D
14:36:39,MYOR,RG,2240,60,D,DR,DP,F
14:36:39,MYOR,RG,2240,4,D,DR,CC,D
14:36:39,MYOR,RG,2240,85,D,DR,DP,F
14:36:38,MYOR,RG,2240,2,D,PD,DP,F
14:36:38,MYOR,RG,2240,4,D,YP,DP,F
14:36:38,MYOR,RG,2240,5,D,YP,DP,F
14:36:38,MYOR,RG,2240,48,D,DR,DP,F
14:36:38,MYOR,RG,2240,1,F,KZ,DP,F
14:36:38,MYOR,RG,2240,2,D,PD,DP,F
14:36:38,MYOR,RG,2240,1,F,KZ,DP,F
14:36:38,MYOR,RG,2240,5,D,PD,DP,F
14:36:38,MYOR,RG,2240,43,F,KZ,DP,F
14:36:38,MYOR,RG,2240,34,D,DP,DP,F
14:36:38,MYOR,RG,2240,45,D,DR,DP,F
14:36:36,MYOR,RG,2240,93,D,DR,DP,F
14:36:36,MYOR,RG,2240,4,D,PD,DP,F
14:36:36,MYOR,RG,2240,9,F,KZ,DP,F
14:36:22,MYOR,RG,2240,2,F,KZ,CC,D
14:36:22,MYOR,RG,2240,3,D,PD,CC,D
14:35:45,MYOR,RG,2240,1,D,PD,KK,D
14:35:45,MYOR,RG,2240,9,D,XC,KK,D
14:35:45,MYOR,RG,2240,3,D,XC,KK,D
14:35:45,MYOR,RG,2240,2,F,KZ,KK,D
14:35:13,MYOR,RG,2240,1,F,KZ,PD,D
14:34:59,MYOR,RG,2240,2,F,KZ,YP,D
14:34:35,MYOR,RG,2240,1,F,KZ,DH,D
14:34:35,MYOR,RG,2240,1,F,KZ,DH,D
14:34:32,MYOR,RG,2240,3,F,KZ,CC,D
14:34:09,MYOR,RG,2240,1,F,KZ,XC,D
14:33:36,MYOR,RG,2250,14,D,DR,XC,D
14:33:27,MYOR,RG,2240,5,F,KZ,DR,D
14:33:27,MYOR,RG,2240,1,D,CC,DR,D
14:33:27,MYOR,RG,2240,2,D,PD,DR,D
14:33:27,MYOR,RG,2240,1,D,PD,DR,D
14:33:27,MYOR,RG,2240,10,D,DR,DR,D
14:33:27,MYOR,RG,2240,34,D,DP,DR,D
14:33:27,MYOR,RG,2240,5,D,YP,DR,D
14:33:27,MYOR,RG,2240,2,F,KZ,DR,D
14:33:26,MYOR,RG,2240,67,F,KZ,DP,F
14:33:26,MYOR,RG,2240,139,D,DR,DP,F
14:33:26,MYOR,RG,2240,10,D,YP,DP,F
14:33:26,MYOR,RG,2240,4,F,KZ,DP,F
14:33:26,MYOR,RG,2240,26,F,KZ,DP,F
14:33:26,MYOR,RG,2240,112,D,NI,DP,F
14:33:26,MYOR,RG,2240,1,D,XC,DP,F
14:33:26,MYOR,RG,2240,1,D,OD,DP,F
14:33:26,MYOR,RG,2240,4,F,BK,DP,F
14:33:19,MYOR,RG,2250,4,F,KZ,XC,D
14:33:19,MYOR,RG,2250,1,F,KZ,XC,D
14:33:19,MYOR,RG,2250,1,F,KZ,XC,D
14:33:19,MYOR,RG,2250,10,F,KZ,XC,D
14:33:17,MYOR,RG,2240,40,F,BK,XC,D
14:32:44,MYOR,RG,2240,5,F,BK,CC,D
14:32:28,MYOR,RG,2250,1,D,DR,XC,D
14:32:28,MYOR,RG,2250,1,D,DR,PD,D
14:32:28,MYOR,RG,2250,5,D,DR,CC,D
14:32:28,MYOR,RG,2250,3,D,DR,YP,D
14:32:28,MYOR,RG,2250,4,D,DR,XC,D
14:32:28,MYOR,RG,2250,45,D,DR,YP,D
14:32:28,MYOR,RG,2250,18,D,DR,AK,D
14:32:28,MYOR,RG,2250,10,D,DR,CC,D
14:32:28,MYOR,RG,2250,19,D,DR,AK,D
14:32:28,MYOR,RG,2250,2,D,DR,AT,D
14:32:28,MYOR,RG,2250,45,D,DR,KK,D
14:32:15,MYOR,RG,2240,19,F,BK,AK,D
14:31:53,MYOR,RG,2250,10,D,YP,KK,D
14:31:50,MYOR,RG,2250,10,D,YP,KK,D
14:31:48,MYOR,RG,2250,10,D,YP,KK,D
14:31:46,MYOR,RG,2250,10,D,YP,KK,D
14:31:43,MYOR,RG,2250,10,D,YP,KK,D
14:31:20,MYOR,RG,2240,10,F,BK,ZP,D
14:31:09,MYOR,RG,2240,37,F,BK,YP,D
14:30:58,MYOR,RG,2240,4,F,BK,CC,D
14:30:43,MYOR,RG,2240,9,F,BK,SQ,D
14:30:34,MYOR,RG,2240,4,F,BK,CC,D
14:30:30,MYOR,RG,2240,19,F,BK,AK,D
14:30:29,MYOR,RG,2250,1,D,XC,KK,D
14:30:17,MYOR,RG,2240,2,F,BK,PD,D
14:29:54,MYOR,RG,2240,14,F,BK,DP,F
14:29:54,MYOR,RG,2250,2,F,KZ,KK,D
14:29:46,MYOR,RG,2240,10,F,BK,YP,D
14:29:46,MYOR,RG,2240,10,F,KZ,YP,D
14:29:06,MYOR,RG,2240,2,F,KZ,CC,D
14:29:06,MYOR,RG,2240,2,F,KZ,CC,D
14:28:36,MYOR,RG,2240,3,F,KZ,PD,D
14:28:36,MYOR,RG,2240,4,F,KZ,PD,D
14:28:36,MYOR,RG,2240,1,F,KZ,PD,D
14:28:36,MYOR,RG,2240,1,F,KZ,PD,D
14:28:36,MYOR,RG,2240,5,F,KZ,PD,D
14:28:36,MYOR,RG,2240,15,F,KZ,PD,D
14:28:30,MYOR,RG,2240,21,F,KZ,AK,D
14:27:20,MYOR,RG,2240,4,F,KZ,CC,D
14:26:55,MYOR,RG,2250,2,F,KZ,KK,D
14:26:55,MYOR,RG,2250,1,F,KZ,YP,D
14:26:55,MYOR,RG,2250,1,F,KZ,XC,D
14:26:55,MYOR,RG,2250,22,F,KZ,PD,D
14:26:54,MYOR,RG,2250,8,D,DR,PD,D
14:26:54,MYOR,RG,2250,3,D,DR,PD,D
14:26:54,MYOR,RG,2250,68,D,DR,SQ,D
14:26:40,MYOR,RG,2240,73,F,BK,DP,F
14:26:40,MYOR,RG,2240,1,F,KZ,DP,F
14:26:40,MYOR,RG,2240,2,F,KZ,DP,F
14:26:40,MYOR,RG,2240,5,D,YB,DP,F
14:26:40,MYOR,RG,2240,44,F,KZ,DP,F
14:26:40,MYOR,RG,2240,28,D,DR,DP,F
14:26:39,MYOR,RG,2250,1,D,XC,SQ,D
14:26:39,MYOR,RG,2240,106,D,DR,DP,F
14:26:33,MYOR,RG,2240,23,D,DR,DR,D
14:26:31,MYOR,RG,2240,24,D,DR,DR,D
14:25:49,MYOR,RG,2250,1,F,KZ,SQ,D
14:25:49,MYOR,RG,2250,10,F,KZ,SQ,D
14:25:48,MYOR,RG,2250,20,D,DR,SQ,D
14:25:48,MYOR,RG,2250,20,D,DR,SQ,D
14:25:48,MYOR,RG,2250,15,D,DR,ZP,D
14:25:48,MYOR,RG,2250,20,D,DR,LG,D
14:25:48,MYOR,RG,2250,20,D,DR,XC,D
14:25:48,MYOR,RG,2250,3,D,DR,PD,D
14:25:48,MYOR,RG,2250,1,D,DR,XC,D
14:25:48,MYOR,RG,2250,5,D,DR,DR,D
14:25:48,MYOR,RG,2250,7,D,DR,KK,D
14:25:45,MYOR,RG,2240,17,D,DR,AK,D
14:25:45,MYOR,RG,2240,8,F,KZ,AK,D
14:25:26,MYOR,RG,2240,4,F,KZ,CC,D
14:24:49,MYOR,RG,2250,3,D,NI,KK,D
14:24:49,MYOR,RG,2250,1,D,NI,KK,D
14:24:49,MYOR,RG,2250,45,D,NI,NI,D
14:24:49,MYOR,RG,2250,6,D,NI,AG,D
14:23:38,MYOR,RG,2240,4,F,KZ,CC,D
14:23:27,MYOR,RG,2240,55,F,BK,DR,D
14:23:27,MYOR,RG,2240,17,D,DP,ZP,F
14:23:27,MYOR,RG,2240,2,F,KZ,ZP,F
14:23:27,MYOR,RG,2240,5,D,PD,ZP,F
14:23:27,MYOR,RG,2240,10,D,CC,ZP,F
14:23:27,MYOR,RG,2240,1,F,KZ,ZP,F
14:23:27,MYOR,RG,2240,11,F,KZ,ZP,F
14:23:27,MYOR,RG,2240,38,D,DR,ZP,F
14:23:25,MYOR,RG,2240,19,D,DR,DP,F
14:23:25,MYOR,RG,2240,50,D,BQ,DP,F
14:23:25,MYOR,RG,2240,3,D,PD,DP,F
14:23:25,MYOR,RG,2240,3,F,KZ,DP,F
14:23:25,MYOR,RG,2240,1,D,NI,DP,F
14:23:25,MYOR,RG,2240,16,D,DP,DP,F
14:23:25,MYOR,RG,2240,1,D,GR,DP,F
14:23:25,MYOR,RG,2240,1,F,KZ,DP,F
14:23:25,MYOR,RG,2240,2,D,YP,DP,F
14:23:25,MYOR,RG,2240,17,F,KZ,DP,F
14:23:25,MYOR,RG,2240,1,F,KZ,DP,F
14:23:25,MYOR,RG,2240,47,F,KZ,DP,F
14:23:25,MYOR,RG,2240,100,D,DR,DP,F
14:22:45,MYOR,RG,2240,29,D,DR,AK,D
14:22:24,MYOR,RG,2240,5,D,DR,NI,D
14:22:13,MYOR,RG,2250,1,D,EP,AG,D
14:21:50,MYOR,RG,2240,5,D,DR,CC,D
14:21:24,MYOR,RG,2250,2,F,KZ,AG,D
14:21:24,MYOR,RG,2250,1,F,KZ,AG,D
14:21:24,MYOR,RG,2250,10,F,KZ,YP,D
14:21:24,MYOR,RG,2250,3,F,KZ,PD,D
14:21:24,MYOR,RG,2250,1,F,KZ,YP,D
14:21:24,MYOR,RG,2250,1,F,KZ,YP,D
14:21:22,MYOR,RG,2240,1,D,DR,DH,D
14:20:42,MYOR,RG,2240,7,D,DR,BK,F
14:20:42,MYOR,RG,2250,11,F,KZ,YP,D
14:20:41,MYOR,RG,2250,50,D,BQ,YP,D
14:20:37,MYOR,RG,2250,1,D,KK,YP,D
14:20:29,MYOR,RG,2250,1,F,KZ,YP,D
14:20:29,MYOR,RG,2250,1,F,KZ,YP,D
14:20:29,MYOR,RG,2250,3,F,KZ,YP,D
14:20:29,MYOR,RG,2250,1,F,KZ,YP,D
14:20:26,MYOR,RG,2240,6,D,DR,BK,F
14:20:25,MYOR,RG,2240,50,D,DR,SQ,D
14:20:20,MYOR,RG,2250,1,D,NI,YP,D
14:20:12,MYOR,RG,2240,1,D,DR,BK,F
14:20:12,MYOR,RG,2240,5,F,KZ,BK,F
14:20:12,MYOR,RG,2250,21,D,DR,YP,D
14:20:12,MYOR,RG,2250,12,D,DR,YB,D
14:20:12,MYOR,RG,2250,5,D,DR,NI,D
14:20:12,MYOR,RG,2250,2,D,DR,PD,D
14:20:12,MYOR,RG,2250,3,D,DR,PD,D
14:20:12,MYOR,RG,2250,5,D,DR,XC,D
14:20:12,MYOR,RG,2250,16,D,DR,SQ,D
14:20:02,MYOR,RG,2240,2,F,KZ,CC,D
14:20:02,MYOR,RG,2240,2,D,NI,CC,D
14:19:49,MYOR,RG,2240,7,D,NI,BK,F
14:19:44,MYOR,RG,2250,2,D,PD,SQ,D
14:19:22,MYOR,RG,2240,5,D,NI,KK,D
14:19:21,MYOR,RG,2250,5,D,GR,SQ,D
14:19:07,MYOR,RG,2250,78,D,DR,SQ,D
14:19:07,MYOR,RG,2250,6,D,DR,EP,D
14:19:07,MYOR,RG,2250,32,D,DR,YP,D
14:18:19,MYOR,RG,2250,8,D,DP,YP,D
14:18:08,MYOR,RG,2240,1,D,NI,CC,D
14:18:08,MYOR,RG,2240,4,F,KZ,CC,D
14:18:08,MYOR,RG,2240,1,D,DP,CC,D
14:18:00,MYOR,RG,2240,16,D,DP,AK,D
14:18:00,MYOR,RG,2240,1,D,YB,AK,D
14:18:00,MYOR,RG,2240,1,D,SQ,AK,D
14:17:04,MYOR,RG,2240,1,D,SQ,AK,F
14:17:04,MYOR,RG,2240,61,D,DR,AK,F
14:17:04,MYOR,RG,2240,3,F,KZ,AK,F
14:17:04,MYOR,RG,2240,20,D,XC,AK,F
14:17:04,MYOR,RG,2240,1,F,KZ,AK,F
14:17:04,MYOR,RG,2240,25,D,CC,AK,F
14:17:04,MYOR,RG,2240,95,D,DR,AK,F
14:17:03,MYOR,RG,2240,48,D,DR,DP,F
14:17:03,MYOR,RG,2240,14,F,KZ,DP,F
14:17:00,MYOR,RG,2240,20,F,KZ,PD,D
14:16:52,MYOR,RG,2240,1,F,KZ,DH,D
14:16:45,MYOR,RG,2250,10,D,DP,YP,D
14:16:41,MYOR,RG,2240,18,F,KZ,DR,D
14:16:31,MYOR,RG,2240,14,F,KZ,NI,D
14:16:31,MYOR,RG,2240,1,D,YB,NI,D
14:16:28,MYOR,RG,2240,5,D,EP,AK,D
14:16:28,MYOR,RG,2240,14,D,DP,AK,D
14:16:16,MYOR,RG,2240,2,D,DP,CC,D
14:15:34,MYOR,RG,2250,37,F,KZ,YP,D
14:15:34,MYOR,RG,2250,3,F,KZ,YP,D
14:15:32,MYOR,RG,2250,1,F,KZ,YP,D
14:15:31,MYOR,RG,2250,9,D,EP,YP,D
14:15:31,MYOR,RG,2250,3,D,EP,PD,D
14:15:31,MYOR,RG,2250,5,D,EP,XC,D
14:15:31,MYOR,RG,2250,6,D,EP,PD,D
14:15:16,MYOR,RG,2250,1,D,YP,PD,D
14:14:41,MYOR,RG,2250,5,D,KK,PD,D
14:14:28,MYOR,RG,2240,1,D,DP,CC,D
14:14:28,MYOR,RG,2240,1,D,YB,CC,D
14:14:28,MYOR,RG,2240,4,D,YP,CC,D
14:13:32,MYOR,RG,2240,8,D,YP,BK,F
14:13:29,MYOR,RG,2240,1,D,YP,BK,F
14:13:29,MYOR,RG,2240,8,F,KZ,BK,F
14:13:29,MYOR,RG,2240,10,D,CC,BK,F
14:13:29,MYOR,RG,2250,1,F,KZ,PD,D
14:13:28,MYOR,RG,2250,5,D,EP,PD,D
14:13:26,MYOR,RG,2240,15,D,CC,DR,D
14:13:26,MYOR,RG,2240,18,D,DR,DR,D
14:13:25,MYOR,RG,2240,137,D,DR,DP,F
14:13:25,MYOR,RG,2240,14,F,BK,DP,F
14:12:41,MYOR,RG,2250,1,D,YB,PD,D
14:12:38,MYOR,RG,2240,1,F,BK,CC,D
14:12:38,MYOR,RG,2240,1,F,KZ,CC,D
14:12:38,MYOR,RG,2240,1,D,XC,CC,D
14:12:32,MYOR,RG,2240,4,D,XC,BK,F
14:12:32,MYOR,RG,2240,4,F,KZ,BK,F
14:12:28,MYOR,RG,2250,6,D,DR,PD,D
14:12:28,MYOR,RG,2250,6,D,DR,SQ,D
14:12:27,MYOR,RG,2250,4,D,DR,SQ,D
14:12:27,MYOR,RG,2250,1,D,DR,PD,D
14:12:27,MYOR,RG,2250,1,D,DR,PD,D
14:12:27,MYOR,RG,2250,2,D,DR,XC,D
14:12:27,MYOR,RG,2250,3,D,DR,DR,D
14:12:27,MYOR,RG,2250,1,D,DR,XC,D
14:12:27,MYOR,RG,2250,5,D,DR,PD,D
14:12:27,MYOR,RG,2250,22,D,DR,SQ,D
14:12:27,MYOR,RG,2250,5,D,DR,YP,D
14:12:27,MYOR,RG,2250,30,D,DR,SQ,D
14:12:27,MYOR,RG,2250,5,D,DR,XC,D
14:12:27,MYOR,RG,2250,3,D,DR,XC,D
14:12:27,MYOR,RG,2250,5,D,DR,YP,D
14:12:27,MYOR,RG,2250,5,D,DR,PD,D
14:12:27,MYOR,RG,2250,20,D,DR,CC,D
14:12:27,MYOR,RG,2250,1,D,DR,NI,D
14:12:27,MYOR,RG,2250,21,D,DR,NI,D
14:11:59,MYOR,RG,2250,9,F,KZ,NI,D
14:11:54,MYOR,RG,2250,25,F,KZ,NI,D
14:11:41,MYOR,RG,2240,1,F,KZ,DH,D
14:10:46,MYOR,RG,2240,5,F,KZ,CC,D
14:10:30,MYOR,RG,2240,3,F,KZ,NI,D
14:10:29,MYOR,RG,2240,18,F,KZ,GR,D
14:08:52,MYOR,RG,2240,4,F,KZ,CC,D
14:08:13,MYOR,RG,2240,1,F,KZ,DH,D
14:06:55,MYOR,RG,2250,93,D,DR,NI,D
14:06:48,MYOR,RG,2240,5,F,KZ,DR,D
14:06:48,MYOR,RG,2240,14,F,KZ,DR,D
14:06:48,MYOR,RG,2240,1,D,DR,DR,D
14:06:31,MYOR,RG,2240,80,D,DR,DP,F
14:06:10,MYOR,RG,2250,22,F,KZ,NI,D
14:06:09,MYOR,RG,2250,17,F,KZ,NI,D
14:06:07,MYOR,RG,2240,100,D,DR,NI,D
14:05:54,MYOR,RG,2250,3,F,KZ,NI,D
14:05:54,MYOR,RG,2250,10,F,KZ,NI,D
14:05:54,MYOR,RG,2250,3,F,KZ,OD,D
14:05:53,MYOR,RG,2250,4,F,KZ,OD,D
14:05:50,MYOR,RG,2240,4,F,BK,CC,D
14:05:50,MYOR,RG,2240,2,F,BK,PD,D
14:05:50,MYOR,RG,2240,15,F,BK,AK,D
14:05:50,MYOR,RG,2240,63,F,BK,YP,D
14:05:50,MYOR,RG,2240,13,F,BK,AK,D
14:05:50,MYOR,RG,2240,58,F,BK,DP,F
14:05:49,MYOR,RG,2240,11,F,KZ,DP,F
14:05:49,MYOR,RG,2240,21,F,KZ,DP,F
14:05:47,MYOR,RG,2240,9,F,KZ,DP,F
14:05:46,MYOR,RG,2240,98,D,DR,DP,F
14:05:46,MYOR,RG,2240,40,D,DR,DR,D
14:05:33,MYOR,RG,2240,2,D,XC,DR,D
14:05:11,MYOR,RG,2240,5,D,YB,DR,D
14:05:08,MYOR,RG,2230,4,D,LG,CC,D
14:05:02,MYOR,RG,2230,11,D,LG,XC,D
14:04:34,MYOR,RG,2230,30,D,LG,PD,D
14:03:27,MYOR,RG,2230,43,D,LG,DP,F
14:03:26,MYOR,RG,2230,35,D,LG,DR,D
14:03:25,MYOR,RG,2240,28,F,KZ,DP,F
14:03:25,MYOR,RG,2240,14,F,KZ,DP,F
14:03:25,MYOR,RG,2240,15,D,DP,DP,F
14:03:25,MYOR,RG,2240,2,F,KZ,DP,F
14:03:25,MYOR,RG,2240,40,D,DR,DP,F
14:03:19,MYOR,RG,2240,50,D,DR,NI,D
14:03:16,MYOR,RG,2240,4,D,DR,CC,D
14:03:15,MYOR,RG,2240,16,D,DR,AK,D
14:03:00,MYOR,RG,2240,71,D,DR,NI,D
14:03:00,MYOR,RG,2240,1,D,PD,NI,D
14:03:00,MYOR,RG,2240,1,D,PD,NI,D
14:03:00,MYOR,RG,2240,1,F,KZ,NI,D
14:03:00,MYOR,RG,2240,3,F,BK,NI,D
14:03:00,MYOR,RG,2240,2,F,KZ,NI,D
14:03:00,MYOR,RG,2240,10,D,PD,NI,D
14:03:00,MYOR,RG,2240,3,F,KZ,NI,D
14:03:00,MYOR,RG,2240,8,D,DP,NI,D
14:02:44,MYOR,RG,2240,6,D,DP,PD,D
14:02:44,MYOR,RG,2240,4,F,KZ,PD,D
14:02:31,MYOR,RG,2240,1,F,KZ,XC,D
14:01:53,MYOR,RG,2240,1,F,KZ,NI,D
14:01:12,MYOR,RG,2240,1,F,KZ,YP,D
14:01:12,MYOR,RG,2240,4,F,KZ,YP,D
14:01:12,MYOR,RG,2240,2,F,KZ,YP,D
14:01:12,MYOR,RG,2240,20,F,KZ,YP,D
14:00:16,MYOR,RG,2250,4,F,KZ,OD,D
14:00:14,MYOR,RG,2250,2,F,KZ,OD,D
14:00:13,MYOR,RG,2250,1,D,DR,XC,D
14:00:13,MYOR,RG,2250,1,D,DR,PD,D
14:00:13,MYOR,RG,2250,5,D,DR,SQ,D
14:00:13,MYOR,RG,2250,2,D,DR,KK,D
14:00:13,MYOR,RG,2250,10,D,DR,XC,D
14:00:13,MYOR,RG,2250,8,D,DR,CC,D
13:59:49,MYOR,RG,2240,4,F,KZ,CC,D
13:59:49,MYOR,RG,2240,1,F,KZ,DR,D
13:59:49,MYOR,RG,2240,11,F,KZ,DR,D
13:59:49,MYOR,RG,2240,1,F,KZ,DR,D
13:59:49,MYOR,RG,2240,2,F,KZ,DR,D
13:59:46,MYOR,RG,2230,1,D,LG,PD,D
13:59:46,MYOR,RG,2240,12,F,KZ,DR,D
13:59:46,MYOR,RG,2240,10,F,KZ,AK,D
13:59:45,MYOR,RG,2240,2,F,BK,LS,D
13:59:45,MYOR,RG,2240,15,F,BK,AK,D
13:59:45,MYOR,RG,2240,7,F,BK,DR,D
13:59:45,MYOR,RG,2240,100,F,BK,NI,D
13:59:45,MYOR,RG,2240,100,F,BK,DP,F
13:59:44,MYOR,RG,2240,2,D,CC,DP,F
13:59:36,MYOR,RG,2230,6,D,LG,CC,D
13:59:21,MYOR,RG,2240,5,D,CC,DP,F
13:59:06,MYOR,RG,2240,28,D,DR,DP,F
13:59:00,MYOR,RG,2230,11,D,LG,AK,D
13:57:30,MYOR,RG,2230,11,D,LG,AK,D
13:57:27,MYOR,RG,2240,13,D,YP,DP,F
13:56:53,MYOR,RG,2230,4,D,LG,XC,D
13:56:41,MYOR,RG,2230,34,D,LG,DR,D
13:56:41,MYOR,RG,2240,39,F,KZ,DP,F
13:56:40,MYOR,RG,2240,1,D,DP,DP,F
13:56:40,MYOR,RG,2240,4,D,DP,CC,D
13:56:40,MYOR,RG,2240,9,D,DP,DR,D
13:56:39,MYOR,RG,2240,9,F,KZ,DR,D
13:56:38,MYOR,RG,2240,164,D,DR,ZP,F
13:56:37,MYOR,RG,2240,49,D,DR,DP,F
13:56:37,MYOR,RG,2240,3,F,KZ,DP,F
13:56:37,MYOR,RG,2240,1,F,KZ,DP,F
13:56:37,MYOR,RG,2240,4,D,XC,DP,F
13:56:35,MYOR,RG,2240,11,D,DP,DP,F
13:56:35,MYOR,RG,2240,5,F,KZ,DP,F
13:56:35,MYOR,RG,2240,1,F,KZ,DP,F
13:56:35,MYOR,RG,2240,25,D,DR,DP,F
13:55:56,MYOR,RG,2240,3,D,DR,CC,D
13:55:49,MYOR,RG,2240,1,D,DR,PD,D
13:55:49,MYOR,RG,2240,3,F,KZ,PD,D
13:55:31,MYOR,RG,2240,2,F,KZ,CC,D
13:55:24,MYOR,RG,2240,10,F,KZ,CC,D
13:55:05,MYOR,RG,2240,34,F,KZ,DR,D
13:55:05,MYOR,RG,2240,16,D,PD,DR,D
13:55:05,MYOR,RG,2240,24,D,PD,YP,D
13:55:05,MYOR,RG,2240,2,D,XC,YP,D
13:55:05,MYOR,RG,2240,185,D,DR,YP,D
13:55:05,MYOR,RG,2240,10,F,KZ,YP,D
13:55:05,MYOR,RG,2240,2,D,CC,YP,D
13:55:05,MYOR,RG,2240,25,D,YP,YP,D
13:55:05,MYOR,RG,2240,1,D,YP,YP,D
13:55:05,MYOR,RG,2240,1,D,DP,YP,D
13:54:45,MYOR,RG,2240,3,D,DP,AK,D
13:54:45,MYOR,RG,2240,1,D,KK,AK,D
13:54:45,MYOR,RG,2240,1,F,KZ,AK,D
13:54:45,MYOR,RG,2240,8,D,PD,AK,D
13:54:44,MYOR,RG,2250,1,F,KZ,CC,D
13:54:39,MYOR,RG,2250,2,F,KZ,CC,D
13:54:26,MYOR,RG,2240,12,D,PD,YP,D
13:54:26,MYOR,RG,2240,2,F,KZ,YP,D
13:54:26,MYOR,RG,2240,7,D,DP,YP,D
13:54:26,MYOR,RG,2240,4,F,KZ,YP,D
13:54:08,MYOR,RG,2240,3,F,KZ,YP,D
13:54:02,MYOR,RG,2240,5,F,KZ,CC,D
13:53:26,MYOR,RG,2240,33,F,KZ,DR,D
13:53:26,MYOR,RG,2240,17,D,DR,DR,D
13:53:25,MYOR,RG,2240,162,D,DR,DP,F
13:53:25,MYOR,RG,2240,27,F,KZ,DP,F
13:53:25,MYOR,RG,2240,3,D,XC,DP,F
13:53:24,MYOR,RG,2250,3,F,KZ,CC,D
13:53:24,MYOR,RG,2250,16,D,YP,CC,D
13:53:24,MYOR,RG,2250,9,D,YP,YP,D
13:52:55,MYOR,RG,2250,1,D,XC,YP,D
13:52:27,MYOR,RG,2250,42,F,KZ,YP,D
13:52:27,MYOR,RG,2250,12,D,DR,YP,D
13:52:25,MYOR,RG,2250,3,F,KZ,YP,D
13:52:25,MYOR,RG,2250,33,D,DR,YP,D
13:52:25,MYOR,RG,2250,16,D,DR,PD,D
13:52:25,MYOR,RG,2250,5,D,DR,XC,D
13:52:25,MYOR,RG,2250,3,D,DR,YP,D
13:52:25,MYOR,RG,2250,9,D,DR,NI,D
13:52:25,MYOR,RG,2250,5,D,DR,FS,D
13:52:25,MYOR,RG,2250,1,D,DR,PD,D
13:52:25,MYOR,RG,2250,30,D,DR,SQ,D
13:52:25,MYOR,RG,2250,50,D,DR,PD,D
13:52:25,MYOR,RG,2250,25,D,DR,NI,D
13:52:25,MYOR,RG,2250,1,D,DR,XC,D
13:52:25,MYOR,RG,2250,25,D,DR,KK,D
13:52:25,MYOR,RG,2250,2,D,DR,PD,D
13:52:25,MYOR,RG,2250,10,D,DR,CC,D
13:52:25,MYOR,RG,2250,5,D,DR,PD,D
13:52:25,MYOR,RG,2250,14,D,DR,NI,D
13:52:25,MYOR,RG,2250,1,D,DR,YP,D
13:52:25,MYOR,RG,2250,1,D,DR,XC,D
13:52:25,MYOR,RG,2250,10,D,DR,DR,D
13:52:25,MYOR,RG,2250,1,D,DR,NI,D
13:52:08,MYOR,RG,2240,4,F,KZ,CC,D
13:51:28,MYOR,RG,2240,32,F,KZ,DR,D
13:51:28,MYOR,RG,2240,108,D,DH,DR,D
13:51:06,MYOR,RG,2250,3,F,KZ,NI,D
13:51:04,MYOR,RG,2250,2,F,KZ,NI,D
13:51:03,MYOR,RG,2250,14,D,YP,NI,D
13:51:03,MYOR,RG,2250,8,D,YP,NI,D
13:50:25,MYOR,RG,2250,1,D,PD,NI,D
13:50:25,MYOR,RG,2250,2,D,PD,PD,D
13:50:16,MYOR,RG,2240,4,D,DH,CC,D
13:50:01,MYOR,RG,2250,5,F,KZ,PD,D
13:49:59,MYOR,RG,2250,1,F,KZ,PD,D
13:49:59,MYOR,RG,2250,2,F,KZ,PD,D
13:49:58,MYOR,RG,2240,1,D,DH,DR,D
13:49:56,MYOR,RG,2240,20,D,DH,PD,D
13:49:53,MYOR,RG,2250,1,D,PD,PD,D
13:49:53,MYOR,RG,2250,2,D,PD,PD,D
13:49:42,MYOR,RG,2250,6,D,PD,PD,D
13:49:37,MYOR,RG,2250,4,D,PD,PD,D
13:49:31,MYOR,RG,2250,4,F,KZ,PD,D
13:49:29,MYOR,RG,2250,1,F,KZ,PD,D
13:49:29,MYOR,RG,2250,1,F,KZ,PD,D
13:49:24,MYOR,RG,2240,20,D,DH,NI,D
13:48:43,MYOR,RG,2250,1,D,PD,PD,D
13:48:38,MYOR,RG,2250,1,D,PD,PD,D
13:48:33,MYOR,RG,2250,1,D,XC,PD,D
13:48:26,MYOR,RG,2240,4,D,DH,CC,D
13:48:17,MYOR,RG,2250,5,D,DP,PD,D
13:47:07,MYOR,RG,2240,4,D,DH,BK,F
13:47:06,MYOR,RG,2250,19,D,PD,PD,D
13:47:06,MYOR,RG,2250,1,D,PD,PD,D
13:47:06,MYOR,RG,2250,5,D,PD,KK,D
13:46:57,MYOR,RG,2240,6,D,DH,BK,F
13:46:53,MYOR,RG,2250,1,D,DR,PD,D
13:46:53,MYOR,RG,2250,1,D,DR,PD,D
13:46:53,MYOR,RG,2250,20,D,DR,YP,D
13:46:53,MYOR,RG,2250,30,D,DR,YP,D
13:46:53,MYOR,RG,2250,2,D,DR,XC,D
13:46:53,MYOR,RG,2250,25,D,DR,SQ,D
13:46:44,MYOR,RG,2250,5,D,DP,SQ,D
13:46:43,MYOR,RG,2240,4,D,DH,NI,D
13:46:42,MYOR,RG,2240,26,D,DH,DR,D
13:46:40,MYOR,RG,2240,3,D,DH,DR,D
13:46:40,MYOR,RG,2240,9,D,DP,DR,D
13:46:40,MYOR,RG,2240,1,D,XC,DR,D
13:46:40,MYOR,RG,2240,8,F,KZ,DR,D
13:46:36,MYOR,RG,2240,4,F,KZ,CC,D
13:46:29,MYOR,RG,2240,27,F,KZ,DP,F
13:46:29,MYOR,RG,2240,15,D,DR,DP,F
13:45:49,MYOR,RG,2240,7,D,DR,BK,F
13:45:49,MYOR,RG,2250,24,F,KZ,SQ,D
13:45:46,MYOR,RG,2240,13,D,DR,BK,F
13:45:45,MYOR,RG,2250,11,F,KZ,SQ,D
13:45:44,MYOR,RG,2250,85,D,DR,SQ,D
13:45:44,MYOR,RG,2250,1,D,DR,YP,D
13:45:44,MYOR,RG,2250,9,D,DR,XC,D
13:45:44,MYOR,RG,2250,10,D,DR,NI,D
13:45:44,MYOR,RG,2250,1,D,DR,XC,D
13:45:44,MYOR,RG,2250,3,D,DR,KK,D
13:45:44,MYOR,RG,2250,46,D,DR,YP,D
13:45:40,MYOR,RG,2240,7,D,DR,BK,F
13:45:34,MYOR,RG,2250,9,F,KZ,YP,D
13:45:31,MYOR,RG,2240,16,D,DR,XC,D
13:45:11,MYOR,RG,2240,7,D,DR,BK,F
13:45:10,MYOR,RG,2240,30,D,DR,XC,D
13:44:48,MYOR,RG,2240,4,D,DR,CC,D
13:44:30,MYOR,RG,2240,30,D,DR,NI,D
13:43:34,MYOR,RG,2240,7,D,DR,BK,F
13:43:31,MYOR,RG,2240,15,D,DR,BK,F
13:43:25,MYOR,RG,2240,29,D,DR,DR,D
13:43:25,MYOR,RG,2240,9,F,KZ,DR,D
13:43:25,MYOR,RG,2240,5,D,PC,DR,D
13:43:25,MYOR,RG,2240,1,D,YP,DR,D
13:43:25,MYOR,RG,2240,2,D,XC,DR,D
13:43:25,MYOR,RG,2240,1,D,PD,DR,D
13:43:25,MYOR,RG,2240,39,D,PD,DP,F
13:43:25,MYOR,RG,2240,14,D,DP,DP,F
13:43:25,MYOR,RG,2240,1,F,KZ,DP,F
13:43:25,MYOR,RG,2240,34,F,KZ,DP,F
13:43:25,MYOR,RG,2240,38,D,KK,DP,F
13:43:00,MYOR,RG,2240,4,D,KK,CC,D
13:41:18,MYOR,RG,2240,7,D,KK,BK,F
13:41:13,MYOR,RG,2240,9,D,KK,BK,F
13:41:09,MYOR,RG,2240,92,D,KK,BK,F
13:41:09,MYOR,RG,2240,23,F,KZ,BK,F
13:41:09,MYOR,RG,2240,100,D,LG,BK,F
13:41:09,MYOR,RG,2240,20,F,KZ,BK,F
13:41:09,MYOR,RG,2240,15,F,BK,BK,F
13:41:06,MYOR,RG,2240,4,F,BK,CC,D
13:40:43,MYOR,RG,2240,69,F,BK,NI,D
13:40:43,MYOR,RG,2240,1,F,KZ,NI,D
13:40:43,MYOR,RG,2240,1,F,KZ,NI,D
13:40:43,MYOR,RG,2240,2,D,DP,NI,D
13:40:43,MYOR,RG,2240,27,F,KZ,NI,D
13:40:36,MYOR,RG,2250,4,F,KZ,YP,D
13:40:36,MYOR,RG,2250,20,D,PD,YP,D
13:39:41,MYOR,RG,2250,3,D,DP,YP,D
13:39:09,MYOR,RG,2250,3,F,KZ,YP,D
13:39:09,MYOR,RG,2250,1,F,KZ,YP,D
13:39:09,MYOR,RG,2250,1,F,KZ,YP,D
13:39:09,MYOR,RG,2250,1,F,KZ,YP,D
13:39:03,MYOR,RG,2250,41,F,KZ,YP,D
13:39:00,MYOR,RG,2240,9,D,YP,BK,F
13:39:00,MYOR,RG,2240,5,D,YP,PD,D
13:39:00,MYOR,RG,2240,44,D,YP,BK,F
13:39:00,MYOR,RG,2240,6,D,YP,CC,D
13:39:00,MYOR,RG,2240,36,D,YP,PD,D
13:39:00,MYOR,RG,2240,15,D,YP,AK,D
13:39:00,MYOR,RG,2240,1,D,YP,XC,D
13:39:00,MYOR,RG,2240,3,D,YP,PD,D
13:39:00,MYOR,RG,2240,50,D,YP,NI,D
13:39:00,MYOR,RG,2240,18,D,YP,AK,D
13:39:00,MYOR,RG,2240,1,D,YP,XC,D
13:39:00,MYOR,RG,2240,123,D,YP,DP,F
13:39:00,MYOR,RG,2240,4,D,YP,DR,D
13:38:44,MYOR,RG,2230,7,D,LG,BK,F
13:38:44,MYOR,RG,2240,1,F,KZ,DR,D
13:38:43,MYOR,RG,2240,2,D,PD,DR,D
13:38:43,MYOR,RG,2240,2,D,PD,EP,D
13:38:43,MYOR,RG,2240,2,D,PD,XC,D
13:38:43,MYOR,RG,2240,5,D,PD,CC,D
13:38:43,MYOR,RG,2240,5,D,PD,AT,D
13:38:43,MYOR,RG,2240,2,D,PD,OD,D
13:38:43,MYOR,RG,2240,4,D,PD,XC,D
13:38:43,MYOR,RG,2240,4,D,PD,XC,D
13:38:43,MYOR,RG,2240,4,D,PD,CC,D
13:38:37,MYOR,RG,2240,16,F,KZ,CC,D
13:38:37,MYOR,RG,2240,10,F,KZ,CC,D
13:38:37,MYOR,RG,2240,8,F,KZ,XC,D
13:38:37,MYOR,RG,2240,9,F,KZ,LG,D
13:38:34,MYOR,RG,2230,8,D,LG,BK,F
13:38:34,MYOR,RG,2240,1,F,KZ,LG,D
13:38:32,MYOR,RG,2230,31,D,LG,DR,D
13:38:31,MYOR,RG,2230,16,D,LG,DR,D
13:38:30,MYOR,RG,2230,141,D,LG,DP,F
13:37:26,MYOR,RG,2230,3,D,LG,CC,D
13:36:48,MYOR,RG,2240,73,F,KZ,DP,F
13:36:45,MYOR,RG,2230,79,D,LG,DP,F
13:36:44,MYOR,RG,2230,55,D,LG,DR,D
13:36:44,MYOR,RG,2230,197,D,LG,DP,F
13:36:38,MYOR,RG,2240,4,F,KZ,DP,F
13:36:36,MYOR,RG,2240,18,D,DP,DP,F
13:36:36,MYOR,RG,2240,1,F,KZ,DP,F
13:36:35,MYOR,RG,2240,2,D,DP,DP,F
13:36:35,MYOR,RG,2240,4,D,DP,DR,D
13:36:14,MYOR,RG,2240,1,D,YU,DR,D
13:35:56,MYOR,RG,2240,1,F,KZ,DR,D
13:35:55,MYOR,RG,2240,3,D,YP,DR,D
13:35:42,MYOR,RG,2240,2,F,KZ,DR,D
13:35:39,MYOR,RG,2230,5,D,LG,YP,D
13:35:38,MYOR,RG,2230,4,D,LG,CC,D
13:33:48,MYOR,RG,2230,3,D,LG,CC,D
13:33:38,MYOR,RG,2240,4,F,KZ,DR,D
13:33:37,MYOR,RG,2240,15,D,XC,DR,D
13:33:27,MYOR,RG,2240,4,F,KZ,DR,D
13:33:25,MYOR,RG,2240,1,F,KZ,DR,D
13:33:24,MYOR,RG,2240,15,D,DP,DR,D
13:33:24,MYOR,RG,2240,2,D,DP,XC,D
13:33:24,MYOR,RG,2240,8,D,DP,PD,D
13:33:20,MYOR,RG,2240,1,D,XC,YP,D
13:33:14,MYOR,RG,2240,1,F,KZ,YP,D
13:33:14,MYOR,RG,2240,1,D,NI,XC,D
13:33:14,MYOR,RG,2240,1,D,NI,KK,D
13:33:06,MYOR,RG,2240,1,F,KZ,KK,D
13:33:06,MYOR,RG,2240,1,F,KZ,CC,D
13:33:04,MYOR,RG,2240,1,F,KZ,CC,D
13:33:04,MYOR,RG,2240,8,D,CC,CC,D
13:33:04,MYOR,RG,2240,22,D,CC,PD,D
13:32:59,MYOR,RG,2240,9,F,KZ,PD,D
13:32:57,MYOR,RG,2230,1,D,LG,PD,D
13:32:48,MYOR,RG,2240,10,D,PD,PD,D
13:31:41,MYOR,RG,2240,1,D,NI,PD,D
13:30:20,MYOR,RG,2240,4,F,KZ,PD,D
13:30:20,MYOR,RG,2240,2,F,KZ,PD,D
13:30:16,MYOR,RG,2240,2,F,KZ,PD,D
13:30:16,MYOR,RG,2240,8,F,KZ,NI,D
13:30:16,MYOR,RG,2240,2,F,KZ,PD,D
13:30:16,MYOR,RG,2240,8,F,KZ,SQ,D
13:30:14,MYOR,RG,2240,1,F,KZ,SQ,D
13:30:13,MYOR,RG,2230,42,D,LG,AK,D
13:30:12,MYOR,RG,2240,36,D,YP,SQ,D
13:30:11,MYOR,RG,2230,1,D,LG,PD,D
13:30:10,MYOR,RG,2230,10,D,LG,CC,D
13:30:10,MYOR,RG,2240,3,F,KZ,SQ,D
13:30:10,MYOR,RG,2240,4,F,KZ,SQ,D
13:30:10,MYOR,RG,2240,1,F,KZ,SQ,D
13:30:09,MYOR,RG,2230,1,D,LG,XC,D
13:30:09,MYOR,RG,2230,5,D,LG,XC,D
13:30:08,MYOR,RG,2230,1,D,LG,XC,D
13:30:06,MYOR,RG,2230,1,D,LG,PD,D
13:30:06,MYOR,RG,2230,3,D,LG,XC,D
13:30:06,MYOR,RG,2230,1,D,LG,XC,D
13:30:05,MYOR,RG,2240,1,D,PD,SQ,D
13:30:05,MYOR,RG,2240,2,D,PD,SQ,D
13:30:04,MYOR,RG,2240,2,D,SQ,SQ,D
13:30:04,MYOR,RG,2230,1,D,LG,PD,D
13:30:04,MYOR,RG,2230,5,D,LG,PD,D
13:30:04,MYOR,RG,2230,1,D,LG,PD,D
13:30:03,MYOR,RG,2240,1,D,XC,SQ,D
13:30:03,MYOR,RG,2230,1,D,LG,SQ,D
13:30:03,MYOR,RG,2240,4,D,PD,SQ,D
13:30:03,MYOR,RG,2230,3,D,LG,EP,D
11:29:58,MYOR,RG,2230,1,D,LG,AK,D
11:29:45,MYOR,RG,2230,1,D,LG,AK,D
11:29:12,MYOR,RG,2240,1,D,YU,SQ,D
11:29:05,MYOR,RG,2240,3,D,XC,SQ,D
11:28:49,MYOR,RG,2240,1,F,KZ,SQ,D
11:28:49,MYOR,RG,2240,18,F,KZ,SQ,D
11:28:49,MYOR,RG,2240,1,F,KZ,SQ,D
11:28:45,MYOR,RG,2230,9,D,LG,AK,D
11:28:45,MYOR,RG,2230,1,D,LG,AK,D
11:28:30,MYOR,RG,2230,7,D,LG,BK,F
11:28:30,MYOR,RG,2230,1,D,LG,AK,D
11:28:00,MYOR,RG,2240,3,D,XC,SQ,D
11:27:52,MYOR,RG,2240,1,D,DP,SQ,D
11:27:45,MYOR,RG,2230,5,D,LG,PD,D
11:27:45,MYOR,RG,2230,6,D,LG,AK,D
11:27:45,MYOR,RG,2230,2,D,LG,AK,D
11:27:43,MYOR,RG,2230,7,D,LG,BK,F
11:27:42,MYOR,RG,2230,44,D,LG,DP,F
11:27:22,MYOR,RG,2230,12,D,LG,DR,D
11:27:21,MYOR,RG,2230,1,D,LG,DR,D
11:27:00,MYOR,RG,2230,4,D,LG,AK,D
11:26:49,MYOR,RG,2240,5,D,KK,SQ,D
11:25:52,MYOR,RG,2240,4,D,DP,SQ,D
11:25:52,MYOR,RG,2240,2,D,DP,XC,D
11:25:52,MYOR,RG,2240,2,D,DP,PD,D
11:25:26,MYOR,RG,2230,5,D,LG,YP,D
11:25:14,MYOR,RG,2230,7,D,LG,BK,F
11:25:11,MYOR,RG,2230,8,D,LG,BK,F
11:25:10,MYOR,RG,2240,1,F,KZ,PD,D
11:25:10,MYOR,RG,2240,12,F,KZ,PD,D
11:25:10,MYOR,RG,2240,5,F,KZ,XC,D
11:25:10,MYOR,RG,2240,15,F,KZ,YP,D
11:25:10,MYOR,RG,2240,1,F,KZ,XC,D
11:25:10,MYOR,RG,2240,5,F,KZ,PD,D
11:25:10,MYOR,RG,2240,1,F,KZ,PD,D
11:25:10,MYOR,RG,2240,4,F,KZ,NI,D
11:25:10,MYOR,RG,2240,5,F,KZ,YP,D
11:25:09,MYOR,RG,2240,4,F,KZ,YP,D
11:25:06,MYOR,RG,2230,16,D,LG,BK,F
11:25:05,MYOR,RG,2230,63,D,LG,DP,F
11:25:04,MYOR,RG,2230,11,D,LG,DR,D
11:25:03,MYOR,RG,2230,76,D,LG,DP,F
11:25:03,MYOR,RG,2230,43,D,LG,DR,D
11:22:51,MYOR,RG,2230,8,D,LG,BK,F
11:22:46,MYOR,RG,2230,8,D,LG,BK,F
11:22:41,MYOR,RG,2240,11,F,KZ,YP,D
11:22:41,MYOR,RG,2240,5,F,KZ,LS,D
11:22:41,MYOR,RG,2240,10,F,KZ,CC,D
11:22:41,MYOR,RG,2240,1,F,KZ,XC,D
11:22:41,MYOR,RG,2240,1,F,KZ,XC,D
11:22:41,MYOR,RG,2240,15,F,KZ,YP,D
11:22:41,MYOR,RG,2240,1,F,KZ,PD,D
11:22:41,MYOR,RG,2230,18,D,LG,BK,F
11:22:39,MYOR,RG,2230,200,D,LG,PD,D
11:22:37,MYOR,RG,2240,1,F,KZ,PD,D
11:22:37,MYOR,RG,2240,1,D,CC,PD,D
11:21:16,MYOR,RG,2240,2,F,KZ,PD,D
11:21:16,MYOR,RG,2240,11,D,DP,PD,D
11:21:04,MYOR,RG,2240,4,F,KZ,PD,D
11:21:04,MYOR,RG,2240,1,F,KZ,KK,D
11:20:59,MYOR,RG,2240,3,F,KZ,KK,D
11:20:59,MYOR,RG,2240,2,F,KZ,KK,D
11:20:59,MYOR,RG,2240,3,F,KZ,LG,D
11:20:57,MYOR,RG,2240,22,F,KZ,LG,D
11:20:56,MYOR,RG,2240,1,F,KZ,LG,D
11:20:55,MYOR,RG,2240,24,D,CC,LG,D
11:20:55,MYOR,RG,2240,20,D,CC,CC,D
11:20:55,MYOR,RG,2240,5,D,CC,EP,D
11:20:55,MYOR,RG,2240,30,D,CC,OD,D
11:20:55,MYOR,RG,2240,3,D,CC,XC,D
11:20:55,MYOR,RG,2240,20,D,CC,CC,D
11:20:55,MYOR,RG,2240,1,D,CC,XC,D
11:20:55,MYOR,RG,2240,26,D,CC,NI,D
11:18:49,MYOR,RG,2240,1,D,DP,NI,D
11:18:47,MYOR,RG,2240,12,D,DP,NI,D
11:18:37,MYOR,RG,2230,20,D,LG,PD,D
11:18:24,MYOR,RG,2240,2,D,CC,NI,D
11:17:48,MYOR,RG,2240,1,F,KZ,NI,D
11:17:45,MYOR,RG,2230,6,D,LG,BK,F
11:17:34,MYOR,RG,2240,2,F,KZ,NI,D
11:17:29,MYOR,RG,2240,1,F,KZ,NI,D
11:17:29,MYOR,RG,2240,1,F,KZ,NI,D
11:17:24,MYOR,RG,2240,4,F,KZ,NI,D
11:17:24,MYOR,RG,2240,2,F,KZ,XC,D
11:17:24,MYOR,RG,2240,1,F,KZ,PD,D
11:17:19,MYOR,RG,2240,1,F,KZ,LG,D
11:15:49,MYOR,RG,2240,1,D,PD,NI,D
11:15:49,MYOR,RG,2240,3,F,KZ,NI,D
11:15:49,MYOR,RG,2240,3,F,KZ,XC,D
11:15:20,MYOR,RG,2240,2,D,CC,XC,D
11:15:18,MYOR,RG,2230,2,D,LG,PD,D
11:14:39,MYOR,RG,2240,1,F,KZ,XC,D
11:14:31,MYOR,RG,2240,2,D,XC,XC,D
11:14:23,MYOR,RG,2240,11,D,PD,XC,D
11:14:23,MYOR,RG,2240,25,D,PD,GR,D
11:14:23,MYOR,RG,2240,5,D,PD,SQ,D
11:14:23,MYOR,RG,2240,1,D,PD,YP,D
11:14:23,MYOR,RG,2240,2,D,PD,OD,D
11:14:14,MYOR,RG,2240,1,F,KZ,OD,D
11:13:53,MYOR,RG,2240,117,F,KZ,OD,D
11:13:53,MYOR,RG,2240,3,F,KZ,YP,D
11:13:50,MYOR,RG,2230,75,D,LG,DP,F
11:13:49,MYOR,RG,2230,37,D,LG,DR,D
11:13:49,MYOR,RG,2230,11,D,LG,AK,D
11:13:49,MYOR,RG,2230,13,D,LG,AK,D
11:13:48,MYOR,RG,2230,11,D,LG,AK,D
11:13:48,MYOR,RG,2230,8,D,LG,AK,D
11:13:48,MYOR,RG,2230,5,D,LG,TP,D
11:13:48,MYOR,RG,2230,48,D,LG,DP,F
11:13:48,MYOR,RG,2230,15,D,LG,DR,D
11:13:48,MYOR,RG,2230,20,D,LG,BK,F
11:13:48,MYOR,RG,2230,51,D,LG,DP,F
11:13:48,MYOR,RG,2230,35,D,LG,DR,D
11:13:48,MYOR,RG,2230,14,D,LG,BK,F
11:13:48,MYOR,RG,2230,8,D,LG,AK,D
11:13:48,MYOR,RG,2230,27,D,LG,BK,F
11:13:48,MYOR,RG,2230,131,D,LG,CC,D
11:13:48,MYOR,RG,2230,8,D,LG,AK,D
11:13:48,MYOR,RG,2230,27,D,LG,BK,F
11:13:48,MYOR,RG,2230,44,D,LG,YP,D
11:13:23,MYOR,RG,2230,2,D,PD,YP,D
11:13:19,MYOR,RG,2230,1,F,KZ,YP,D
11:12:49,MYOR,RG,2230,1,F,KZ,YP,D
11:12:30,MYOR,RG,2220,8,F,KZ,AK,D
11:12:16,MYOR,RG,2230,3,D,XC,YP,D
11:12:14,MYOR,RG,2230,1,F,KZ,YP,D
11:10:46,MYOR,RG,2230,5,D,DP,YP,D
11:10:44,MYOR,RG,2230,1,D,DP,YP,D
11:09:37,MYOR,RG,2230,5,D,PD,YP,D
11:09:10,MYOR,RG,2230,10,D,PD,YP,D
11:08:28,MYOR,RG,2220,8,F,KZ,BK,F
11:08:23,MYOR,RG,2220,8,F,KZ,BK,F
11:08:22,MYOR,RG,2220,5,F,KZ,DR,D
11:08:22,MYOR,RG,2220,2,D,XC,DR,D
11:08:22,MYOR,RG,2220,6,D,AT,DR,D
11:08:22,MYOR,RG,2220,10,D,XC,DR,D
11:08:22,MYOR,RG,2220,3,D,PD,DR,D
11:08:22,MYOR,RG,2220,1,D,XC,DR,D
11:08:22,MYOR,RG,2220,8,D,GR,DR,D
11:08:21,MYOR,RG,2220,7,D,GR,DP,F
11:08:21,MYOR,RG,2220,12,D,PD,DP,F
11:08:21,MYOR,RG,2220,1,D,XC,DP,F
11:08:21,MYOR,RG,2220,30,D,SQ,DP,F
11:08:19,MYOR,RG,2220,8,D,SQ,DP,F
11:08:13,MYOR,RG,2230,1,D,DH,YP,D
11:07:46,MYOR,RG,2220,7,D,SQ,BK,F
11:07:44,MYOR,RG,2230,19,F,KZ,YP,D
11:07:44,MYOR,RG,2230,2,F,KZ,YP,D
11:07:43,MYOR,RG,2220,5,D,SQ,AK,D
11:07:43,MYOR,RG,2220,3,D,PD,AK,D
11:07:43,MYOR,RG,2220,5,F,AG,AK,D
11:07:43,MYOR,RG,2220,2,D,XC,AK,D
11:07:08,MYOR,RG,2230,13,D,DP,YP,D
11:06:59,MYOR,RG,2230,3,F,KZ,YP,D
11:06:47,MYOR,RG,2220,1,D,XC,DR,D
11:06:46,MYOR,RG,2220,43,D,XC,DP,F
11:06:46,MYOR,RG,2220,8,D,PD,DP,F
11:06:46,MYOR,RG,2220,2,D,PD,DR,D
11:06:46,MYOR,RG,2220,5,D,CC,DR,D
11:06:46,MYOR,RG,2220,10,D,XC,DR,D
11:06:46,MYOR,RG,2220,1,D,EP,DR,D
11:06:46,MYOR,RG,2220,10,D,XC,DR,D
11:06:46,MYOR,RG,2220,1,D,YP,DR,D
11:06:46,MYOR,RG,2220,4,D,NI,DR,D
11:06:34,MYOR,RG,2230,1,F,KZ,YP,D
11:02:58,MYOR,RG,2220,6,D,NI,AK,D
11:02:58,MYOR,RG,2220,1,D,XC,AK,D
11:02:58,MYOR,RG,2220,4,D,YP,AK,D
11:01:57,MYOR,RG,2230,5,D,DR,YP,D
11:01:30,MYOR,RG,2230,5,D,CC,YP,D
11:01:03,MYOR,RG,2230,2,F,KZ,YP,D
11:01:00,MYOR,RG,2220,1,D,YP,AK,D
11:01:00,MYOR,RG,2220,5,D,CC,AK,D
11:01:00,MYOR,RG,2220,4,D,YP,AK,D
11:00:34,MYOR,RG,2230,4,F,KZ,YP,D
11:00:30,MYOR,RG,2230,2,D,DP,YP,D
11:00:30,MYOR,RG,2230,7,F,KZ,YP,D
11:00:29,MYOR,RG,2230,1,D,DP,YP,D
10:59:59,MYOR,RG,2220,1,D,OD,DR,D
10:59:53,MYOR,RG,2220,2,D,OD,NI,D
10:59:15,MYOR,RG,2220,8,D,OD,AK,D
10:58:26,MYOR,RG,2220,17,D,OD,DR,D
10:58:22,MYOR,RG,2220,18,D,OD,DP,F
10:57:39,MYOR,RG,2230,10,F,KZ,YP,D
10:57:34,MYOR,RG,2230,2,F,KZ,YP,D
10:57:29,MYOR,RG,2230,1,F,KZ,HP,D
10:57:29,MYOR,RG,2230,8,F,KZ,CC,D
10:57:29,MYOR,RG,2230,3,F,KZ,CC,D
10:57:29,MYOR,RG,2230,2,F,KZ,CC,D
10:57:25,MYOR,RG,2220,9,D,OD,AK,D
10:57:24,MYOR,RG,2230,18,F,KZ,CC,D
10:57:24,MYOR,RG,2230,19,D,AI,CC,D
10:57:24,MYOR,RG,2230,1,D,AI,EP,D
10:57:24,MYOR,RG,2230,15,D,AI,BK,F
10:57:24,MYOR,RG,2230,80,D,AI,DP,F
10:57:24,MYOR,RG,2230,10,D,AI,DR,D
10:57:08,MYOR,RG,2230,11,D,DP,DR,D
10:57:04,MYOR,RG,2230,11,F,KZ,DR,D
10:57:04,MYOR,RG,2230,3,F,KZ,BK,F
10:57:01,MYOR,RG,2220,45,D,OD,CC,D
10:57:01,MYOR,RG,2220,12,D,NI,CC,D
10:56:46,MYOR,RG,2220,8,D,NI,DP,F
10:56:46,MYOR,RG,2220,25,D,NI,DP,F
10:56:46,MYOR,RG,2220,2,D,CC,DP,F
10:56:46,MYOR,RG,2220,1,D,XC,DP,F
10:56:46,MYOR,RG,2220,5,D,KK,DP,F
10:56:46,MYOR,RG,2220,3,D,PD,DP,F
10:56:45,MYOR,RG,2220,19,D,PD,DR,D
10:56:02,MYOR,RG,2230,1,D,XC,BK,F
10:53:12,MYOR,RG,2230,1,D,GR,BK,F
10:52:21,MYOR,RG,2230,2,F,KZ,BK,F
10:52:19,MYOR,RG,2230,9,F,KZ,BK,F
10:52:18,MYOR,RG,2230,8,D,CC,BK,F
10:52:18,MYOR,RG,2230,42,D,CC,DP,F
10:51:36,MYOR,RG,2230,1,F,KZ,DP,F
10:51:35,MYOR,RG,2230,1,D,XC,DP,F
10:51:04,MYOR,RG,2230,8,F,KZ,DP,F
10:50:59,MYOR,RG,2230,8,F,KZ,DP,F
10:50:54,MYOR,RG,2230,1,F,KZ,DP,F
10:50:54,MYOR,RG,2230,1,F,KZ,DP,F
10:50:54,MYOR,RG,2230,1,F,KZ,DP,F
10:50:52,MYOR,RG,2230,1,F,KZ,DP,F
10:50:50,MYOR,RG,2230,7,F,KZ,DP,F
10:50:49,MYOR,RG,2230,9,D,LG,DP,F
10:50:49,MYOR,RG,2230,31,D,LG,DR,D
10:50:49,MYOR,RG,2230,1,D,LG,XC,D
10:50:49,MYOR,RG,2230,4,D,LG,BK,F
10:50:16,MYOR,RG,2230,2,D,DP,BK,F
10:50:15,MYOR,RG,2230,4,D,DP,BK,F
10:50:15,MYOR,RG,2230,1,D,DP,XC,D
10:49:55,MYOR,RG,2220,12,D,PD,YP,D
10:49:12,MYOR,RG,2220,2,D,PD,XC,D
10:48:28,MYOR,RG,2220,14,D,PD,DR,D
10:48:28,MYOR,RG,2220,5,F,AG,DR,D
10:48:28,MYOR,RG,2220,5,D,YP,DR,D
10:48:18,MYOR,RG,2220,5,D,YP,DP,F
10:48:18,MYOR,RG,2220,10,D,PD,DP,F
10:48:18,MYOR,RG,2220,1,D,PD,DP,F
10:48:18,MYOR,RG,2220,19,D,SQ,DP,F
10:47:31,MYOR,RG,2230,1,F,KZ,BK,F
10:47:29,MYOR,RG,2230,2,F,KZ,BK,F
10:47:29,MYOR,RG,2230,4,D,YP,BK,F
10:47:29,MYOR,RG,2230,11,D,YP,DR,D
10:47:09,MYOR,RG,2230,14,F,KZ,DR,D
10:47:08,MYOR,RG,2230,3,F,KZ,DR,D
10:47:07,MYOR,RG,2230,12,D,DP,DR,D
10:46:45,MYOR,RG,2220,31,D,SQ,DP,F
10:46:45,MYOR,RG,2220,34,D,SQ,DR,D
10:46:32,MYOR,RG,2230,1,F,KZ,DR,D
10:46:32,MYOR,RG,2230,3,D,PD,DR,D
10:46:32,MYOR,RG,2230,2,D,PD,AK,D
10:46:22,MYOR,RG,2230,6,F,KZ,AK,D
10:46:20,MYOR,RG,2220,1,D,SQ,CC,D
10:46:19,MYOR,RG,2230,1,F,KZ,AK,D
10:46:19,MYOR,RG,2230,1,D,XC,AK,D
10:46:19,MYOR,RG,2230,9,D,XC,XC,D
10:46:19,MYOR,RG,2230,13,D,XC,BK,F
10:46:19,MYOR,RG,2230,7,D,XC,DP,F
10:45:44,MYOR,RG,2230,5,F,KZ,DP,F
10:45:44,MYOR,RG,2230,22,D,XC,DP,F
10:45:16,MYOR,RG,2230,2,D,PD,DP,F
10:45:12,MYOR,RG,2230,18,F,KZ,DP,F
10:45:04,MYOR,RG,2230,4,F,KZ,DP,F
10:45:04,MYOR,RG,2230,52,D,YU,DP,F
10:45:04,MYOR,RG,2230,4,D,YU,NI,D
10:45:04,MYOR,RG,2230,13,D,YU,YP,D
10:45:04,MYOR,RG,2230,1,D,YU,OD,D
10:45:04,MYOR,RG,2230,1,D,YU,YP,D
10:45:04,MYOR,RG,2230,11,D,YU,BK,F
10:45:04,MYOR,RG,2230,18,D,YU,DR,D
10:42:41,MYOR,RG,2230,5,F,KZ,DR,D
10:42:41,MYOR,RG,2230,20,D,SQ,DR,D
10:42:41,MYOR,RG,2230,1,D,SQ,XC,D
10:42:21,MYOR,RG,2230,1,F,KZ,PD,D
10:42:21,MYOR,RG,2230,8,F,KZ,AK,D
10:42:19,MYOR,RG,2230,4,F,KZ,AK,D
10:42:19,MYOR,RG,2230,3,F,KZ,AK,D
10:42:18,MYOR,RG,2230,12,D,PD,AK,D
10:42:18,MYOR,RG,2230,28,D,PD,BK,F
10:42:18,MYOR,RG,2230,35,D,PD,DP,F
10:41:22,MYOR,RG,2230,4,F,KZ,DP,F
10:41:21,MYOR,RG,2230,17,D,YP,DP,F
10:41:04,MYOR,RG,2230,7,F,KZ,DP,F
10:41:03,MYOR,RG,2230,30,D,CC,DP,F
10:40:59,MYOR,RG,2230,4,F,KZ,DP,F
10:40:54,MYOR,RG,2230,3,F,KZ,DP,F
10:40:49,MYOR,RG,2230,4,F,KZ,DP,F
10:40:49,MYOR,RG,2230,4,F,KZ,DP,F
10:40:49,MYOR,RG,2230,5,F,KZ,DP,F
10:40:48,MYOR,RG,2230,1,F,KZ,DP,F
10:40:47,MYOR,RG,2230,5,D,SQ,DP,F
10:39:46,MYOR,RG,2230,3,D,XC,DP,F
10:39:19,MYOR,RG,2230,20,D,PD,DP,F
10:39:15,MYOR,RG,2230,20,D,NI,DP,F
10:38:07,MYOR,RG,2230,1,D,XC,DP,F
10:37:46,MYOR,RG,2230,14,D,DP,DP,F
10:37:44,MYOR,RG,2230,16,F,KZ,DP,F
10:37:44,MYOR,RG,2230,2,F,KZ,DP,F
10:37:44,MYOR,RG,2230,1,F,KZ,DR,D
10:37:39,MYOR,RG,2220,15,D,SQ,DP,F
10:37:39,MYOR,RG,2220,50,D,DH,DP,F
10:37:39,MYOR,RG,2220,3,D,OD,DP,F
10:37:39,MYOR,RG,2220,5,D,KK,DP,F
10:37:21,MYOR,RG,2230,5,D,ZP,DR,D
10:37:08,MYOR,RG,2230,10,D,PD,DR,D
10:36:32,MYOR,RG,2230,5,D,NI,DR,D
10:35:26,MYOR,RG,2220,8,D,KK,BK,F
10:35:25,MYOR,RG,2220,2,D,KK,XC,D
10:35:24,MYOR,RG,2230,21,F,KZ,DR,D
10:35:18,MYOR,RG,2220,20,D,KK,PD,D
10:35:06,MYOR,RG,2220,15,D,KK,DP,F
10:35:06,MYOR,RG,2220,1,D,YP,DP,F
10:35:06,MYOR,RG,2220,1,D,XC,DP,F
10:35:06,MYOR,RG,2220,1,D,EP,DP,F
10:35:06,MYOR,RG,2220,50,D,EP,DP,F
10:35:06,MYOR,RG,2220,5,D,XC,DP,F
10:35:06,MYOR,RG,2220,12,D,PD,DP,F
10:35:06,MYOR,RG,2220,8,D,PD,DP,F
10:35:06,MYOR,RG,2220,5,D,KK,DP,F
10:35:06,MYOR,RG,2220,20,D,SQ,DP,F
10:35:05,MYOR,RG,2220,11,D,SQ,DR,D
10:35:05,MYOR,RG,2230,11,D,DP,DP,F
10:35:05,MYOR,RG,2230,25,D,DR,DP,F
10:35:05,MYOR,RG,2230,1,D,NI,DP,F
10:35:05,MYOR,RG,2230,1,F,KZ,DP,F
10:35:05,MYOR,RG,2230,6,F,BK,DP,F
10:35:05,MYOR,RG,2230,1,D,XC,DP,F
10:35:05,MYOR,RG,2230,7,F,KZ,DP,F
10:35:05,MYOR,RG,2230,25,D,XC,DP,F
10:35:05,MYOR,RG,2230,6,F,KZ,DP,F
10:35:04,MYOR,RG,2230,15,F,KZ,DR,D
10:35:04,MYOR,RG,2230,2,D,SQ,DR,D
10:35:04,MYOR,RG,2230,10,D,PD,DR,D
10:35:04,MYOR,RG,2230,10,D,YP,DR,D
10:35:04,MYOR,RG,2230,1,D,PD,DR,D
10:35:04,MYOR,RG,2230,11,D,PD,DR,D
10:32:46,MYOR,RG,2240,2,D,PD,YP,D
10:32:46,MYOR,RG,2240,10,D,PD,CC,D
10:32:46,MYOR,RG,2240,8,D,PD,XC,D
10:32:33,MYOR,RG,2230,4,D,PD,PD,D
10:32:33,MYOR,RG,2230,1,D,XC,PD,D
10:32:33,MYOR,RG,2230,15,D,XC,PD,D
10:31:24,MYOR,RG,2240,1,D,XC,NI,D
10:30:32,MYOR,RG,2240,3,D,DP,XC,D
10:29:59,MYOR,RG,2230,1,F,KZ,DP,F
10:29:44,MYOR,RG,2240,1,F,KZ,XC,D
10:29:44,MYOR,RG,2240,1,F,KZ,NI,D
10:29:44,MYOR,RG,2240,5,F,KZ,DH,D
10:29:44,MYOR,RG,2240,2,F,KZ,KK,D
10:29:44,MYOR,RG,2240,2,F,KZ,XC,D
10:28:44,MYOR,RG,2240,1,F,KZ,CC,D
10:28:24,MYOR,RG,2230,1,D,NI,DP,F
10:28:24,MYOR,RG,2230,1,F,KZ,DP,F
10:28:24,MYOR,RG,2230,1,D,YU,DP,F
10:28:24,MYOR,RG,2230,3,F,KZ,DP,F
10:28:24,MYOR,RG,2230,13,D,KK,DP,F
10:28:16,MYOR,RG,2230,2,D,KK,DR,D
10:28:16,MYOR,RG,2230,12,F,KZ,DR,D
10:28:16,MYOR,RG,2230,3,F,KZ,DR,D
10:28:16,MYOR,RG,2230,6,D,DP,DR,D
10:28:02,MYOR,RG,2240,2,D,NI,CC,D
10:27:07,MYOR,RG,2240,3,D,DP,CC,D
10:26:45,MYOR,RG,2230,9,D,DP,DP,F
10:26:45,MYOR,RG,2230,1,F,KZ,DP,F
10:26:45,MYOR,RG,2230,11,D,ZP,DP,F
10:26:44,MYOR,RG,2230,27,D,ZP,DR,D
10:26:13,MYOR,RG,2240,4,D,PD,CC,D
10:26:13,MYOR,RG,2240,1,D,PD,DH,D
10:25:24,MYOR,RG,2240,1,F,KZ,DH,D
10:25:24,MYOR,RG,2240,1,F,KZ,DH,D
10:24:43,MYOR,RG,2240,10,F,KZ,NI,D
10:24:43,MYOR,RG,2240,2,F,KZ,PD,D
10:24:43,MYOR,RG,2240,22,F,KZ,NI,D
10:24:41,MYOR,RG,2230,11,D,ZP,AK,D
10:24:41,MYOR,RG,2230,18,D,ZP,BK,F
10:24:41,MYOR,RG,2230,11,D,ZP,AK,D
10:24:41,MYOR,RG,2230,73,D,ZP,DP,F
10:24:41,MYOR,RG,2230,43,D,ZP,DR,D
10:24:41,MYOR,RG,2230,6,D,ZP,BK,F
10:23:39,MYOR,RG,2230,1,F,KZ,BK,F
10:22:40,MYOR,RG,2220,5,D,SQ,XC,D
10:20:20,MYOR,RG,2230,2,D,DP,BK,F
10:20:20,MYOR,RG,2230,1,D,DP,XC,D
10:19:06,MYOR,RG,2220,13,D,PD,XC,D
10:18:33,MYOR,RG,2220,18,D,PD,DP,F
10:18:33,MYOR,RG,2220,1,F,KZ,DP,F
10:18:33,MYOR,RG,2220,4,F,KZ,DP,F
10:18:33,MYOR,RG,2220,8,D,CC,DP,F
10:18:33,MYOR,RG,2230,2,F,KZ,DP,F
10:18:32,MYOR,RG,2230,1,F,KZ,DP,F
10:18:32,MYOR,RG,2230,12,D,DP,DP,F
10:18:29,MYOR,RG,2230,6,D,DP,DR,D
10:18:25,MYOR,RG,2230,13,F,KZ,AK,D
10:18:23,MYOR,RG,2230,1,F,KZ,AK,D
10:18:22,MYOR,RG,2230,17,F,BK,BK,F
10:18:22,MYOR,RG,2230,10,F,BK,XC,D
10:18:22,MYOR,RG,2230,12,F,BK,AK,D
10:18:22,MYOR,RG,2230,18,F,BK,BK,F
10:18:22,MYOR,RG,2230,5,F,BK,AK,D
10:18:22,MYOR,RG,2230,5,F,KZ,AK,D
10:18:22,MYOR,RG,2230,3,F,KZ,DP,F
10:18:21,MYOR,RG,2230,36,F,BK,DP,F
10:18:20,MYOR,RG,2230,4,F,KZ,DP,F
10:18:19,MYOR,RG,2230,19,D,YP,DP,F
10:17:47,MYOR,RG,2230,5,F,KZ,DP,F
10:17:46,MYOR,RG,2230,49,D,EP,DP,F
10:17:46,MYOR,RG,2230,1,D,EP,BK,F
10:17:40,MYOR,RG,2230,7,D,YP,BK,F
10:17:07,MYOR,RG,2230,1,D,XC,BK,F
10:17:07,MYOR,RG,2230,13,D,DP,BK,F
10:16:45,MYOR,RG,2220,7,D,CC,DP,F
10:16:45,MYOR,RG,2220,10,D,NI,DP,F
10:16:45,MYOR,RG,2220,50,D,CC,DP,F
10:16:45,MYOR,RG,2220,18,F,KZ,DP,F
10:16:44,MYOR,RG,2220,7,F,KZ,DR,D
10:16:38,MYOR,RG,2230,1,F,KZ,BK,F
10:16:38,MYOR,RG,2230,1,D,EP,BK,F
10:16:28,MYOR,RG,2230,1,F,KZ,BK,F
10:16:26,MYOR,RG,2230,5,F,KZ,BK,F
10:16:26,MYOR,RG,2230,4,D,EP,BK,F
10:16:26,MYOR,RG,2230,26,D,EP,DR,D
10:16:18,MYOR,RG,2230,6,F,KZ,DR,D
10:16:16,MYOR,RG,2230,5,F,KZ,DR,D
10:16:15,MYOR,RG,2230,7,D,EP,DR,D
10:16:15,MYOR,RG,2230,5,D,EP,PD,D
10:16:15,MYOR,RG,2230,2,D,EP,PD,D
10:16:15,MYOR,RG,2230,12,D,EP,CC,D
10:16:15,MYOR,RG,2230,24,D,EP,AK,D
10:16:11,MYOR,RG,2230,2,F,KZ,AK,D
10:16:09,MYOR,RG,2230,2,F,KZ,AK,D
10:16:09,MYOR,RG,2230,2,F,KZ,AK,D
10:16:09,MYOR,RG,2230,10,D,XC,AK,D
10:16:09,MYOR,RG,2230,15,D,XC,DP,F
10:15:37,MYOR,RG,2230,8,F,KZ,DP,F
10:15:37,MYOR,RG,2230,49,D,EP,DP,F
10:15:08,MYOR,RG,2230,1,D,PD,DP,F
10:14:58,MYOR,RG,2230,8,D,XC,DP,F
10:14:49,MYOR,RG,2230,25,D,CC,DP,F
10:13:49,MYOR,RG,2230,4,F,KZ,DP,F
10:13:44,MYOR,RG,2230,6,D,MG,DP,F
10:13:44,MYOR,RG,2230,4,D,MG,DR,D
10:13:20,MYOR,RG,2230,1,D,DP,DR,D
10:13:10,MYOR,RG,2230,1,D,CC,DR,D
10:12:49,MYOR,RG,2230,20,D,SQ,DR,D
10:12:07,MYOR,RG,2230,15,D,SQ,DR,D
10:11:55,MYOR,RG,2230,1,D,YP,DR,D
10:11:28,MYOR,RG,2230,3,D,PD,DR,D
10:11:28,MYOR,RG,2230,2,D,PD,NI,D
10:11:21,MYOR,RG,2220,3,F,KZ,XC,D
10:10:58,MYOR,RG,2220,28,F,KZ,DR,D
10:10:58,MYOR,RG,2220,40,D,YP,DR,D
10:10:43,MYOR,RG,2220,1,D,YP,CC,D
10:10:24,MYOR,RG,2220,4,D,YP,OD,D
10:10:24,MYOR,RG,2220,16,D,YP,OD,D
10:10:22,MYOR,RG,2230,1,F,KZ,NI,D
10:10:21,MYOR,RG,2230,5,D,NI,NI,D
10:10:08,MYOR,RG,2230,1,F,KZ,NI,D
10:10:07,MYOR,RG,2230,3,D,DP,NI,D
10:10:03,MYOR,RG,2230,1,D,AT,NI,D
10:09:22,MYOR,RG,2230,1,F,KZ,NI,D
10:09:22,MYOR,RG,2230,5,D,XC,NI,D
10:09:05,MYOR,RG,2230,1,D,XC,NI,D
10:08:26,MYOR,RG,2230,2,D,PD,NI,D
10:08:22,MYOR,RG,2230,1,D,XC,NI,D
10:08:14,MYOR,RG,2230,2,D,XC,NI,D
10:07:55,MYOR,RG,2230,14,F,KZ,NI,D
10:07:55,MYOR,RG,2230,1,F,KZ,NI,D
10:07:55,MYOR,RG,2230,50,D,EP,NI,D
10:07:55,MYOR,RG,2230,1,D,PD,NI,D
10:07:55,MYOR,RG,2230,9,D,AZ,NI,D
10:07:41,MYOR,RG,2230,3,D,AZ,DP,F
10:07:41,MYOR,RG,2230,1,F,KZ,DP,F
10:07:41,MYOR,RG,2230,5,F,AG,DP,F
10:07:41,MYOR,RG,2230,2,F,KZ,DP,F
10:07:41,MYOR,RG,2230,8,D,MG,DP,F
10:07:21,MYOR,RG,2230,2,D,MG,DR,D
10:07:21,MYOR,RG,2230,1,F,KZ,DR,D
10:07:21,MYOR,RG,2230,2,F,KZ,DR,D
10:07:07,MYOR,RG,2240,3,D,DP,NI,D
10:05:05,MYOR,RG,2230,6,F,BK,DP,F
10:05:05,MYOR,RG,2230,2,F,KZ,DP,F
10:05:05,MYOR,RG,2230,13,D,DP,DP,F
10:05:04,MYOR,RG,2240,10,F,KZ,NI,D
10:05:04,MYOR,RG,2240,16,F,KZ,PD,D
10:05:04,MYOR,RG,2240,13,F,KZ,NI,D
10:05:04,MYOR,RG,2240,5,F,KZ,XC,D
10:05:04,MYOR,RG,2240,2,F,KZ,YP,D
10:05:03,MYOR,RG,2230,4,F,KZ,DR,D
10:04:58,MYOR,RG,2230,13,F,KZ,AK,D
10:04:58,MYOR,RG,2230,12,F,KZ,AK,D
10:04:58,MYOR,RG,2230,9,F,KZ,AK,D
10:04:57,MYOR,RG,2230,3,F,BK,AK,D
10:04:57,MYOR,RG,2230,10,F,BK,HP,D
10:04:57,MYOR,RG,2230,9,F,BK,PD,D
10:04:57,MYOR,RG,2230,1,F,BK,YB,D
10:04:57,MYOR,RG,2230,46,F,BK,DP,F
10:04:56,MYOR,RG,2230,3,F,KZ,DP,F
10:04:56,MYOR,RG,2230,77,D,NI,DP,F
10:04:56,MYOR,RG,2230,59,D,NI,DR,D
10:04:56,MYOR,RG,2230,5,D,NI,SQ,D
10:04:56,MYOR,RG,2230,2,D,NI,OD,D
10:04:56,MYOR,RG,2230,23,D,NI,YP,D
10:04:56,MYOR,RG,2230,14,D,NI,AK,D
10:04:56,MYOR,RG,2230,11,D,NI,AK,D
10:04:56,MYOR,RG,2230,10,D,NI,AK,D
10:04:56,MYOR,RG,2230,112,D,NI,AK,F
10:04:56,MYOR,RG,2230,135,D,NI,DP,F
10:04:53,MYOR,RG,2230,5,D,EP,DP,F
10:02:52,MYOR,RG,2230,3,D,PD,DP,F
10:02:20,MYOR,RG,2230,48,D,PD,DP,F
10:02:20,MYOR,RG,2230,52,D,PD,DR,D
10:01:44,MYOR,RG,2220,2,D,YP,XC,D
10:01:38,MYOR,RG,2220,1,D,YP,PD,D
10:00:38,MYOR,RG,2220,1,D,YP,YB,D
10:00:30,MYOR,RG,2220,18,D,PD,XC,D
10:00:30,MYOR,RG,2220,2,D,PD,AK,D
10:00:30,MYOR,RG,2220,1,D,YP,AK,D
10:00:30,MYOR,RG,2220,8,D,PD,AK,D
9:58:20,MYOR,RG,2230,20,D,AT,DR,D
9:58:19,MYOR,RG,2220,1,D,PD,CC,D
9:57:45,MYOR,RG,2220,1,D,PD,AK,D
9:57:45,MYOR,RG,2220,4,D,ZP,AK,D
9:57:45,MYOR,RG,2220,5,D,PD,AK,D
9:57:45,MYOR,RG,2220,2,D,PD,AK,D
9:57:34,MYOR,RG,2220,6,D,PD,BK,F
9:57:33,MYOR,RG,2220,38,D,PD,DP,F
9:57:31,MYOR,RG,2230,5,D,XC,DP,F
9:57:31,MYOR,RG,2230,7,F,KZ,DP,F
9:57:31,MYOR,RG,2230,1,D,KK,DP,F
9:57:31,MYOR,RG,2230,9,D,SQ,DP,F
9:57:30,MYOR,RG,2230,1,D,SQ,DP,F
9:56:47,MYOR,RG,2230,7,D,SQ,BK,F
9:56:44,MYOR,RG,2230,10,D,SQ,YP,D
9:56:43,MYOR,RG,2230,1,D,SQ,CC,D
9:56:40,MYOR,RG,2230,7,D,SQ,BK,F
9:56:38,MYOR,RG,2230,10,D,SQ,YP,D
9:56:38,MYOR,RG,2230,1,F,KZ,YP,D
9:56:38,MYOR,RG,2230,5,D,YP,YP,D
9:56:38,MYOR,RG,2230,1,F,KZ,YP,D
9:56:38,MYOR,RG,2230,1,D,PD,YP,D
9:56:38,MYOR,RG,2230,1,D,XC,YP,D
9:56:38,MYOR,RG,2230,13,F,KZ,YP,D
9:56:38,MYOR,RG,2230,1,D,XC,YP,D
9:56:38,MYOR,RG,2230,2,D,XC,YP,D
9:56:38,MYOR,RG,2230,30,D,NI,YP,D
9:56:38,MYOR,RG,2230,10,D,DP,YP,D
9:56:38,MYOR,RG,2230,5,D,NI,YP,D
9:56:38,MYOR,RG,2230,5,D,XC,YP,D
9:56:38,MYOR,RG,2230,1,D,CC,YP,D
9:56:38,MYOR,RG,2230,5,D,YP,YP,D
9:56:38,MYOR,RG,2230,6,D,PD,YP,D
9:56:31,MYOR,RG,2230,8,D,PD,BK,F
9:56:27,MYOR,RG,2230,21,D,PD,DH,D
9:56:27,MYOR,RG,2230,5,D,XC,DH,D
9:56:27,MYOR,RG,2230,1,D,XC,DH,D
9:56:27,MYOR,RG,2230,3,D,XC,DH,D
9:56:11,MYOR,RG,2230,1,D,XC,XC,D
9:55:54,MYOR,RG,2230,6,D,XC,BK,F
9:55:54,MYOR,RG,2230,4,D,XC,BK,F
9:55:53,MYOR,RG,2230,5,D,XC,KK,D
9:55:53,MYOR,RG,2230,7,F,KZ,KK,D
9:55:53,MYOR,RG,2230,1,D,XC,KK,D
9:55:53,MYOR,RG,2230,25,D,XC,KK,D
9:55:53,MYOR,RG,2230,1,D,PD,KK,D
9:55:53,MYOR,RG,2230,3,D,PD,KK,D
9:55:53,MYOR,RG,2230,3,D,NI,KK,D
9:55:45,MYOR,RG,2230,2,D,NI,NI,D
9:55:45,MYOR,RG,2230,1,D,XC,NI,D
9:55:45,MYOR,RG,2230,12,D,PD,AK,D
9:55:34,MYOR,RG,2230,1,D,PD,XC,D
9:55:13,MYOR,RG,2230,7,D,PD,BK,F
9:55:10,MYOR,RG,2230,1,D,XC,EP,D
9:55:10,MYOR,RG,2230,4,D,ZP,EP,D
9:55:09,MYOR,RG,2230,1,D,ZP,BK,F
9:55:09,MYOR,RG,2230,1,D,XC,BK,F
9:55:09,MYOR,RG,2230,10,D,YP,BK,F
9:55:09,MYOR,RG,2230,14,D,SH,BK,F
9:55:06,MYOR,RG,2230,34,D,SH,DP,F
9:55:05,MYOR,RG,2230,2,D,SH,BK,F
9:55:05,MYOR,RG,2230,18,F,KZ,BK,F
9:55:04,MYOR,RG,2230,142,F,KZ,AK,F
9:55:04,MYOR,RG,2230,5,D,DH,AK,F
9:55:04,MYOR,RG,2230,5,D,KK,AK,F
9:55:04,MYOR,RG,2230,95,D,KK,DP,F
9:55:04,MYOR,RG,2230,5,D,CC,DP,F
9:55:04,MYOR,RG,2230,10,D,AT,DP,F
9:55:04,MYOR,RG,2230,21,D,KK,DP,F
9:55:04,MYOR,RG,2240,1,F,KZ,DP,F
9:55:04,MYOR,RG,2240,1,F,KZ,DP,F
9:55:03,MYOR,RG,2230,30,D,KK,DR,D
9:54:28,MYOR,RG,2230,17,D,KK,XC,D
9:54:25,MYOR,RG,2240,1,D,XC,DP,F
9:53:54,MYOR,RG,2240,2,F,KZ,DP,F
9:53:51,MYOR,RG,2240,2,D,PD,DP,F
9:53:39,MYOR,RG,2240,5,F,KZ,DP,F
9:53:35,MYOR,RG,2240,1,D,XC,DP,F
9:53:31,MYOR,RG,2230,6,D,KK,BK,F
9:53:30,MYOR,RG,2230,13,D,KK,AK,D
9:51:19,MYOR,RG,2240,1,F,KZ,DP,F
9:51:19,MYOR,RG,2240,4,F,KZ,DP,F
9:51:19,MYOR,RG,2240,2,F,KZ,DP,F
9:51:15,MYOR,RG,2230,12,D,KK,AK,D
9:50:22,MYOR,RG,2240,5,D,XC,DP,F
9:49:04,MYOR,RG,2240,1,D,CC,DP,F
9:48:51,MYOR,RG,2240,4,D,DP,DP,F
9:48:47,MYOR,RG,2230,1,D,KK,BK,F
9:48:47,MYOR,RG,2230,5,D,HP,BK,F
9:48:45,MYOR,RG,2230,11,D,HP,AK,D
9:48:33,MYOR,RG,2240,1,D,XC,DP,F
9:47:39,MYOR,RG,2240,6,F,KZ,DP,F
9:47:39,MYOR,RG,2240,4,F,KZ,DR,D
9:47:37,MYOR,RG,2230,20,D,HP,DP,F
9:47:37,MYOR,RG,2230,1,D,XC,DP,F
9:47:37,MYOR,RG,2230,1,D,PD,DP,F
9:47:37,MYOR,RG,2230,14,D,KK,DP,F
9:47:30,MYOR,RG,2230,7,D,KK,BK,F
9:47:27,MYOR,RG,2230,35,D,KK,DR,D
9:47:26,MYOR,RG,2230,12,D,KK,DR,D
9:47:25,MYOR,RG,2240,35,F,KZ,DR,D
9:47:24,MYOR,RG,2240,7,F,KZ,DR,D
9:47:19,MYOR,RG,2230,132,D,KK,PD,D
9:47:19,MYOR,RG,2230,10,D,DH,PD,D
9:47:19,MYOR,RG,2230,8,D,PD,PD,D
9:46:42,MYOR,RG,2230,1,D,PD,PD,D
9:45:58,MYOR,RG,2230,1,D,PD,PD,D
9:45:14,MYOR,RG,2230,8,D,CC,BK,F
9:45:09,MYOR,RG,2230,29,D,CC,BK,F
9:45:06,MYOR,RG,2230,44,D,CC,DP,F
9:45:04,MYOR,RG,2230,59,D,CC,DP,F
9:45:04,MYOR,RG,2230,2,D,YP,DP,F
9:45:04,MYOR,RG,2230,1,D,PD,DP,F
9:45:04,MYOR,RG,2230,6,D,PD,DP,F
9:45:04,MYOR,RG,2230,1,D,NI,DP,F
9:45:04,MYOR,RG,2230,1,D,PD,DP,F
9:45:04,MYOR,RG,2230,74,D,PD,DP,F
9:45:03,MYOR,RG,2230,26,D,PD,DR,D
9:45:03,MYOR,RG,2230,5,D,XC,DR,D
9:45:03,MYOR,RG,2230,4,D,XC,DR,D
9:45:03,MYOR,RG,2230,2,D,XC,DR,D
9:45:03,MYOR,RG,2230,10,D,XC,DR,D
9:45:03,MYOR,RG,2230,3,D,EP,DR,D
9:45:03,MYOR,RG,2230,4,D,DP,DR,D
9:44:45,MYOR,RG,2230,12,D,DP,AK,D
9:44:15,MYOR,RG,2230,1,D,DP,DR,D
9:44:10,MYOR,RG,2240,10,D,PD,DR,D
9:43:08,MYOR,RG,2230,1,D,DP,XC,D
9:43:07,MYOR,RG,2230,7,D,DP,BK,F
9:43:02,MYOR,RG,2240,17,D,DP,DR,D
9:42:20,MYOR,RG,2230,7,D,DP,BK,F
9:42:18,MYOR,RG,2230,2,D,DP,CC,D
9:42:18,MYOR,RG,2230,2,D,XC,CC,D
9:42:18,MYOR,RG,2230,5,D,PD,CC,D
9:42:18,MYOR,RG,2230,5,D,YP,CC,D
9:42:18,MYOR,RG,2230,1,D,PD,CC,D
9:42:18,MYOR,RG,2230,2,D,XC,CC,D
9:42:18,MYOR,RG,2230,10,F,KZ,CC,D
9:42:18,MYOR,RG,2230,15,D,YP,CC,D
9:42:18,MYOR,RG,2230,1,D,YB,CC,D
9:42:18,MYOR,RG,2230,4,F,KZ,CC,D
9:42:18,MYOR,RG,2230,20,D,NI,CC,D
9:42:18,MYOR,RG,2230,1,F,KZ,CC,D
9:42:18,MYOR,RG,2230,10,D,NI,CC,D
9:42:18,MYOR,RG,2230,1,D,XC,CC,D
9:42:18,MYOR,RG,2230,15,D,CC,CC,D
9:42:18,MYOR,RG,2230,1,D,PD,CC,D
9:42:18,MYOR,RG,2230,2,D,PD,CC,D
9:42:18,MYOR,RG,2230,3,D,NI,CC,D
9:41:59,MYOR,RG,2230,1,D,NI,XC,D
9:41:31,MYOR,RG,2230,8,D,NI,BK,F
9:41:30,MYOR,RG,2230,13,D,NI,AK,D
9:41:19,MYOR,RG,2230,20,D,NI,DR,D
9:41:13,MYOR,RG,2230,1,D,NI,PD,D
9:41:01,MYOR,RG,2230,4,D,NI,XC,D
9:41:01,MYOR,RG,2230,2,D,PD,XC,D
9:41:01,MYOR,RG,2230,1,D,PD,XC,D
9:41:01,MYOR,RG,2230,6,D,PD,XC,D
9:40:44,MYOR,RG,2230,4,D,PD,BK,F
9:40:44,MYOR,RG,2230,4,D,YP,BK,F
9:40:41,MYOR,RG,2230,16,D,YP,PD,D
9:40:41,MYOR,RG,2230,6,D,YP,PD,D
9:40:41,MYOR,RG,2230,5,F,AG,PD,D
9:40:41,MYOR,RG,2230,2,D,PD,PD,D
9:40:41,MYOR,RG,2230,1,D,PD,PD,D
9:40:41,MYOR,RG,2230,10,D,PD,PD,D
9:40:41,MYOR,RG,2230,2,D,XC,PD,D
9:40:41,MYOR,RG,2230,3,D,YP,PD,D
9:40:00,MYOR,RG,2240,2,D,PD,DR,D
9:39:43,MYOR,RG,2240,1,D,NI,DR,D
9:39:37,MYOR,RG,2240,1,D,PD,DR,D
9:38:16,MYOR,RG,2230,7,D,YP,BK,F
9:38:15,MYOR,RG,2230,5,D,YP,AK,D
9:38:15,MYOR,RG,2230,8,D,YP,AK,D
9:38:08,MYOR,RG,2230,2,D,YP,YP,D
9:37:36,MYOR,RG,2230,28,D,YP,DR,D
9:37:34,MYOR,RG,2230,1,D,YP,DR,D
9:37:34,MYOR,RG,2230,7,D,YP,BK,F
9:37:29,MYOR,RG,2230,1,D,YP,XC,D
9:37:29,MYOR,RG,2230,10,D,YP,BK,F
9:37:28,MYOR,RG,2230,103,D,YP,DP,F
9:36:02,MYOR,RG,2230,3,D,YP,DR,D
9:35:41,MYOR,RG,2230,2,D,YP,DH,D
9:35:08,MYOR,RG,2230,7,D,YP,BK,F
9:35:05,MYOR,RG,2230,2,D,YP,DP,F
9:35:05,MYOR,RG,2230,12,D,YP,BK,F
9:35:04,MYOR,RG,2230,11,D,YP,DR,D
9:35:04,MYOR,RG,2230,103,D,YP,DP,F
9:35:04,MYOR,RG,2230,10,D,CC,DP,F
9:35:04,MYOR,RG,2230,20,D,CC,DP,F
9:35:04,MYOR,RG,2230,63,D,PD,DP,F
9:35:03,MYOR,RG,2230,37,D,PD,DR,D
9:35:03,MYOR,RG,2230,2,D,XC,DR,D
9:35:03,MYOR,RG,2230,23,D,PD,DR,D
9:35:00,MYOR,RG,2230,14,D,PD,AK,D
9:34:31,MYOR,RG,2240,2,D,CC,DR,D
9:34:06,MYOR,RG,2240,1,D,PD,DR,D
9:33:57,MYOR,RG,2230,5,D,PD,DR,D
9:33:54,MYOR,RG,2230,1,D,PD,XC,D
9:33:32,MYOR,RG,2230,3,D,PD,YP,D
9:33:26,MYOR,RG,2230,9,D,PD,YP,D
9:33:19,MYOR,RG,2230,1,D,PD,PD,D
9:33:08,MYOR,RG,2230,2,D,PD,XC,D
9:33:03,MYOR,RG,2230,1,D,PD,LG,D
9:32:19,MYOR,RG,2230,3,D,PD,XC,D
9:32:12,MYOR,RG,2230,10,D,PD,CC,D
9:31:43,MYOR,RG,2240,2,D,XC,DR,D
9:30:43,MYOR,RG,2240,11,D,XC,DR,D
9:30:43,MYOR,RG,2240,10,D,XC,NI,D
9:30:06,MYOR,RG,2240,2,D,NI,NI,D
9:29:48,MYOR,RG,2240,2,D,XC,NI,D
9:29:37,MYOR,RG,2240,50,D,CC,NI,D
9:28:39,MYOR,RG,2240,1,D,PD,NI,D
9:28:00,MYOR,RG,2230,28,D,PD,SQ,D
9:28:00,MYOR,RG,2230,172,F,KZ,SQ,D
9:27:44,MYOR,RG,2240,11,D,XC,NI,D
9:27:44,MYOR,RG,2240,9,D,XC,NI,D
9:27:44,MYOR,RG,2240,5,D,CC,NI,D
9:27:44,MYOR,RG,2240,1,D,XC,NI,D
9:27:44,MYOR,RG,2240,1,F,KZ,NI,D
9:27:44,MYOR,RG,2240,3,D,NI,NI,D
9:27:44,MYOR,RG,2240,1,F,KZ,NI,D
9:27:44,MYOR,RG,2240,1,F,KZ,NI,D
9:27:44,MYOR,RG,2240,3,D,YP,NI,D
9:27:37,MYOR,RG,2240,1,D,YP,KK,D
9:27:28,MYOR,RG,2240,2,D,YP,KK,D
9:27:27,MYOR,RG,2240,4,D,YP,DP,F
9:27:27,MYOR,RG,2240,2,D,NI,DP,F
9:27:27,MYOR,RG,2240,10,D,XC,DP,F
9:27:16,MYOR,RG,2240,5,D,XC,XC,D
9:27:05,MYOR,RG,2240,1,D,XC,XC,D
9:26:57,MYOR,RG,2240,1,D,XC,DH,D
9:26:50,MYOR,RG,2240,1,D,XC,PD,D
9:26:40,MYOR,RG,2240,2,D,XC,YP,D
9:26:14,MYOR,RG,2240,10,D,XC,YP,D
9:26:14,MYOR,RG,2240,2,F,KZ,YP,D
9:26:14,MYOR,RG,2240,6,F,KZ,YP,D
9:26:14,MYOR,RG,2240,7,D,XC,YP,D
9:26:06,MYOR,RG,2250,4,D,CC,YP,D
9:25:45,MYOR,RG,2240,6,D,XC,YP,D
9:25:45,MYOR,RG,2240,1,D,XC,YP,D
9:25:45,MYOR,RG,2240,10,D,NI,YP,D
9:25:45,MYOR,RG,2240,3,F,KZ,YP,D
9:25:39,MYOR,RG,2240,10,F,KZ,CC,D
9:25:25,MYOR,RG,2240,1,F,KZ,PD,D
9:25:19,MYOR,RG,2240,103,F,KZ,AG,F
9:25:19,MYOR,RG,2240,6,D,PD,AG,F
9:25:19,MYOR,RG,2240,5,D,PD,AG,F
9:25:19,MYOR,RG,2240,2,D,PD,AG,F
9:25:19,MYOR,RG,2240,15,D,CC,AG,F
9:25:19,MYOR,RG,2240,15,D,YP,AG,F
9:25:19,MYOR,RG,2240,10,D,YP,AG,F
9:25:19,MYOR,RG,2240,8,D,PD,AG,F
9:25:19,MYOR,RG,2240,10,D,PD,AG,F
9:25:19,MYOR,RG,2240,10,D,GR,AG,F
9:25:19,MYOR,RG,2240,1,D,YP,AG,F
9:25:19,MYOR,RG,2240,10,D,GR,AG,F
9:25:19,MYOR,RG,2240,55,D,KK,AG,F
9:25:19,MYOR,RG,2240,25,D,KK,YP,D
9:25:13,MYOR,RG,2240,10,D,KK,NI,D
9:25:06,MYOR,RG,2250,39,F,KZ,YP,D
9:25:04,MYOR,RG,2250,1,F,KZ,YP,D
9:25:04,MYOR,RG,2250,4,F,KZ,YP,D
9:25:03,MYOR,RG,2240,10,D,KK,DP,F
9:25:03,MYOR,RG,2240,5,D,XC,DP,F
9:25:03,MYOR,RG,2240,3,D,AZ,DP,F
9:25:03,MYOR,RG,2240,10,D,YP,DP,F
9:25:03,MYOR,RG,2240,10,D,NI,DP,F
9:25:03,MYOR,RG,2240,3,F,AG,DP,F
9:25:03,MYOR,RG,2240,3,F,AG,DP,F
9:25:03,MYOR,RG,2240,88,D,PD,DP,F
9:25:03,MYOR,RG,2240,43,D,PD,DR,D
9:24:53,MYOR,RG,2250,1,D,YP,YP,D
9:24:52,MYOR,RG,2250,18,D,DP,YP,D
9:23:46,MYOR,RG,2250,2,D,YP,YP,D
9:23:42,MYOR,RG,2250,1,D,XC,YP,D
9:23:22,MYOR,RG,2250,10,F,BK,YP,D
9:23:19,MYOR,RG,2250,65,F,KZ,YP,D
9:23:18,MYOR,RG,2250,26,F,BK,YP,D
9:23:16,MYOR,RG,2240,369,D,PD,NI,D
9:23:16,MYOR,RG,2240,5,D,CC,NI,D
9:23:16,MYOR,RG,2240,76,D,YP,NI,D
9:22:33,MYOR,RG,2240,4,D,YP,PD,D
9:21:25,MYOR,RG,2240,5,D,YP,PD,D
9:21:20,MYOR,RG,2240,5,D,YP,PD,D
9:21:14,MYOR,RG,2240,10,D,YP,NI,D
9:21:10,MYOR,RG,2240,10,D,GR,CC,D
9:20:28,MYOR,RG,2240,10,D,GR,NI,D
9:20:26,MYOR,RG,2240,2,D,PD,XC,D
9:20:14,MYOR,RG,2240,8,D,PD,NI,D
9:20:14,MYOR,RG,2240,2,F,KZ,NI,D
9:20:14,MYOR,RG,2240,25,F,KZ,NI,D
9:20:14,MYOR,RG,2240,5,F,KZ,NI,D
9:20:05,MYOR,RG,2240,1,F,KZ,XC,D
9:19:38,MYOR,RG,2240,2,F,KZ,DP,F
9:19:34,MYOR,RG,2250,1,D,OD,YP,D
9:19:24,MYOR,RG,2250,5,D,AT,YP,D
9:19:12,MYOR,RG,2250,13,D,XC,YP,D
9:19:01,MYOR,RG,2250,1,D,NI,YP,D
9:19:00,MYOR,RG,2250,2,D,CC,YP,D
9:18:32,MYOR,RG,2250,15,D,CC,YP,D
9:18:32,MYOR,RG,2250,1,D,PD,YP,D
9:18:32,MYOR,RG,2250,10,D,YP,YP,D
9:18:32,MYOR,RG,2250,40,D,NI,YP,D
9:18:32,MYOR,RG,2250,6,D,PD,YP,D
9:18:32,MYOR,RG,2250,1,D,XC,YP,D
9:18:32,MYOR,RG,2250,7,F,BK,YP,D
9:18:32,MYOR,RG,2250,19,F,KZ,YP,D
9:18:04,MYOR,RG,2260,4,D,PD,XC,D
9:17:55,MYOR,RG,2250,23,F,KZ,PD,D
9:17:54,MYOR,RG,2250,24,F,BK,PD,D
9:17:54,MYOR,RG,2250,1,F,KZ,PD,D
9:17:54,MYOR,RG,2250,8,D,XC,PD,D
9:17:54,MYOR,RG,2250,20,D,CC,PD,D
9:17:54,MYOR,RG,2250,4,D,PD,PD,D
9:17:54,MYOR,RG,2250,2,D,XC,PD,D
9:17:54,MYOR,RG,2250,50,D,YJ,PD,D
9:17:54,MYOR,RG,2250,5,D,PD,PD,D
9:17:54,MYOR,RG,2250,8,D,YP,PD,D
9:17:54,MYOR,RG,2250,2,F,KZ,PD,D
9:17:54,MYOR,RG,2250,40,D,CC,PD,D
9:17:54,MYOR,RG,2250,1,F,KZ,PD,D
9:17:54,MYOR,RG,2250,3,D,EP,PD,D
9:17:54,MYOR,RG,2250,5,D,YP,PD,D
9:17:54,MYOR,RG,2250,1,D,XC,PD,D
9:17:54,MYOR,RG,2250,2,F,KZ,PD,D
9:17:54,MYOR,RG,2250,11,F,KZ,PD,D
9:17:48,MYOR,RG,2250,16,F,KZ,YP,D
9:17:48,MYOR,RG,2250,4,F,KZ,YP,D
9:17:48,MYOR,RG,2250,5,D,DP,YP,D
9:17:39,MYOR,RG,2260,5,F,KZ,XC,D
9:17:39,MYOR,RG,2260,1,F,KZ,XC,D
9:17:37,MYOR,RG,2250,5,D,DP,DR,D
9:17:29,MYOR,RG,2260,1,F,BK,XC,D
9:17:26,MYOR,RG,2260,2,F,BK,XC,D
9:17:24,MYOR,RG,2260,1,F,KZ,XC,D
9:17:24,MYOR,RG,2260,1,F,KZ,XC,D
9:17:23,MYOR,RG,2250,13,D,DP,DP,F
9:17:23,MYOR,RG,2250,1,D,YP,DP,F
9:17:10,MYOR,RG,2250,10,D,YP,YP,D
9:16:53,MYOR,RG,2260,2,F,BK,XC,D
9:16:49,MYOR,RG,2260,1,F,KZ,XC,D
9:16:49,MYOR,RG,2260,1,F,KZ,XC,D
9:16:49,MYOR,RG,2260,3,F,BK,XC,D
9:16:49,MYOR,RG,2260,5,F,KZ,XC,D
9:16:49,MYOR,RG,2260,3,D,YP,XC,D
9:16:47,MYOR,RG,2260,5,F,KZ,XC,D
9:16:45,MYOR,RG,2260,10,D,NI,XC,D
9:16:44,MYOR,RG,2250,15,D,YP,CC,D
9:16:26,MYOR,RG,2260,2,F,BK,XC,D
9:16:26,MYOR,RG,2250,4,D,YP,YP,D
9:16:14,MYOR,RG,2250,15,D,YP,CC,D
9:16:10,MYOR,RG,2260,2,F,BK,XC,D
9:16:09,MYOR,RG,2260,5,F,KZ,XC,D
9:16:09,MYOR,RG,2260,1,F,KZ,XC,D
9:16:04,MYOR,RG,2250,10,D,YP,PD,D
9:15:51,MYOR,RG,2260,2,F,BK,XC,D
9:15:46,MYOR,RG,2260,2,F,KZ,XC,D
9:15:45,MYOR,RG,2260,8,F,BK,XC,D
9:15:44,MYOR,RG,2260,22,F,KZ,XC,D
9:15:44,MYOR,RG,2260,2,D,YP,XC,D
9:15:43,MYOR,RG,2260,100,D,CC,XC,D
9:15:37,MYOR,RG,2260,2,F,KZ,XC,D
9:15:36,MYOR,RG,2260,9,F,BK,XC,D
9:15:35,MYOR,RG,2260,6,F,KZ,XC,D
9:15:33,MYOR,RG,2260,60,F,KZ,XC,D
9:15:32,MYOR,RG,2260,30,F,BK,XC,D
9:15:30,MYOR,RG,2260,270,D,YP,XC,D
9:15:30,MYOR,RG,2250,1,D,YP,XC,D
9:15:20,MYOR,RG,2260,23,D,SQ,XC,D
9:15:15,MYOR,RG,2260,7,F,BK,XC,D
9:15:13,MYOR,RG,2250,2,D,YP,OD,F
9:15:12,MYOR,RG,2260,16,F,BK,XC,D
9:15:11,MYOR,RG,2260,39,F,KZ,XC,D
9:15:10,MYOR,RG,2250,1,D,YP,XC,D
9:15:10,MYOR,RG,2250,200,D,YP,XC,D
9:15:10,MYOR,RG,2250,191,D,YP,OD,D
9:15:04,MYOR,RG,2250,6,D,XC,OD,D
9:15:04,MYOR,RG,2250,5,D,PD,OD,D
9:15:04,MYOR,RG,2250,1,D,XC,OD,D
9:15:04,MYOR,RG,2250,10,D,CC,OD,D
9:15:04,MYOR,RG,2250,11,F,KZ,OD,D
9:15:04,MYOR,RG,2250,2,F,BK,OD,D
9:15:04,MYOR,RG,2250,7,D,CC,OD,D
9:15:04,MYOR,RG,2250,1,D,XC,OD,D
9:15:04,MYOR,RG,2250,1,D,XC,OD,D
9:15:04,MYOR,RG,2250,1,D,XC,OD,D
9:15:04,MYOR,RG,2250,10,D,DR,OD,D
9:15:04,MYOR,RG,2250,10,F,KZ,OD,D
9:15:04,MYOR,RG,2250,20,D,PD,OD,D
9:15:04,MYOR,RG,2250,3,D,PD,OD,D
9:15:04,MYOR,RG,2250,11,F,KZ,OD,D
9:15:04,MYOR,RG,2250,55,F,BK,OD,D
9:15:04,MYOR,RG,2250,10,D,YP,OD,D
9:15:04,MYOR,RG,2250,20,D,PD,OD,D
9:15:04,MYOR,RG,2250,25,F,KZ,OD,D
9:15:03,MYOR,RG,2250,8,F,KZ,DP,F
9:15:03,MYOR,RG,2250,5,D,DP,DP,F
9:15:02,MYOR,RG,2250,5,D,DP,DR,D
9:14:51,MYOR,RG,2250,11,D,DP,XC,D
9:14:34,MYOR,RG,2260,7,F,BK,XC,D
9:14:33,MYOR,RG,2250,3,D,DP,NI,D
9:14:33,MYOR,RG,2250,7,D,SQ,NI,D
9:14:28,MYOR,RG,2250,10,D,SQ,NI,D
9:14:14,MYOR,RG,2250,10,D,SQ,DH,D
9:14:06,MYOR,RG,2250,10,D,SQ,KK,D
9:14:05,MYOR,RG,2250,1,D,SQ,YP,D
9:14:02,MYOR,RG,2250,15,D,SQ,CC,D
9:13:56,MYOR,RG,2250,2,D,SQ,OD,D
9:13:54,MYOR,RG,2260,3,D,XC,XC,D
9:13:50,MYOR,RG,2250,45,D,SQ,SQ,D
9:13:50,MYOR,RG,2250,55,F,KZ,SQ,D
9:13:29,MYOR,RG,2260,3,F,KZ,XC,D
9:13:27,MYOR,RG,2250,9,F,KZ,PD,D
9:13:27,MYOR,RG,2250,2,D,XC,PD,D
9:13:27,MYOR,RG,2250,5,D,YP,PD,D
9:13:27,MYOR,RG,2250,84,D,AI,PD,D
9:13:05,MYOR,RG,2250,10,D,AI,CC,D
9:12:41,MYOR,RG,2260,2,D,CC,XC,D
9:12:37,MYOR,RG,2250,1,D,AI,XC,D
9:12:27,MYOR,RG,2260,41,F,KZ,XC,D
9:12:24,MYOR,RG,2250,185,D,AI,NI,D
9:12:08,MYOR,RG,2260,27,F,KZ,XC,D
9:12:07,MYOR,RG,2250,19,D,AI,OD,D
9:12:06,MYOR,RG,2260,16,F,KZ,XC,D
9:12:06,MYOR,RG,2250,16,D,AI,XC,D
9:12:06,MYOR,RG,2250,14,D,AI,AK,D
9:12:06,MYOR,RG,2250,74,D,AI,DR,D
9:12:06,MYOR,RG,2250,97,D,AI,DP,F
9:12:04,MYOR,RG,2250,50,D,PD,DP,F
9:12:03,MYOR,RG,2250,1,D,SQ,DP,F
9:12:02,MYOR,RG,2250,7,D,XC,DP,F
9:11:56,MYOR,RG,2250,49,D,YP,DP,F
9:11:56,MYOR,RG,2250,1,D,YP,AK,D
9:11:48,MYOR,RG,2250,12,D,EP,AK,D
9:11:48,MYOR,RG,2250,38,D,EP,YP,D
9:11:47,MYOR,RG,2250,1,D,KK,YP,D
9:11:44,MYOR,RG,2250,1,D,ZP,YP,D
9:11:44,MYOR,RG,2250,19,F,KZ,YP,D
9:11:43,MYOR,RG,2250,17,D,YP,YP,D
9:11:43,MYOR,RG,2250,2,D,PD,YP,D
9:11:43,MYOR,RG,2250,5,D,XC,YP,D
9:11:43,MYOR,RG,2250,1,D,XC,YP,D
9:11:43,MYOR,RG,2250,5,D,YP,YP,D
9:11:43,MYOR,RG,2250,50,D,DR,YP,D
9:11:43,MYOR,RG,2250,2,F,KZ,YP,D
9:11:43,MYOR,RG,2250,10,D,DR,YP,D
9:11:43,MYOR,RG,2250,40,D,CC,YP,D
9:11:43,MYOR,RG,2250,5,D,PD,YP,D
9:11:43,MYOR,RG,2250,3,D,AZ,YP,D
9:11:43,MYOR,RG,2250,1,D,XC,YP,D
9:11:41,MYOR,RG,2250,8,D,XC,IF,D
9:11:41,MYOR,RG,2250,25,F,KZ,IF,D
9:11:41,MYOR,RG,2250,1,F,KZ,XC,D
9:11:40,MYOR,RG,2260,2,D,PD,XC,D
9:11:40,MYOR,RG,2250,4,F,KZ,XC,D
9:11:27,MYOR,RG,2250,29,F,KZ,CC,D
9:11:27,MYOR,RG,2250,9,F,BK,CC,D
9:11:27,MYOR,RG,2250,12,F,BK,CC,D
9:11:24,MYOR,RG,2250,1,F,BK,XC,D
9:11:17,MYOR,RG,2250,2,F,BK,PD,D
9:11:17,MYOR,RG,2250,1,D,XC,PD,D
9:11:17,MYOR,RG,2250,6,D,XC,PD,D
9:11:15,MYOR,RG,2260,28,F,KZ,XC,D
9:11:14,MYOR,RG,2260,7,F,BK,XC,D
9:11:14,MYOR,RG,2260,2,F,KZ,XC,D
9:11:12,MYOR,RG,2250,6,D,XC,DH,D
9:11:12,MYOR,RG,2260,12,F,BK,XC,D
9:11:10,MYOR,RG,2250,28,D,XC,BK,F
9:11:10,MYOR,RG,2250,12,D,KK,BK,F
9:11:10,MYOR,RG,2250,2,D,YP,BK,F
9:11:10,MYOR,RG,2250,5,F,AG,BK,F
9:11:10,MYOR,RG,2250,10,D,XC,BK,F
9:11:10,MYOR,RG,2250,43,D,SQ,BK,F
9:11:09,MYOR,RG,2250,4,D,SQ,YP,D
9:11:08,MYOR,RG,2250,2,D,SQ,NI,D
9:11:08,MYOR,RG,2260,7,F,BK,XC,D
9:11:06,MYOR,RG,2260,49,F,KZ,XC,D
9:11:04,MYOR,RG,2250,100,D,SQ,BK,F
9:11:02,MYOR,RG,2250,1,D,SQ,BK,F
9:11:02,MYOR,RG,2250,5,D,YP,BK,F
9:11:02,MYOR,RG,2250,94,D,LG,BK,F
9:11:02,MYOR,RG,2250,22,D,LG,KK,D
9:11:00,MYOR,RG,2260,29,F,KZ,XC,D
9:10:59,MYOR,RG,2260,1,F,KZ,XC,D
9:10:58,MYOR,RG,2250,34,D,LG,BK,F
9:10:58,MYOR,RG,2250,50,D,PD,BK,F
9:10:58,MYOR,RG,2250,1,D,XC,BK,F
9:10:58,MYOR,RG,2250,2,D,XC,BK,F
9:10:58,MYOR,RG,2250,3,D,PD,BK,F
9:10:58,MYOR,RG,2250,10,D,YP,BK,F
9:10:57,MYOR,RG,2250,10,F,BK,PD,D
9:10:56,MYOR,RG,2250,6,F,BK,CC,D
9:10:56,MYOR,RG,2250,2,D,XC,CC,D
9:10:56,MYOR,RG,2250,2,D,CC,CC,D
9:10:56,MYOR,RG,2250,1,D,PD,CC,D
9:10:56,MYOR,RG,2250,9,D,GR,CC,D
9:10:53,MYOR,RG,2250,2,D,GR,PD,D
9:10:49,MYOR,RG,2260,14,F,KZ,XC,D
9:10:49,MYOR,RG,2260,6,F,KZ,XC,D
9:10:46,MYOR,RG,2250,89,D,GR,BK,F
9:10:46,MYOR,RG,2250,7,D,PD,BK,F
9:10:46,MYOR,RG,2250,4,D,PD,BK,F
9:10:46,MYOR,RG,2260,2,D,XC,XC,D
9:10:46,MYOR,RG,2250,16,D,PD,DR,D
9:10:46,MYOR,RG,2250,14,D,XC,DR,D
9:10:46,MYOR,RG,2250,1,D,XC,DR,D
9:10:46,MYOR,RG,2250,14,F,KZ,DR,D
9:10:33,MYOR,RG,2260,1,D,YP,XC,D
9:10:32,MYOR,RG,2260,1,D,XC,XC,D
9:10:14,MYOR,RG,2260,3,F,KZ,XC,D
9:10:14,MYOR,RG,2260,1,F,KZ,XC,D
9:10:10,MYOR,RG,2250,2,F,KZ,SQ,D
9:10:10,MYOR,RG,2250,30,D,YP,SQ,D
9:10:10,MYOR,RG,2250,46,F,BK,SQ,D
9:10:10,MYOR,RG,2250,11,F,KZ,SQ,D
9:10:10,MYOR,RG,2250,55,F,BK,SQ,D
9:10:10,MYOR,RG,2250,6,F,KZ,SQ,D
9:10:10,MYOR,RG,2250,7,F,KZ,NI,D
9:10:08,MYOR,RG,2260,1,D,XC,XC,D
9:10:06,MYOR,RG,2260,3,F,KZ,XC,D
9:10:05,MYOR,RG,2260,10,D,XC,XC,D
9:10:04,MYOR,RG,2260,4,F,KZ,XC,D
9:10:03,MYOR,RG,2260,20,D,CC,XC,D
9:10:02,MYOR,RG,2260,4,F,KZ,XC,D
9:10:02,MYOR,RG,2260,7,F,BK,XC,D
9:10:01,MYOR,RG,2260,25,D,PD,XC,D
9:10:00,MYOR,RG,2260,5,D,CC,XC,D
9:10:00,MYOR,RG,2250,3,F,KZ,DR,D
9:09:57,MYOR,RG,2260,2,F,KZ,XC,D
9:09:56,MYOR,RG,2260,7,F,BK,XC,D
9:09:55,MYOR,RG,2260,2,F,KZ,XC,D
9:09:55,MYOR,RG,2260,10,D,XC,XC,D
9:09:53,MYOR,RG,2260,30,F,BK,XC,D
9:09:47,MYOR,RG,2260,3,F,KZ,XC,D
9:09:47,MYOR,RG,2260,10,F,BK,XC,D
9:09:46,MYOR,RG,2260,1,F,KZ,XC,D
9:09:45,MYOR,RG,2260,8,D,XC,XC,D
9:09:44,MYOR,RG,2260,1,F,KZ,XC,D
9:09:44,MYOR,RG,2260,3,D,XC,XC,D
9:09:41,MYOR,RG,2260,2,F,KZ,XC,D
9:09:41,MYOR,RG,2260,1,D,PD,XC,D
9:09:40,MYOR,RG,2260,7,F,BK,XC,D
9:09:38,MYOR,RG,2260,2,F,KZ,XC,D
9:09:38,MYOR,RG,2260,9,F,BK,XC,D
9:09:32,MYOR,RG,2260,22,F,KZ,XC,D
9:09:32,MYOR,RG,2260,100,D,CC,XC,D
9:09:27,MYOR,RG,2260,1,F,KZ,XC,D
9:09:27,MYOR,RG,2260,7,F,BK,XC,D
9:09:24,MYOR,RG,2260,6,F,KZ,XC,D
9:09:24,MYOR,RG,2260,1,F,KZ,XC,D
9:09:23,MYOR,RG,2260,20,D,XC,XC,D
9:09:21,MYOR,RG,2250,5,D,PD,YP,D
9:09:19,MYOR,RG,2260,2,F,KZ,XC,D
9:09:17,MYOR,RG,2260,2,D,XC,XC,D
9:09:06,MYOR,RG,2260,2,F,KZ,XC,D
9:09:05,MYOR,RG,2260,8,F,BK,XC,D
9:09:04,MYOR,RG,2260,5,F,KZ,XC,D
9:09:03,MYOR,RG,2250,7,D,PD,EP,D
9:09:02,MYOR,RG,2250,1,D,PD,XC,D
9:09:02,MYOR,RG,2260,23,D,YP,XC,D
9:08:41,MYOR,RG,2250,5,D,PD,CC,D
9:08:38,MYOR,RG,2260,1,D,XC,XC,D
9:08:34,MYOR,RG,2260,21,F,KZ,XC,D
9:08:32,MYOR,RG,2250,3,D,PD,XC,D
9:08:31,MYOR,RG,2260,70,D,LG,XC,D
9:08:31,MYOR,RG,2250,25,D,PD,PD,D
9:08:19,MYOR,RG,2260,1,F,KZ,XC,D
9:08:18,MYOR,RG,2260,1,D,PD,XC,D
9:08:16,MYOR,RG,2260,1,F,KZ,XC,D
9:08:15,MYOR,RG,2260,4,D,PD,XC,D
9:08:14,MYOR,RG,2260,2,F,KZ,XC,D
9:08:13,MYOR,RG,2260,10,D,YP,XC,D
9:08:00,MYOR,RG,2260,1,F,KZ,XC,D
9:07:59,MYOR,RG,2260,7,F,BK,XC,D
9:07:59,MYOR,RG,2260,2,F,KZ,XC,D
9:07:59,MYOR,RG,2260,9,F,BK,XC,D
9:07:56,MYOR,RG,2260,4,F,KZ,XC,D
9:07:55,MYOR,RG,2260,17,D,XC,XC,D
9:07:54,MYOR,RG,2260,6,F,KZ,XC,D
9:07:53,MYOR,RG,2260,6,F,BK,XC,D
9:07:52,MYOR,RG,2260,2,F,KZ,XC,D
9:07:51,MYOR,RG,2260,23,D,DH,XC,D
9:07:51,MYOR,RG,2260,7,D,DH,XC,D
9:07:50,MYOR,RG,2260,2,F,KZ,LS,D
9:07:50,MYOR,RG,2260,2,F,KZ,CC,D
9:07:49,MYOR,RG,2260,3,D,CC,CC,D
9:07:48,MYOR,RG,2260,2,F,KZ,CC,D
9:07:47,MYOR,RG,2260,15,D,KK,CC,D
9:07:47,MYOR,RG,2260,10,D,PD,CC,D
9:07:44,MYOR,RG,2260,1,F,KZ,CC,D
9:07:39,MYOR,RG,2260,1,F,KZ,CC,D
9:07:34,MYOR,RG,2260,2,F,KZ,CC,D
9:07:34,MYOR,RG,2260,2,F,KZ,CC,D
9:07:32,MYOR,RG,2260,1,F,KZ,CC,D
9:07:31,MYOR,RG,2260,6,F,BK,CC,D
9:07:31,MYOR,RG,2260,7,F,KZ,CC,D
9:07:30,MYOR,RG,2260,27,D,OD,CC,D
9:07:25,MYOR,RG,2250,4,D,PD,XC,D
9:07:20,MYOR,RG,2260,10,D,NI,CC,D
9:07:07,MYOR,RG,2260,5,F,KZ,CC,D
9:07:06,MYOR,RG,2260,6,F,BK,CC,D
9:07:06,MYOR,RG,2260,1,F,BK,NI,D
9:07:04,MYOR,RG,2250,10,D,PD,EP,D
9:06:53,MYOR,RG,2250,4,D,PD,YP,D
9:06:49,MYOR,RG,2250,8,D,PD,XC,D
9:06:48,MYOR,RG,2260,7,F,BK,IF,D
9:06:45,MYOR,RG,2250,1,D,PD,DH,D
9:06:45,MYOR,RG,2260,7,F,KZ,IF,D
9:06:44,MYOR,RG,2260,32,F,BK,IF,D
9:06:44,MYOR,RG,2260,1,F,KZ,IF,D
9:06:43,MYOR,RG,2260,5,F,KZ,IF,D
9:06:43,MYOR,RG,2260,1,F,KZ,NI,D
9:06:43,MYOR,RG,2260,20,F,KZ,YP,D
9:06:43,MYOR,RG,2260,10,F,KZ,NI,D
9:06:43,MYOR,RG,2260,10,F,KZ,YP,D
9:06:43,MYOR,RG,2260,1,F,KZ,OD,D
9:06:43,MYOR,RG,2260,1,F,KZ,YP,D
9:06:43,MYOR,RG,2260,1,F,KZ,YP,D
9:06:43,MYOR,RG,2260,5,F,KZ,YP,D
9:06:43,MYOR,RG,2260,2,F,KZ,PD,D
9:06:43,MYOR,RG,2260,2,F,KZ,PD,D
9:06:43,MYOR,RG,2260,1,F,KZ,IF,D
9:06:43,MYOR,RG,2260,2,F,KZ,DH,D
9:06:43,MYOR,RG,2260,1,F,KZ,LG,D
9:06:43,MYOR,RG,2260,10,F,KZ,CC,D
9:06:43,MYOR,RG,2260,10,F,KZ,PC,D
9:06:43,MYOR,RG,2260,10,F,KZ,GR,D
9:06:40,MYOR,RG,2250,1,D,PD,SQ,D
9:06:40,MYOR,RG,2250,10,D,PD,PD,D
9:06:40,MYOR,RG,2250,5,D,PD,XC,D
9:06:40,MYOR,RG,2250,2,D,PD,XC,D
9:06:40,MYOR,RG,2250,1,D,PD,PD,D
9:06:40,MYOR,RG,2250,10,D,PD,NI,D
9:06:40,MYOR,RG,2250,1,D,PD,DH,D
9:06:40,MYOR,RG,2250,1,D,PD,PD,D
9:06:40,MYOR,RG,2250,10,D,PD,OD,D
9:06:40,MYOR,RG,2250,3,D,PD,XC,D
9:06:40,MYOR,RG,2250,1,D,PD,PD,D
9:06:40,MYOR,RG,2250,100,D,PD,YP,D
9:06:40,MYOR,RG,2250,10,D,PD,PD,D
9:06:40,MYOR,RG,2250,5,D,PD,LG,D
9:06:40,MYOR,RG,2250,2,D,PD,PD,D
9:06:40,MYOR,RG,2250,20,D,PD,PD,D
9:06:40,MYOR,RG,2250,1,D,PD,XC,D
9:06:40,MYOR,RG,2250,1,D,PD,NI,D
9:06:40,MYOR,RG,2250,5,D,PD,PD,D
9:06:40,MYOR,RG,2250,17,D,PD,NI,D
9:06:40,MYOR,RG,2250,4,D,PD,NI,D
9:06:40,MYOR,RG,2250,15,D,PD,DR,D
9:06:40,MYOR,RG,2250,5,D,PD,KK,D
9:06:40,MYOR,RG,2250,1,D,PD,SQ,D
9:06:40,MYOR,RG,2250,5,D,PD,XC,D
9:06:40,MYOR,RG,2250,50,D,PD,NI,D
9:06:40,MYOR,RG,2250,20,D,PD,KK,D
9:06:40,MYOR,RG,2250,116,D,PD,YP,D
9:06:40,MYOR,RG,2250,5,D,PD,CC,D
9:06:40,MYOR,RG,2250,1,D,PD,CC,D
9:06:34,MYOR,RG,2250,1,F,KZ,CC,D
9:06:33,MYOR,RG,2250,3,D,XC,CC,D
9:06:30,MYOR,RG,2250,1,D,CC,EP,D
9:06:26,MYOR,RG,2250,1,F,KZ,DH,D
9:06:23,MYOR,RG,2240,1,D,XC,EP,D
9:06:09,MYOR,RG,2240,1,D,XC,XC,D
9:06:09,MYOR,RG,2250,1,D,NI,DH,D
9:05:59,MYOR,RG,2250,1,D,CC,DH,D
9:05:52,MYOR,RG,2250,1,F,KZ,DH,D
9:05:50,MYOR,RG,2250,2,D,IF,DH,D
9:05:44,MYOR,RG,2240,1,D,XC,AT,D
9:05:43,MYOR,RG,2240,2,D,XC,LS,D
9:05:33,MYOR,RG,2250,2,F,KZ,DH,D
9:05:31,MYOR,RG,2250,2,F,KZ,DH,D
9:05:30,MYOR,RG,2250,6,D,PD,DH,D
9:05:30,MYOR,RG,2250,10,D,PD,DH,D
9:05:10,MYOR,RG,2250,12,F,KZ,DH,D
9:05:09,MYOR,RG,2250,5,F,KZ,DH,D
9:05:07,MYOR,RG,2240,1,D,XC,XC,D
9:05:07,MYOR,RG,2240,2,D,XC,XC,D
9:05:07,MYOR,RG,2240,1,D,XC,NI,D
9:05:07,MYOR,RG,2240,4,D,XC,CC,D
9:05:07,MYOR,RG,2240,2,D,XC,DR,D
9:05:07,MYOR,RG,2240,16,D,XC,AK,D
9:05:07,MYOR,RG,2240,1,D,XC,XC,D
9:05:07,MYOR,RG,2240,27,D,XC,PD,D
9:05:07,MYOR,RG,2240,2,F,BK,PD,D
9:05:07,MYOR,RG,2240,23,F,BK,NI,D
9:05:04,MYOR,RG,2240,1,D,XC,NI,D
9:05:01,MYOR,RG,2240,11,F,KZ,NI,D
9:05:01,MYOR,RG,2240,50,D,PD,NI,D
9:04:55,MYOR,RG,2240,1,F,KZ,NI,D
9:04:55,MYOR,RG,2240,5,D,CC,NI,D
9:04:54,MYOR,RG,2240,12,F,KZ,NI,D
9:04:53,MYOR,RG,2240,51,F,BK,NI,D
9:04:48,MYOR,RG,2240,1128,D,SQ,NI,D
9:04:45,MYOR,RG,2240,6,F,KZ,NI,D
9:04:45,MYOR,RG,2240,27,D,KK,NI,D
9:04:44,MYOR,RG,2240,2,D,SQ,NI,D
9:04:41,MYOR,RG,2240,11,F,KZ,NI,D
9:04:40,MYOR,RG,2240,50,D,PD,NI,D
9:04:38,MYOR,RG,2240,2,D,XC,NI,D
9:04:33,MYOR,RG,2240,3,D,NI,NI,D
9:04:32,MYOR,RG,2240,3,F,KZ,NI,D
9:04:32,MYOR,RG,2240,20,D,PD,NI,D
9:04:32,MYOR,RG,2240,1,D,XC,NI,D
9:04:32,MYOR,RG,2240,2,D,PD,NI,D
9:04:32,MYOR,RG,2240,3,D,XC,NI,D
9:04:32,MYOR,RG,2240,20,D,CC,NI,D
9:04:32,MYOR,RG,2240,9,D,XC,NI,D
9:04:32,MYOR,RG,2240,1,D,XC,NI,D
9:04:32,MYOR,RG,2240,18,F,BK,NI,D
9:04:32,MYOR,RG,2240,5,D,PD,NI,D
9:04:32,MYOR,RG,2240,43,F,BK,NI,D
9:04:32,MYOR,RG,2240,1,D,XC,NI,D
9:04:32,MYOR,RG,2240,12,F,KZ,NI,D
9:04:32,MYOR,RG,2240,10,D,CC,NI,D
9:04:32,MYOR,RG,2240,44,D,ZP,NI,D
9:04:32,MYOR,RG,2240,25,F,KZ,NI,D
9:04:31,MYOR,RG,2250,1,F,KZ,DH,D
9:04:31,MYOR,RG,2250,7,F,BK,DH,D
9:04:30,MYOR,RG,2250,3,F,KZ,DH,D
9:04:28,MYOR,RG,2250,3,D,XC,DH,D
9:04:27,MYOR,RG,2240,5,F,KZ,DR,D
9:04:27,MYOR,RG,2240,29,F,BK,DR,D
9:04:26,MYOR,RG,2250,1,F,KZ,DH,D
9:04:26,MYOR,RG,2250,7,F,BK,DH,D
9:04:21,MYOR,RG,2250,2,F,KZ,DH,D
9:04:21,MYOR,RG,2250,11,F,BK,DH,D
9:04:20,MYOR,RG,2250,21,F,KZ,DH,D
9:04:18,MYOR,RG,2240,81,F,BK,DP,F
9:04:18,MYOR,RG,2240,10,D,NI,DP,F
9:04:18,MYOR,RG,2240,7,F,KZ,DP,F
9:04:18,MYOR,RG,2240,13,F,BK,DP,F
9:04:18,MYOR,RG,2240,20,D,XC,DP,F
9:04:16,MYOR,RG,2250,1,D,XC,DH,D
9:04:14,MYOR,RG,2250,2,D,XC,DH,D
9:04:13,MYOR,RG,2250,2,F,KZ,DH,D
9:04:12,MYOR,RG,2250,6,F,BK,DH,D
9:04:11,MYOR,RG,2250,2,F,KZ,DH,D
9:04:09,MYOR,RG,2250,1,F,KZ,DH,D
9:04:09,MYOR,RG,2250,10,D,CC,DH,D
9:04:08,MYOR,RG,2250,7,F,BK,DH,D
9:04:08,MYOR,RG,2250,3,F,KZ,DH,D
9:04:08,MYOR,RG,2250,10,D,NI,DH,D
9:04:07,MYOR,RG,2250,2,F,KZ,DH,D
9:04:06,MYOR,RG,2250,12,D,XC,DH,D
9:04:03,MYOR,RG,2250,2,F,KZ,DH,D
9:04:03,MYOR,RG,2250,10,F,BK,DH,D
9:04:02,MYOR,RG,2250,2,F,KZ,DH,D
9:04:02,MYOR,RG,2250,5,D,YP,DH,D
9:04:01,MYOR,RG,2250,21,F,KZ,DH,D
9:03:59,MYOR,RG,2250,22,F,KZ,DH,D
9:03:58,MYOR,RG,2250,99,D,PD,DH,D
9:03:58,MYOR,RG,2250,1,D,PD,XC,D
9:03:58,MYOR,RG,2250,100,D,PD,PD,D
9:03:52,MYOR,RG,2250,2,F,KZ,XC,D
9:03:52,MYOR,RG,2250,2,F,KZ,YP,D
9:03:50,MYOR,RG,2250,2,F,KZ,YP,D
9:03:50,MYOR,RG,2250,16,D,EP,YP,D
9:03:50,MYOR,RG,2250,9,D,EP,YP,D
9:03:42,MYOR,RG,2250,31,F,KZ,YP,D
9:03:42,MYOR,RG,2250,12,F,KZ,XC,D
9:03:40,MYOR,RG,2250,1,F,KZ,XC,D
9:03:39,MYOR,RG,2250,7,D,PD,XC,D
9:03:39,MYOR,RG,2250,150,D,PD,OD,D
9:03:39,MYOR,RG,2250,5,D,PD,XC,D
9:03:39,MYOR,RG,2250,5,D,PD,PD,D
9:03:39,MYOR,RG,2250,2,D,PD,CC,D
9:03:39,MYOR,RG,2250,8,D,PD,DH,D
9:03:39,MYOR,RG,2250,10,D,PD,NI,D
9:03:39,MYOR,RG,2250,10,D,PD,YP,D
9:03:39,MYOR,RG,2250,3,D,PD,PD,D
9:03:21,MYOR,RG,2250,2,F,KZ,PD,D
9:03:19,MYOR,RG,2250,9,F,KZ,PD,D
9:03:18,MYOR,RG,2250,10,D,CC,NI,D
9:03:18,MYOR,RG,2250,40,D,CC,YP,D
9:03:15,MYOR,RG,2250,87,F,KZ,YP,D
9:03:14,MYOR,RG,2250,3,D,PD,YP,D
9:03:14,MYOR,RG,2250,4,F,KZ,YP,D
9:03:13,MYOR,RG,2250,87,F,BK,YP,D
9:03:13,MYOR,RG,2250,7,F,KZ,YP,D
9:03:13,MYOR,RG,2250,673,D,SF,YP,D
9:03:13,MYOR,RG,2250,2,D,SF,XC,D
9:03:13,MYOR,RG,2250,1,D,SF,YP,D
9:03:13,MYOR,RG,2250,1,D,SF,YP,D
9:03:13,MYOR,RG,2250,2,D,SF,CC,D
9:03:13,MYOR,RG,2250,100,D,SF,YP,D
9:03:13,MYOR,RG,2250,2,D,SF,KK,D
9:03:13,MYOR,RG,2250,1,D,SF,PD,D
9:03:13,MYOR,RG,2250,10,D,SF,PD,D
9:03:13,MYOR,RG,2250,5,D,SF,DH,D
9:03:13,MYOR,RG,2250,9,D,SF,DH,D
9:03:13,MYOR,RG,2250,20,D,SF,SQ,D
9:03:13,MYOR,RG,2250,4,D,SF,PD,D
9:03:13,MYOR,RG,2250,3,D,SF,PD,D
9:03:13,MYOR,RG,2250,10,D,SF,PD,D
9:03:13,MYOR,RG,2250,20,D,SF,SQ,D
9:03:13,MYOR,RG,2250,40,D,SF,AT,D
9:03:13,MYOR,RG,2250,1,D,SF,LG,D
9:03:13,MYOR,RG,2250,10,D,SF,SQ,D
9:03:13,MYOR,RG,2250,30,D,SF,OD,D
9:03:13,MYOR,RG,2250,1,D,SF,PD,D
9:03:13,MYOR,RG,2250,30,D,SF,SQ,D
9:03:13,MYOR,RG,2250,3,D,SF,PD,D
9:03:13,MYOR,RG,2250,22,D,SF,PD,D
9:03:11,MYOR,RG,2240,1,D,XC,XC,D
9:03:11,MYOR,RG,2240,4,D,XC,NI,D
9:03:11,MYOR,RG,2240,8,F,BK,NI,D
9:03:09,MYOR,RG,2240,1,F,KZ,NI,D
9:03:08,MYOR,RG,2240,7,D,ZP,NI,D
9:03:08,MYOR,RG,2240,1,D,ZP,CP,D
9:03:08,MYOR,RG,2240,10,D,ZP,DX,D
9:03:08,MYOR,RG,2240,2,D,ZP,MK,D
9:03:07,MYOR,RG,2240,4,F,KZ,MK,D
9:03:07,MYOR,RG,2240,20,D,DR,MK,D
9:03:06,MYOR,RG,2240,6,F,KZ,MK,D
9:03:05,MYOR,RG,2240,7,F,BK,MK,D
9:03:05,MYOR,RG,2240,6,D,YP,MK,D
9:03:05,MYOR,RG,2240,3,D,YP,MK,D
9:03:04,MYOR,RG,2240,42,F,KZ,MK,D
9:03:03,MYOR,RG,2240,10,F,BK,MK,D
9:03:01,MYOR,RG,2230,8,D,SQ,NI,D
9:03:01,MYOR,RG,2230,176,D,SQ,DP,F
9:03:00,MYOR,RG,2230,10,D,SQ,NI,D
9:02:58,MYOR,RG,2240,6,F,KZ,MK,D
9:02:55,MYOR,RG,2230,27,D,SQ,DP,F
9:02:48,MYOR,RG,2240,2,F,KZ,MK,D
9:02:48,MYOR,RG,2240,10,D,CC,MK,D
9:02:46,MYOR,RG,2240,12,F,KZ,MK,D
9:02:44,MYOR,RG,2240,36,D,XC,MK,D
9:02:43,MYOR,RG,2230,1,D,SQ,XC,D
9:02:42,MYOR,RG,2230,15,D,SQ,DP,F
9:02:41,MYOR,RG,2240,1,F,KZ,MK,D
9:02:39,MYOR,RG,2240,3,F,KZ,MK,D
9:02:39,MYOR,RG,2230,3,D,SQ,DP,F
9:02:39,MYOR,RG,2240,1,F,KZ,MK,D
9:02:39,MYOR,RG,2240,15,D,YP,MK,D
9:02:35,MYOR,RG,2240,2,F,KZ,MK,D
9:02:34,MYOR,RG,2240,10,D,CC,MK,D
9:02:34,MYOR,RG,2240,1,F,KZ,MK,D
9:02:29,MYOR,RG,2240,1,D,XC,MK,D
9:02:28,MYOR,RG,2240,2,D,YP,YP,D
9:02:27,MYOR,RG,2240,4,D,YP,LG,D
9:02:27,MYOR,RG,2240,2,F,KZ,LG,D
9:02:26,MYOR,RG,2240,8,F,BK,LG,D
9:02:25,MYOR,RG,2240,10,F,KZ,LG,D
9:02:25,MYOR,RG,2240,4,F,KZ,CC,D
9:02:24,MYOR,RG,2240,6,D,YP,CC,D
9:02:24,MYOR,RG,2240,6,F,BK,DR,D
9:02:24,MYOR,RG,2240,1,F,KZ,DR,D
9:02:23,MYOR,RG,2240,3,D,KK,DR,D
9:02:23,MYOR,RG,2240,1,F,KZ,CD,D
9:02:22,MYOR,RG,2240,2,D,CC,CD,D
9:02:22,MYOR,RG,2240,1,D,CC,XC,D
9:02:22,MYOR,RG,2240,22,D,CC,YP,D
9:02:22,MYOR,RG,2240,6,D,CC,YP,D
9:02:22,MYOR,RG,2240,10,D,CC,YP,D
9:02:22,MYOR,RG,2240,8,D,CC,PD,D
9:02:22,MYOR,RG,2240,1,D,CC,YP,D
9:02:22,MYOR,RG,2240,1,D,NI,YP,D
9:02:21,MYOR,RG,2240,1,F,KZ,YP,D
9:02:21,MYOR,RG,2240,7,F,BK,YP,D
9:02:17,MYOR,RG,2240,2,D,XC,YP,D
9:02:14,MYOR,RG,2240,1,F,KZ,YP,D
9:02:13,MYOR,RG,2240,1,F,KZ,YP,D
9:02:12,MYOR,RG,2240,8,D,XC,YP,D
9:02:12,MYOR,RG,2240,1,D,XC,YP,D
9:02:11,MYOR,RG,2240,13,F,KZ,YP,D
9:02:11,MYOR,RG,2240,6,F,BK,YP,D
9:02:09,MYOR,RG,2230,57,D,SQ,DP,F
9:02:09,MYOR,RG,2240,1,F,KZ,YP,D
9:02:04,MYOR,RG,2240,3,F,KZ,YP,D
9:02:04,MYOR,RG,2240,10,D,CC,YP,D
9:02:03,MYOR,RG,2240,3,D,NI,YP,D
9:01:54,MYOR,RG,2240,1,D,XC,YP,D
9:01:52,MYOR,RG,2240,6,F,BK,YP,D
9:01:52,MYOR,RG,2240,2,F,BK,PD,D
9:01:51,MYOR,RG,2240,4,F,KZ,PD,D
9:01:51,MYOR,RG,2240,11,F,KZ,TF,D
9:01:49,MYOR,RG,2240,1,F,KZ,TF,D
9:01:48,MYOR,RG,2240,17,F,BK,TF,D
9:01:47,MYOR,RG,2230,50,D,SQ,KK,D
9:01:47,MYOR,RG,2240,33,F,KZ,TF,D
9:01:46,MYOR,RG,2240,17,D,XC,TF,D
9:01:45,MYOR,RG,2240,6,F,KZ,TF,D
9:01:44,MYOR,RG,2240,100,F,AG,TF,D
9:01:44,MYOR,RG,2240,15,D,CC,TF,D
9:01:44,MYOR,RG,2240,15,D,CC,CC,D
9:01:44,MYOR,RG,2240,1,D,CC,YP,D
9:01:44,MYOR,RG,2240,29,D,CC,CC,D
9:01:44,MYOR,RG,2240,2,F,KZ,CC,D
9:01:43,MYOR,RG,2240,10,D,AG,CC,D
9:01:39,MYOR,RG,2240,2,F,KZ,CC,D
9:01:39,MYOR,RG,2240,5,D,XC,CC,D
9:01:39,MYOR,RG,2240,7,F,BK,CC,D
9:01:37,MYOR,RG,2240,17,F,KZ,CC,D
9:01:36,MYOR,RG,2240,8,F,BK,CC,D
9:01:35,MYOR,RG,2240,50,D,SQ,CC,D
9:01:35,MYOR,RG,2230,20,D,SQ,XC,D
9:01:29,MYOR,RG,2240,3,D,XC,CC,D
9:01:29,MYOR,RG,2240,3,F,KZ,CC,D
9:01:27,MYOR,RG,2230,10,D,SQ,DR,D
9:01:21,MYOR,RG,2240,3,D,XC,CC,D
9:01:21,MYOR,RG,2240,2,F,KZ,CC,D
9:01:20,MYOR,RG,2240,6,F,BK,CC,D
9:01:20,MYOR,RG,2240,6,F,KZ,CC,D
9:01:18,MYOR,RG,2230,31,D,SQ,DP,F
9:01:16,MYOR,RG,2240,2,F,KZ,CC,D
9:01:15,MYOR,RG,2240,6,F,BK,CC,D
9:01:13,MYOR,RG,2240,24,F,KZ,CC,D
9:01:11,MYOR,RG,2240,10,F,BK,CC,D
9:01:10,MYOR,RG,2240,50,D,ZP,CC,D
9:01:10,MYOR,RG,2230,50,D,SQ,YP,D
9:01:09,MYOR,RG,2240,1,F,KZ,CC,D
9:01:08,MYOR,RG,2240,4,F,BK,CC,D
9:01:08,MYOR,RG,2240,3,F,BK,YP,D
9:01:06,MYOR,RG,2240,2,F,KZ,YP,D
9:01:05,MYOR,RG,2240,7,F,BK,YP,D
9:01:04,MYOR,RG,2240,63,F,KZ,YP,D
9:01:04,MYOR,RG,2240,1,F,KZ,CC,D
9:01:04,MYOR,RG,2240,1,F,KZ,PD,D
9:01:04,MYOR,RG,2240,2,F,KZ,PD,D
9:01:04,MYOR,RG,2240,5,F,KZ,DH,D
9:01:04,MYOR,RG,2240,3,F,KZ,SQ,D
9:01:02,MYOR,RG,2240,7,F,BK,SQ,D
9:01:02,MYOR,RG,2240,7,F,BK,DR,D
9:01:01,MYOR,RG,2230,14,D,SQ,YP,D
9:01:00,MYOR,RG,2240,1,F,KZ,DR,D
9:01:00,MYOR,RG,2240,15,F,KZ,IP,D
9:00:59,MYOR,RG,2230,200,D,SQ,YP,D
9:00:59,MYOR,RG,2230,25,D,SQ,YP,D
9:00:59,MYOR,RG,2230,15,D,SQ,YP,D
9:00:59,MYOR,RG,2230,50,D,SQ,YP,D
9:00:59,MYOR,RG,2230,1,D,SQ,CC,D
9:00:59,MYOR,RG,2230,5,D,SQ,YP,D
9:00:59,MYOR,RG,2230,5,D,SQ,PD,D
9:00:59,MYOR,RG,2230,10,D,SQ,SQ,D
9:00:59,MYOR,RG,2230,1,D,SQ,PD,D
9:00:59,MYOR,RG,2230,85,D,SQ,EP,D
9:00:59,MYOR,RG,2230,2,D,SQ,SQ,D
9:00:52,MYOR,RG,2220,1,D,PD,XC,D
9:00:52,MYOR,RG,2220,29,D,PD,AK,D
9:00:52,MYOR,RG,2220,1,D,PD,DP,F
9:00:52,MYOR,RG,2220,15,D,PD,YP,D
9:00:52,MYOR,RG,2220,1,D,PD,XC,D
9:00:52,MYOR,RG,2220,7,D,PD,CC,D
9:00:41,MYOR,RG,2220,2,D,XC,CC,D
9:00:37,MYOR,RG,2220,1,F,KZ,CC,D
9:00:37,MYOR,RG,2220,4,F,KZ,YP,D
9:00:37,MYOR,RG,2220,11,D,PD,YP,D
9:00:37,MYOR,RG,2220,9,D,PD,AK,D
9:00:34,MYOR,RG,2220,2,F,KZ,AK,D
9:00:33,MYOR,RG,2220,13,D,CC,AK,D
9:00:33,MYOR,RG,2220,2,D,CC,AK,D
9:00:33,MYOR,RG,2220,1,D,CC,YP,D
9:00:33,MYOR,RG,2220,4,D,CC,XC,D
9:00:30,MYOR,RG,2220,5,D,XC,XC,D
9:00:28,MYOR,RG,2220,1,F,KZ,XC,D
9:00:25,MYOR,RG,2220,5,F,KZ,XC,D
9:00:22,MYOR,RG,2220,3,F,KZ,XC,D
9:00:22,MYOR,RG,2220,1,F,KZ,PD,D
9:00:22,MYOR,RG,2220,20,F,KZ,AT,D
9:00:22,MYOR,RG,2220,1,F,KZ,DH,D
9:00:18,MYOR,RG,2220,4,F,KZ,DH,D
9:00:18,MYOR,RG,2220,1,F,KZ,KK,D
9:00:18,MYOR,RG,2220,1,F,KZ,XC,D
9:00:18,MYOR,RG,2220,3,F,KZ,YP,D
9:00:14,MYOR,RG,2210,8,F,KZ,DR,D
9:00:14,MYOR,RG,2210,5,D,XC,DR,D
9:00:14,MYOR,RG,2210,2,D,XC,DR,D
9:00:14,MYOR,RG,2210,1,D,KK,DR,D
9:00:14,MYOR,RG,2210,15,D,XC,DR,D
9:00:14,MYOR,RG,2210,55,F,BK,DR,D
9:00:13,MYOR,RG,2210,26,F,BK,AK,D
9:00:08,MYOR,RG,2210,3,F,BK,PD,D
9:00:07,MYOR,RG,2210,1,F,BK,XC,D
9:00:07,MYOR,RG,2210,1,D,XC,XC,D
9:00:07,MYOR,RG,2210,2,D,XC,PD,D
9:00:05,MYOR,RG,2220,3,F,KZ,YP,D
9:00:05,MYOR,RG,2220,19,D,OD,YP,D
9:00:04,MYOR,RG,2210,3,D,XC,EP,D
9:00:02,MYOR,RG,2240,5,F,BK,IP,D
9:00:02,MYOR,RG,2220,15,F,BK,DH,D
9:00:01,MYOR,RG,2200,1,D,TP,DH,D
9:00:01,MYOR,RG,2200,1,D,DR,DH,D