Time,Stock,Brd,Price,Qty,BT,BC,SC,ST
15:09:49,MYOR,RG,2160,35,D,YP,KK,D
15:08:31,MYOR,RG,2160,13,D,YP,ZP,D
15:08:31,MYOR,RG,2160,37,D,SQ,ZP,D
15:01:20,MYOR,RG,2160,2,D,SQ,SQ,D
15:01:15,MYOR,RG,2160,13,D,SQ,NI,D
15:00:00,MYOR,RG,2160,9,D,SQ,PD,D
15:00:00,MYOR,RG,2160,39,D,SQ,KZ,F
15:00:00,MYOR,RG,2160,4,D,XC,KZ,F
15:00:00,MYOR,RG,2160,5,D,NI,KZ,F
15:00:00,MYOR,RG,2160,2,D,XC,KZ,F
15:00:00,MYOR,RG,2160,3,D,XC,KZ,F
15:00:00,MYOR,RG,2160,1,D,XC,KZ,F
15:00:00,MYOR,RG,2160,1,D,XC,KZ,F
15:00:00,MYOR,RG,2160,3,D,PD,KZ,F
15:00:00,MYOR,RG,2160,10,D,YP,KZ,F
15:00:00,MYOR,RG,2160,10,D,CC,KZ,F
15:00:00,MYOR,RG,2160,9,D,PC,KZ,F
15:00:00,MYOR,RG,2160,5,D,DH,KZ,F
15:00:00,MYOR,RG,2160,2,D,PD,KZ,F
15:00:00,MYOR,RG,2160,1,D,YP,KZ,F
15:00:00,MYOR,RG,2160,1,D,PD,KZ,F
15:00:00,MYOR,RG,2160,1,D,XL,KZ,F
15:00:00,MYOR,RG,2160,5,D,AT,KZ,F
15:00:00,MYOR,RG,2160,5,D,XC,KZ,F
15:00:00,MYOR,RG,2160,3,D,YP,KZ,F
15:00:00,MYOR,RG,2160,5,D,NI,KZ,F
15:00:00,MYOR,RG,2160,1,D,XC,KZ,F
15:00:00,MYOR,RG,2160,4,D,OD,KZ,F
15:00:00,MYOR,RG,2160,1,D,XC,KZ,F
15:00:00,MYOR,RG,2160,10,D,YP,KZ,F
15:00:00,MYOR,RG,2160,1,D,XC,KZ,F
15:00:00,MYOR,RG,2160,1,D,YP,KZ,F
15:00:00,MYOR,RG,2160,2,D,PD,KZ,F
15:00:00,MYOR,RG,2160,1,D,PD,KZ,F
15:00:00,MYOR,RG,2160,24,D,KK,KZ,F
15:00:00,MYOR,RG,2160,9,D,XC,KZ,F
15:00:00,MYOR,RG,2160,5,D,TP,KZ,F
15:00:00,MYOR,RG,2160,1,D,XL,KZ,F
15:00:00,MYOR,RG,2160,3,D,PD,KZ,F
15:00:00,MYOR,RG,2160,1,D,PD,KZ,F
15:00:00,MYOR,RG,2160,2,D,PD,KZ,F
15:00:00,MYOR,RG,2160,3,D,KK,KZ,F
15:00:00,MYOR,RG,2160,1,D,GR,KZ,F
15:00:00,MYOR,RG,2160,1,D,PD,KZ,F
15:00:00,MYOR,RG,2160,2,D,PD,KZ,F
15:00:00,MYOR,RG,2160,1,D,DH,KZ,F
15:00:00,MYOR,RG,2160,5,D,KK,KZ,F
15:00:00,MYOR,RG,2160,3,D,KK,KZ,F
15:00:00,MYOR,RG,2160,2,D,PD,KZ,F
15:00:00,MYOR,RG,2160,2,D,RG,KZ,F
15:00:00,MYOR,RG,2160,22,D,DH,KZ,F
15:00:00,MYOR,RG,2160,1,D,YP,KZ,F
15:00:00,MYOR,RG,2160,1,D,PD,KZ,F
15:00:00,MYOR,RG,2160,5,D,XC,KZ,F
15:00:00,MYOR,RG,2160,11,D,PD,KZ,F
15:00:00,MYOR,RG,2160,20,D,CC,KZ,F
15:00:00,MYOR,RG,2160,1,D,YP,KZ,F
15:00:00,MYOR,RG,2160,2,D,YP,KZ,F
15:00:00,MYOR,RG,2160,5,D,PD,KZ,F
15:00:00,MYOR,RG,2160,5,D,AT,KZ,F
15:00:00,MYOR,RG,2160,1,D,DR,KZ,F
15:00:00,MYOR,RG,2160,1,D,PD,KZ,F
15:00:00,MYOR,RG,2160,2,F,OD,KZ,F
15:00:00,MYOR,RG,2160,25,D,YP,KZ,F
15:00:00,MYOR,RG,2160,1,D,XC,KZ,F
15:00:00,MYOR,RG,2160,40,D,PD,KZ,F
15:00:00,MYOR,RG,2160,50,D,KK,KZ,F
15:00:00,MYOR,RG,2160,3,D,YP,KZ,F
15:00:00,MYOR,RG,2160,20,D,YP,KZ,F
15:00:00,MYOR,RG,2160,2,D,DR,KZ,F
15:00:00,MYOR,RG,2160,1,D,XC,KZ,F
15:00:00,MYOR,RG,2160,6,D,TP,KZ,F
15:00:00,MYOR,RG,2160,10,D,YP,KZ,F
15:00:00,MYOR,RG,2160,3,D,XC,KZ,F
15:00:00,MYOR,RG,2160,1,D,PD,KZ,F
14:49:58,MYOR,RG,2170,1,D,PD,PD,D
14:49:44,MYOR,RG,2170,1,D,YP,PD,D
14:49:21,MYOR,RG,2170,1,D,XC,PD,D
14:49:00,MYOR,RG,2170,2,D,GR,PD,D
14:48:54,MYOR,RG,2170,8,D,GR,PD,D
14:48:45,MYOR,RG,2170,2,D,YP,PD,D
14:48:35,MYOR,RG,2160,68,D,DH,SQ,D
14:48:35,MYOR,RG,2160,1,D,XC,SQ,D
14:48:35,MYOR,RG,2160,20,D,CC,SQ,D
14:48:35,MYOR,RG,2160,1,D,XC,SQ,D
14:48:35,MYOR,RG,2160,10,D,NI,SQ,D
14:48:35,MYOR,RG,2160,5,D,CC,SQ,D
14:48:35,MYOR,RG,2160,5,D,GR,SQ,D
14:48:35,MYOR,RG,2160,3,D,PD,SQ,D
14:48:35,MYOR,RG,2160,5,D,PD,SQ,D
14:48:35,MYOR,RG,2160,1,D,XC,SQ,D
14:48:35,MYOR,RG,2160,1,D,XC,SQ,D
14:48:35,MYOR,RG,2160,10,D,CC,SQ,D
14:48:35,MYOR,RG,2160,1,D,NI,SQ,D
14:48:35,MYOR,RG,2160,2,D,YP,SQ,D
14:48:35,MYOR,RG,2160,2,D,YP,SQ,D
14:48:26,MYOR,RG,2160,2,D,YP,SQ,D
14:48:26,MYOR,RG,2160,1,D,CC,SQ,D
14:48:26,MYOR,RG,2160,1,D,PD,SQ,D
14:48:26,MYOR,RG,2160,1,D,CC,SQ,D
14:48:26,MYOR,RG,2160,2,D,SQ,SQ,D
14:48:26,MYOR,RG,2160,25,D,CC,SQ,D
14:48:26,MYOR,RG,2160,2,D,NI,SQ,D
14:48:26,MYOR,RG,2160,1,D,PD,SQ,D
14:48:26,MYOR,RG,2160,1,D,XC,SQ,D
14:48:26,MYOR,RG,2160,1,D,XC,SQ,D
14:48:26,MYOR,RG,2160,2,D,XC,SQ,D
14:48:26,MYOR,RG,2160,2,D,XC,SQ,D
14:48:26,MYOR,RG,2160,1,D,KK,SQ,D
14:48:26,MYOR,RG,2160,1,D,CC,SQ,D
14:48:26,MYOR,RG,2160,1,D,XC,SQ,D
14:48:26,MYOR,RG,2160,1,D,OD,SQ,D
14:48:26,MYOR,RG,2160,1,D,PD,SQ,D
14:48:26,MYOR,RG,2160,1,D,PD,SQ,D
14:48:26,MYOR,RG,2160,2,D,NI,SQ,D
14:48:26,MYOR,RG,2160,1,D,NI,SQ,D
14:48:26,MYOR,RG,2160,1,D,EP,SQ,D
14:48:26,MYOR,RG,2160,80,D,YB,SQ,D
14:48:26,MYOR,RG,2160,20,D,YP,SQ,D
14:48:26,MYOR,RG,2160,10,D,NI,SQ,D
14:48:26,MYOR,RG,2160,10,D,YP,SQ,D
14:48:26,MYOR,RG,2160,1,D,XC,SQ,D
14:48:26,MYOR,RG,2160,3,D,XC,SQ,D
14:48:26,MYOR,RG,2160,1,D,XC,SQ,D
14:48:26,MYOR,RG,2160,1,D,XC,SQ,D
14:48:26,MYOR,RG,2160,1,D,XC,SQ,D
14:48:26,MYOR,RG,2160,1,D,PD,SQ,D
14:48:26,MYOR,RG,2160,1,D,PD,SQ,D
14:48:26,MYOR,RG,2160,1,D,XC,SQ,D
14:48:26,MYOR,RG,2160,1,D,XC,SQ,D
14:48:26,MYOR,RG,2160,10,D,XC,SQ,D
14:48:26,MYOR,RG,2160,2,D,PD,SQ,D
14:48:26,MYOR,RG,2160,6,D,YP,SQ,D
14:48:23,MYOR,RG,2170,1,D,DH,SQ,D
14:48:04,MYOR,RG,2160,14,D,YP,KZ,F
14:48:04,MYOR,RG,2160,1,D,CC,KZ,F
14:48:04,MYOR,RG,2160,4,D,XC,KZ,F
14:48:04,MYOR,RG,2160,1,D,YP,KZ,F
14:48:04,MYOR,RG,2160,22,D,BR,KZ,F
14:45:50,MYOR,RG,2160,8,D,BR,CC,D
14:45:50,MYOR,RG,2160,9,D,PD,CC,D
14:45:00,MYOR,RG,2160,1,D,PD,CC,D
14:45:00,MYOR,RG,2160,2,D,PD,CC,D
14:44:35,MYOR,RG,2160,1,D,XL,CC,D
14:44:35,MYOR,RG,2160,1,D,PD,CC,D
14:44:35,MYOR,RG,2160,5,D,OD,CC,D
14:44:35,MYOR,RG,2160,1,D,CC,CC,D
14:44:35,MYOR,RG,2160,6,D,CC,CC,D
14:44:35,MYOR,RG,2160,5,D,NI,CC,D
14:44:35,MYOR,RG,2160,6,D,SQ,CC,D
14:44:35,MYOR,RG,2170,4,D,PD,SQ,D
14:44:26,MYOR,RG,2170,19,D,PD,SQ,D
14:44:15,MYOR,RG,2170,2,D,SQ,SQ,D
14:44:15,MYOR,RG,2170,5,D,OD,SQ,D
14:44:15,MYOR,RG,2170,1,D,PD,SQ,D
14:44:15,MYOR,RG,2170,56,D,KK,SQ,D
14:44:15,MYOR,RG,2170,5,D,KK,SQ,D
14:44:15,MYOR,RG,2170,1,D,PD,SQ,D
14:44:15,MYOR,RG,2170,2,D,XC,SQ,D
14:44:15,MYOR,RG,2170,46,D,XC,SQ,D
14:44:15,MYOR,RG,2170,10,D,CC,SQ,D
14:44:15,MYOR,RG,2170,100,D,PD,SQ,D
14:44:15,MYOR,RG,2170,2,D,PD,SQ,D
14:44:15,MYOR,RG,2170,10,D,CC,SQ,D
14:44:15,MYOR,RG,2170,101,D,CC,SQ,D
14:43:02,MYOR,RG,2170,25,D,CC,CC,D
14:42:59,MYOR,RG,2170,124,D,CC,KZ,F
14:42:59,MYOR,RG,2170,2,D,XC,KZ,F
14:42:59,MYOR,RG,2170,2,D,PD,KZ,F
14:42:59,MYOR,RG,2170,1,D,PD,KZ,F
14:42:59,MYOR,RG,2170,10,D,CC,KZ,F
14:42:59,MYOR,RG,2170,1,D,CC,KZ,F
14:42:59,MYOR,RG,2170,50,D,YP,KZ,F
14:42:59,MYOR,RG,2170,5,D,XC,KZ,F
14:42:59,MYOR,RG,2170,5,D,XL,KZ,F
14:42:59,MYOR,RG,2170,1,D,XC,KZ,F
14:42:59,MYOR,RG,2170,1,D,IP,KZ,F
14:42:59,MYOR,RG,2170,5,D,DR,KZ,F
14:42:59,MYOR,RG,2170,6,D,XC,KZ,F
14:42:59,MYOR,RG,2170,1,D,NI,KZ,F
14:42:59,MYOR,RG,2170,13,D,NI,KZ,F
14:42:59,MYOR,RG,2170,80,D,CC,KZ,F
14:41:29,MYOR,RG,2170,5,D,CC,CC,D
14:41:28,MYOR,RG,2170,15,D,CC,CC,D
14:41:28,MYOR,RG,2170,9,D,PD,CC,D
14:40:14,MYOR,RG,2170,11,D,PD,KZ,F
14:40:14,MYOR,RG,2170,2,D,CC,KZ,F
14:39:55,MYOR,RG,2170,21,D,CC,CC,D
14:38:19,MYOR,RG,2170,24,D,CC,CC,D
14:37:59,MYOR,RG,2180,1,D,NI,SQ,F
14:37:18,MYOR,RG,2180,6,D,NI,SQ,F
14:37:10,MYOR,RG,2170,1,D,CC,PD,D
14:36:45,MYOR,RG,2170,24,D,CC,CC,D
14:35:09,MYOR,RG,2170,27,D,CC,CC,D
14:34:42,MYOR,RG,2170,100,D,CC,SQ,D
14:33:33,MYOR,RG,2170,20,D,CC,CC,D
14:32:40,MYOR,RG,2180,1,D,PD,SQ,F
14:32:01,MYOR,RG,2170,23,D,CC,CC,D
14:31:23,MYOR,RG,2170,50,D,CC,SQ,D
14:31:21,MYOR,RG,2170,20,D,CC,PD,D
14:31:18,MYOR,RG,2170,45,D,CC,SQ,D
14:31:18,MYOR,RG,2170,1,D,PD,SQ,D
14:31:18,MYOR,RG,2170,4,D,PD,SQ,D
14:30:59,MYOR,RG,2170,20,D,PD,KZ,F
14:30:59,MYOR,RG,2170,15,D,CC,KZ,F
14:30:59,MYOR,RG,2170,2,D,NI,KZ,F
14:30:59,MYOR,RG,2170,5,D,XC,KZ,F
14:30:59,MYOR,RG,2170,1,D,XC,KZ,F
14:30:59,MYOR,RG,2170,1,D,XL,KZ,F
14:30:59,MYOR,RG,2170,10,D,NI,KZ,F
14:30:59,MYOR,RG,2170,1,D,NI,KZ,F
14:30:59,MYOR,RG,2170,3,D,XC,KZ,F
14:30:59,MYOR,RG,2170,16,D,XC,KZ,F
14:30:59,MYOR,RG,2170,2,D,XC,KZ,F
14:30:59,MYOR,RG,2170,9,D,NI,KZ,F
14:30:59,MYOR,RG,2170,4,D,SQ,KZ,F
14:30:59,MYOR,RG,2170,1,D,NI,KZ,F
14:30:59,MYOR,RG,2170,10,D,NI,KZ,F
14:30:59,MYOR,RG,2170,4,D,NI,KZ,F
14:30:59,MYOR,RG,2170,1,D,NI,KZ,F
14:30:59,MYOR,RG,2170,10,D,YP,KZ,F
14:30:59,MYOR,RG,2170,181,D,YP,KZ,F
14:30:39,MYOR,RG,2180,1,D,PD,SQ,F
14:30:27,MYOR,RG,2170,23,D,YP,CC,D
14:30:03,MYOR,RG,2180,10,D,CC,SQ,F
14:29:41,MYOR,RG,2180,6,D,CC,SQ,F
14:29:02,MYOR,RG,2180,1,D,CC,SQ,F
14:28:51,MYOR,RG,2170,24,D,YP,CC,D
14:28:49,MYOR,RG,2170,2,D,YP,SQ,D
14:28:49,MYOR,RG,2170,4,D,NI,SQ,D
14:28:49,MYOR,RG,2170,10,D,NI,SQ,D
14:28:49,MYOR,RG,2170,5,D,XC,SQ,D
14:28:49,MYOR,RG,2170,15,D,YP,SQ,D
14:28:49,MYOR,RG,2170,1,D,XC,SQ,D
14:28:49,MYOR,RG,2170,33,D,CC,SQ,D
14:28:33,MYOR,RG,2180,1,D,XL,SQ,F
14:27:33,MYOR,RG,2170,2,D,CC,XC,D
14:27:13,MYOR,RG,2170,23,D,CC,CC,D
14:26:27,MYOR,RG,2170,140,D,CC,GR,D
14:25:39,MYOR,RG,2170,24,D,CC,CC,D
14:25:38,MYOR,RG,2170,50,D,CC,SQ,D
14:24:03,MYOR,RG,2170,26,D,CC,CC,D
14:23:46,MYOR,RG,2170,100,D,CC,SQ,D
14:23:39,MYOR,RG,2170,102,D,CC,KZ,F
14:23:39,MYOR,RG,2170,3,D,XC,KZ,F
14:23:39,MYOR,RG,2170,100,D,CC,KZ,F
14:23:39,MYOR,RG,2170,20,D,PD,KZ,F
14:23:39,MYOR,RG,2170,5,D,PD,KZ,F
14:23:39,MYOR,RG,2170,2,D,PD,KZ,F
14:23:39,MYOR,RG,2170,1,D,YP,KZ,F
14:23:39,MYOR,RG,2170,27,D,CC,KZ,F
14:22:27,MYOR,RG,2170,21,D,CC,CC,D
14:22:26,MYOR,RG,2170,1,D,CC,XC,D
14:22:10,MYOR,RG,2170,1,D,CC,SQ,D
14:21:59,MYOR,RG,2170,1,D,CC,YP,D
14:20:57,MYOR,RG,2170,21,D,CC,CC,D
14:19:19,MYOR,RG,2170,19,D,CC,CC,D
14:18:59,MYOR,RG,2180,50,D,YU,SQ,F
14:18:33,MYOR,RG,2170,50,D,CC,SQ,D
14:17:43,MYOR,RG,2170,25,D,CC,CC,D
14:16:55,MYOR,RG,2170,84,D,CC,NI,D
14:16:31,MYOR,RG,2170,130,D,CC,YP,D
14:16:14,MYOR,RG,2170,10,D,CC,YB,D
14:16:09,MYOR,RG,2170,21,D,CC,CC,D
14:15:43,MYOR,RG,2170,2,D,CC,NI,D
14:15:40,MYOR,RG,2170,36,D,CC,AT,D
14:15:32,MYOR,RG,2180,100,D,YP,SQ,F
14:15:22,MYOR,RG,2170,51,D,CC,LG,D
14:15:22,MYOR,RG,2170,10,D,XC,LG,D
14:15:22,MYOR,RG,2170,139,F,CS,LG,D
14:14:39,MYOR,RG,2170,24,F,CS,CC,D
14:14:12,MYOR,RG,2170,5,F,CS,YB,D
14:13:05,MYOR,RG,2170,23,F,CS,CC,D
14:12:37,MYOR,RG,2170,30,F,CS,SQ,D
14:12:29,MYOR,RG,2170,100,F,CS,SQ,D
14:12:06,MYOR,RG,2170,3,F,CS,PD,D
14:11:33,MYOR,RG,2170,1,F,CS,PD,D
14:11:31,MYOR,RG,2170,26,F,CS,CC,D
14:11:29,MYOR,RG,2170,324,F,CS,KZ,F
14:11:28,MYOR,RG,2170,50,F,CS,SQ,D
14:10:54,MYOR,RG,2170,207,F,CS,KZ,F
14:10:52,MYOR,RG,2170,50,F,CS,SQ,D
14:10:32,MYOR,RG,2170,18,F,CS,DH,D
14:10:32,MYOR,RG,2170,1,D,PD,DH,D
14:10:32,MYOR,RG,2170,1,D,PD,DH,D
14:10:32,MYOR,RG,2170,1,D,XC,DH,D
14:10:32,MYOR,RG,2170,2,F,CS,DH,D
14:09:55,MYOR,RG,2170,23,F,CS,CC,D
14:08:17,MYOR,RG,2170,14,F,CS,CC,D
14:08:17,MYOR,RG,2170,10,D,YP,CC,D
14:07:31,MYOR,RG,2180,10,D,CC,SQ,F
14:07:13,MYOR,RG,2180,64,D,YP,SQ,F
14:06:43,MYOR,RG,2170,21,D,YP,CC,D
14:06:08,MYOR,RG,2170,50,D,YP,SQ,D
14:05:30,MYOR,RG,2170,2,D,YP,PD,D
14:05:13,MYOR,RG,2170,20,D,YP,CC,D
14:04:48,MYOR,RG,2170,20,D,YP,XC,D
14:04:16,MYOR,RG,2170,50,D,YP,SQ,D
14:04:03,MYOR,RG,2180,1,D,XC,SQ,F
14:03:59,MYOR,RG,2180,2,D,NI,SQ,F
14:03:44,MYOR,RG,2180,1,D,PD,SQ,F
14:03:41,MYOR,RG,2170,26,D,YP,CC,D
14:03:37,MYOR,RG,2170,3,D,YP,KK,D
14:02:07,MYOR,RG,2170,21,D,YP,CC,D
14:01:44,MYOR,RG,2170,6,D,YP,SQ,D
14:01:44,MYOR,RG,2170,1,D,CC,SQ,D
14:01:44,MYOR,RG,2170,1,D,XC,SQ,D
14:01:44,MYOR,RG,2170,5,D,YP,SQ,D
14:01:44,MYOR,RG,2170,1,D,CC,SQ,D
14:01:44,MYOR,RG,2170,2,D,PD,SQ,D
14:01:44,MYOR,RG,2170,1,D,XC,SQ,D
14:01:44,MYOR,RG,2170,2,D,PD,SQ,D
14:01:44,MYOR,RG,2170,15,D,CC,SQ,D
14:01:44,MYOR,RG,2170,1,D,YP,SQ,D
14:01:44,MYOR,RG,2170,10,D,DH,SQ,D
14:01:44,MYOR,RG,2170,1,D,XL,SQ,D
14:01:44,MYOR,RG,2170,1,D,KK,SQ,D
14:01:44,MYOR,RG,2170,4,D,XL,SQ,D
14:01:44,MYOR,RG,2170,2,D,PD,SQ,D
14:01:44,MYOR,RG,2170,10,D,CP,SQ,D
14:01:44,MYOR,RG,2170,7,F,CS,SQ,D
14:01:43,MYOR,RG,2170,1,F,CS,OD,D
14:00:35,MYOR,RG,2170,22,F,CS,CC,D
13:59:59,MYOR,RG,2170,6,F,CS,XC,D
13:59:41,MYOR,RG,2170,50,F,CS,SQ,D
13:57:18,MYOR,RG,2180,8,D,XC,SQ,F
13:57:14,MYOR,RG,2170,197,F,CS,KZ,F
13:56:48,MYOR,RG,2180,2,D,PD,SQ,F
13:55:39,MYOR,RG,2180,10,D,YP,SQ,F
13:54:08,MYOR,RG,2180,1,D,CC,SQ,F
13:53:33,MYOR,RG,2180,1,D,SQ,SQ,F
13:52:01,MYOR,RG,2180,2,D,XC,SQ,F
13:51:23,MYOR,RG,2180,1,D,XC,SQ,F
13:50:39,MYOR,RG,2170,148,F,CS,KZ,F
13:50:34,MYOR,RG,2170,50,F,CS,SQ,D
13:50:26,MYOR,RG,2180,1,D,NI,SQ,F
13:50:15,MYOR,RG,2170,2,F,CS,SQ,D
13:49:14,MYOR,RG,2180,1,D,XC,SQ,F
13:49:08,MYOR,RG,2180,1,D,CP,SQ,F
13:47:00,MYOR,RG,2180,5,D,KK,SQ,F
13:45:44,MYOR,RG,2180,1,D,SQ,SQ,F
13:45:23,MYOR,RG,2180,1,D,YP,SQ,F
13:44:02,MYOR,RG,2170,50,F,CS,SQ,D
13:43:04,MYOR,RG,2170,1,F,CS,YP,D
13:41:08,MYOR,RG,2180,10,D,SQ,SQ,F
13:39:14,MYOR,RG,2180,1,D,EP,SQ,F
13:39:03,MYOR,RG,2180,2,D,PD,SQ,F
13:38:17,MYOR,RG,2180,15,D,CC,SQ,F
13:35:53,MYOR,RG,2180,21,D,BQ,SQ,F
13:35:20,MYOR,RG,2170,2,F,CS,KK,D
13:35:05,MYOR,RG,2180,1,D,KK,SQ,F
13:33:54,MYOR,RG,2180,1,D,PD,SQ,F
13:30:10,MYOR,RG,2180,4,D,XC,SQ,F
13:30:07,MYOR,RG,2170,33,F,CS,AT,D
13:30:06,MYOR,RG,2180,1,D,XC,SQ,F
13:30:05,MYOR,RG,2180,2,D,XC,SQ,F
13:30:05,MYOR,RG,2180,5,D,XC,SQ,F
13:30:03,MYOR,RG,2170,10,F,CS,PD,D
13:30:03,MYOR,RG,2170,3,F,CS,CC,D
13:30:02,MYOR,RG,2180,1,D,XC,SQ,F
13:30:02,MYOR,RG,2180,1,D,KK,SQ,F
13:30:02,MYOR,RG,2180,1,D,XC,SQ,F
13:30:02,MYOR,RG,2180,1,D,XC,SQ,F
13:30:02,MYOR,RG,2170,2,F,CS,PD,D
13:30:02,MYOR,RG,2170,13,F,CS,SQ,D
13:30:02,MYOR,RG,2170,2,D,PD,SQ,D
13:30:02,MYOR,RG,2170,1,D,PD,SQ,D
13:30:01,MYOR,RG,2170,7,D,DH,SQ,D
13:30:01,MYOR,RG,2170,1,D,XC,SQ,D
13:30:01,MYOR,RG,2170,2,D,KK,SQ,D
13:30:01,MYOR,RG,2170,5,D,EP,SQ,D
13:30:01,MYOR,RG,2170,3,D,PD,SQ,D
13:30:01,MYOR,RG,2170,1,D,CP,SQ,D
13:30:01,MYOR,RG,2170,1,D,DR,SQ,D
11:29:13,MYOR,RG,2170,1,D,YP,SQ,D
11:28:50,MYOR,RG,2170,1,D,CC,SQ,D
11:28:43,MYOR,RG,2170,12,D,GR,SQ,D
11:28:43,MYOR,RG,2170,8,D,GR,KZ,F
11:28:41,MYOR,RG,2170,1,D,XC,KZ,F
11:28:02,MYOR,RG,2170,2,D,XC,KZ,F
11:26:40,MYOR,RG,2170,1,D,DH,KZ,F
11:25:58,MYOR,RG,2170,2,D,DR,KZ,F
11:25:32,MYOR,RG,2170,1,D,CC,KZ,F
11:25:17,MYOR,RG,2170,2,D,SQ,KZ,F
11:25:16,MYOR,RG,2170,4,D,YP,KZ,F
11:25:16,MYOR,RG,2170,1,D,XC,KZ,F
11:25:16,MYOR,RG,2170,5,D,CC,KZ,F
11:25:16,MYOR,RG,2170,1,D,XC,KZ,F
11:25:16,MYOR,RG,2170,15,D,EP,KZ,F
11:24:41,MYOR,RG,2180,3,D,OD,SQ,F
11:22:15,MYOR,RG,2170,3,D,EP,XC,D
11:22:04,MYOR,RG,2170,2,D,EP,XL,D
11:21:57,MYOR,RG,2170,1,D,XC,XL,D
11:21:10,MYOR,RG,2170,1,D,AZ,XL,D
11:20:26,MYOR,RG,2170,1,D,NI,PD,D
11:20:26,MYOR,RG,2170,1,D,NI,XC,D
11:20:26,MYOR,RG,2170,1,D,NI,SQ,D
11:19:59,MYOR,RG,2170,49,D,YP,SQ,D
11:19:59,MYOR,RG,2170,25,D,YP,GR,D
11:19:59,MYOR,RG,2170,133,D,YP,KZ,F
11:19:59,MYOR,RG,2170,1,D,YP,PD,D
11:19:59,MYOR,RG,2170,10,D,YP,DR,D
11:19:59,MYOR,RG,2170,7,D,YP,PD,D
11:19:59,MYOR,RG,2170,5,D,YP,CC,D
11:19:59,MYOR,RG,2170,39,D,YP,SQ,D
11:18:55,MYOR,RG,2170,1,D,XC,SQ,D
11:18:42,MYOR,RG,2170,1,D,YP,SQ,D
11:18:24,MYOR,RG,2170,9,D,RO,SQ,D
11:18:24,MYOR,RG,2170,1,D,RO,NI,D
11:17:15,MYOR,RG,2160,2,D,SQ,PD,D
11:16:22,MYOR,RG,2160,2,D,SQ,SQ,D
11:16:22,MYOR,RG,2160,1,D,XC,SQ,D
11:16:22,MYOR,RG,2160,1,D,YP,SQ,D
11:16:22,MYOR,RG,2160,1,D,XC,SQ,D
11:16:22,MYOR,RG,2160,1,D,XC,SQ,D
11:16:22,MYOR,RG,2160,1,D,YP,SQ,D
11:16:22,MYOR,RG,2160,1,D,CC,SQ,D
11:16:22,MYOR,RG,2160,10,D,PD,SQ,D
11:16:22,MYOR,RG,2160,5,D,XC,SQ,D
11:16:22,MYOR,RG,2160,4,D,XC,SQ,D
11:16:22,MYOR,RG,2160,3,D,PD,SQ,D
11:16:16,MYOR,RG,2160,7,D,PD,SQ,D
11:16:16,MYOR,RG,2160,10,D,PD,SQ,D
11:16:16,MYOR,RG,2160,1,D,PD,SQ,D
11:16:16,MYOR,RG,2160,1,D,PD,SQ,D
11:16:16,MYOR,RG,2160,1,D,NI,SQ,D
11:16:16,MYOR,RG,2160,2,D,XC,SQ,D
11:16:16,MYOR,RG,2160,5,D,PD,SQ,D
11:16:16,MYOR,RG,2160,1,D,XC,SQ,D
11:16:16,MYOR,RG,2160,2,D,XL,SQ,D
11:16:16,MYOR,RG,2160,1,D,PD,SQ,D
11:16:16,MYOR,RG,2160,10,D,KK,SQ,D
11:16:16,MYOR,RG,2160,1,D,PD,SQ,D
11:16:16,MYOR,RG,2160,1,D,XC,SQ,D
11:16:16,MYOR,RG,2160,1,D,EP,SQ,D
11:16:16,MYOR,RG,2160,4,D,YP,SQ,D
11:16:16,MYOR,RG,2160,1,D,XC,SQ,D
11:16:16,MYOR,RG,2160,1,D,PD,SQ,D
11:16:02,MYOR,RG,2170,3,D,XL,NI,D
11:15:54,MYOR,RG,2170,1,D,NI,NI,D
11:12:51,MYOR,RG,2160,4,D,PD,KZ,F
11:12:51,MYOR,RG,2160,1,D,DR,KZ,F
11:12:51,MYOR,RG,2160,1,D,XC,KZ,F
11:12:51,MYOR,RG,2160,1,D,NI,KZ,F
11:12:51,MYOR,RG,2160,10,D,XC,KZ,F
11:12:51,MYOR,RG,2160,25,D,EP,KZ,F
11:12:51,MYOR,RG,2160,10,D,XC,KZ,F
11:12:51,MYOR,RG,2160,5,D,NI,KZ,F
11:12:51,MYOR,RG,2160,69,D,NI,KZ,F
11:12:21,MYOR,RG,2170,2,D,CC,XC,D
11:10:49,MYOR,RG,2170,10,D,NI,XC,D
11:09:57,MYOR,RG,2160,10,D,NI,PD,D
11:09:21,MYOR,RG,2170,2,D,XC,XC,D
11:08:32,MYOR,RG,2170,5,D,CC,XC,D
11:08:32,MYOR,RG,2160,20,D,NI,HP,D
11:08:27,MYOR,RG,2170,3,D,XC,XC,D
11:08:27,MYOR,RG,2170,2,D,XC,KZ,F
11:07:58,MYOR,RG,2170,1,D,AZ,KZ,F
11:07:10,MYOR,RG,2170,50,D,PD,KZ,F
11:06:19,MYOR,RG,2160,1,D,NI,XC,D
11:06:19,MYOR,RG,2160,2,D,PD,XC,D
11:05:05,MYOR,RG,2170,1,D,NI,KZ,F
11:03:37,MYOR,RG,2170,2,D,PD,KZ,F
11:01:21,MYOR,RG,2170,1,D,XC,KZ,F
11:00:19,MYOR,RG,2170,1,D,XC,KZ,F
10:59:16,MYOR,RG,2170,1,D,YP,KZ,F
10:58:27,MYOR,RG,2160,2,D,PD,XC,D
10:56:10,MYOR,RG,2170,4,D,YP,KZ,F
10:54:34,MYOR,RG,2170,2,D,XC,KZ,F
10:54:27,MYOR,RG,2170,20,D,XC,KZ,F
10:54:24,MYOR,RG,2160,1,D,PD,NI,D
10:54:24,MYOR,RG,2160,1,D,NI,NI,D
10:54:24,MYOR,RG,2160,1,D,CC,NI,D
10:54:24,MYOR,RG,2160,9,D,XC,NI,D
10:54:24,MYOR,RG,2160,10,D,XC,NI,D
10:54:24,MYOR,RG,2160,90,D,PD,NI,D
10:54:24,MYOR,RG,2160,4,D,XC,NI,D
10:54:24,MYOR,RG,2160,1,D,LG,NI,D
10:54:24,MYOR,RG,2160,5,D,CC,NI,D
10:54:24,MYOR,RG,2160,1,D,PD,NI,D
10:54:24,MYOR,RG,2160,20,D,SQ,NI,D
10:54:24,MYOR,RG,2160,1,D,XC,NI,D
10:54:24,MYOR,RG,2160,2,D,YP,NI,D
10:54:24,MYOR,RG,2160,50,D,NI,NI,D
10:54:24,MYOR,RG,2160,15,D,DH,NI,D
10:54:24,MYOR,RG,2160,1,D,XC,NI,D
10:54:24,MYOR,RG,2160,1,D,YP,NI,D
10:54:24,MYOR,RG,2160,2,D,PD,NI,D
10:54:24,MYOR,RG,2160,2,D,XC,NI,D
10:54:24,MYOR,RG,2160,103,D,CC,NI,D
10:51:33,MYOR,RG,2170,2,D,PD,KZ,F
10:51:30,MYOR,RG,2170,10,D,BR,KZ,F
10:51:30,MYOR,RG,2170,1,D,BR,XC,D
10:51:30,MYOR,RG,2170,19,D,BR,SQ,D
10:49:44,MYOR,RG,2160,3,D,CC,TF,D
10:47:56,MYOR,RG,2170,1,D,XC,SQ,D
10:47:40,MYOR,RG,2170,15,D,PD,SQ,D
10:46:46,MYOR,RG,2160,15,D,CC,PD,D
10:45:23,MYOR,RG,2170,1,D,YP,SQ,D
10:44:53,MYOR,RG,2170,4,D,YJ,SQ,D
10:44:46,MYOR,RG,2170,4,D,YP,SQ,D
10:44:09,MYOR,RG,2170,2,D,PD,SQ,D
10:43:48,MYOR,RG,2170,4,D,YP,SQ,D
10:43:48,MYOR,RG,2170,1,D,YP,SQ,D
10:43:18,MYOR,RG,2170,1,D,PD,SQ,D
10:41:52,MYOR,RG,2170,48,D,YP,SQ,D
10:41:52,MYOR,RG,2170,110,D,YP,BK,F
10:41:52,MYOR,RG,2170,81,D,YP,CC,F
10:41:49,MYOR,RG,2170,1,D,YP,CC,F
10:41:12,MYOR,RG,2170,3,D,PD,CC,F
10:41:12,MYOR,RG,2170,2,D,PD,XC,D
10:41:01,MYOR,RG,2160,1,D,CC,PD,D
10:40:05,MYOR,RG,2170,37,D,YP,KK,D
10:40:05,MYOR,RG,2170,5,D,YP,PD,D
10:40:05,MYOR,RG,2170,50,D,YP,SQ,D
10:40:05,MYOR,RG,2170,10,D,YP,XC,D
10:40:05,MYOR,RG,2170,14,D,YP,BK,F
10:40:05,MYOR,RG,2170,18,D,YP,XC,D
10:40:05,MYOR,RG,2170,29,D,YP,NI,D
10:40:05,MYOR,RG,2170,5,D,YP,KK,D
10:40:05,MYOR,RG,2170,50,D,YP,SQ,D
10:40:05,MYOR,RG,2170,5,D,YP,PD,D
10:40:05,MYOR,RG,2170,5,D,YP,PD,D
10:40:05,MYOR,RG,2170,10,D,YP,YP,D
10:40:05,MYOR,RG,2170,6,D,YP,XC,D
10:40:05,MYOR,RG,2170,1,D,YP,XC,D
10:40:05,MYOR,RG,2170,1,D,YP,SQ,D
10:40:05,MYOR,RG,2170,155,D,YP,KZ,F
10:39:36,MYOR,RG,2160,119,D,CC,KZ,F
10:39:36,MYOR,RG,2160,10,D,NI,KZ,F
10:39:36,MYOR,RG,2160,5,D,GR,KZ,F
10:39:36,MYOR,RG,2160,1,D,YP,KZ,F
10:39:36,MYOR,RG,2160,23,D,OD,KZ,F
10:39:36,MYOR,RG,2160,1,D,YP,KZ,F
10:39:36,MYOR,RG,2160,3,D,PD,KZ,F
10:39:36,MYOR,RG,2160,20,D,CC,KZ,F
10:37:46,MYOR,RG,2170,1,D,IF,KZ,F
10:34:20,MYOR,RG,2160,1,D,PD,NI,D
10:32:58,MYOR,RG,2160,1,D,PD,EP,D
10:29:51,MYOR,RG,2160,1,D,PD,SQ,D
10:29:51,MYOR,RG,2160,1,D,XL,SQ,D
10:29:51,MYOR,RG,2160,1,D,NI,SQ,D
10:29:51,MYOR,RG,2160,2,D,PD,SQ,D
10:29:51,MYOR,RG,2160,2,D,YP,SQ,D
10:29:51,MYOR,RG,2160,7,D,PD,SQ,D
10:29:51,MYOR,RG,2160,2,D,PD,SQ,D
10:29:51,MYOR,RG,2160,1,D,PD,SQ,D
10:29:51,MYOR,RG,2160,1,D,XC,SQ,D
10:29:51,MYOR,RG,2160,10,D,DR,SQ,D
10:29:51,MYOR,RG,2160,1,D,NI,SQ,D
10:29:51,MYOR,RG,2160,1,D,XC,SQ,D
10:29:51,MYOR,RG,2160,20,D,SQ,SQ,D
10:29:32,MYOR,RG,2160,1,D,YP,XC,D
10:29:32,MYOR,RG,2160,1,D,XC,XC,D
10:29:22,MYOR,RG,2170,5,D,PD,KZ,F
10:29:07,MYOR,RG,2160,18,D,YP,XA,D
10:29:07,MYOR,RG,2160,30,D,CC,XA,D
10:29:07,MYOR,RG,2160,1,D,PD,XA,D
10:29:07,MYOR,RG,2160,1,D,XC,XA,D
10:29:07,MYOR,RG,2160,4,D,PD,XA,D
10:29:07,MYOR,RG,2160,4,D,YP,XA,D
10:29:07,MYOR,RG,2160,1,D,YP,XA,D
10:29:07,MYOR,RG,2160,3,D,XC,XA,D
10:29:07,MYOR,RG,2160,1,D,PD,XA,D
10:29:07,MYOR,RG,2160,10,D,XL,XA,D
10:29:07,MYOR,RG,2160,1,D,XC,XA,D
10:29:07,MYOR,RG,2160,100,D,PD,XA,D
10:29:07,MYOR,RG,2160,4,D,PD,XA,D
10:29:07,MYOR,RG,2160,5,D,YP,XA,D
10:29:07,MYOR,RG,2160,1,D,YP,XA,D
10:29:07,MYOR,RG,2160,1,D,XC,XA,D
10:29:07,MYOR,RG,2160,3,D,XC,XA,D
10:29:07,MYOR,RG,2160,1,D,PD,XA,D
10:29:07,MYOR,RG,2160,1,D,CC,XA,D
10:29:07,MYOR,RG,2160,2,D,XC,XA,D
10:29:07,MYOR,RG,2160,2,D,XL,XA,D
10:29:07,MYOR,RG,2160,97,D,YP,XA,D
10:29:07,MYOR,RG,2160,1,D,PD,XA,D
10:29:07,MYOR,RG,2160,1,D,NI,XA,D
10:29:07,MYOR,RG,2160,7,D,EP,XA,D
10:29:01,MYOR,RG,2170,4,D,NI,KZ,F
10:28:16,MYOR,RG,2160,3,D,EP,KZ,F
10:28:16,MYOR,RG,2160,3,D,KK,KZ,F
10:28:16,MYOR,RG,2160,20,D,YP,KZ,F
10:28:16,MYOR,RG,2160,93,D,XL,KZ,F
10:28:10,MYOR,RG,2160,9,D,XL,YP,D
10:28:10,MYOR,RG,2160,5,D,YP,YP,D
10:28:10,MYOR,RG,2160,5,D,EP,YP,D
10:28:10,MYOR,RG,2160,13,D,PD,YP,D
10:28:10,MYOR,RG,2160,2,D,YP,YP,D
10:28:10,MYOR,RG,2160,2,D,AZ,YP,D
10:28:10,MYOR,RG,2160,1,D,DH,YP,D
10:28:10,MYOR,RG,2160,5,D,NI,YP,D
10:28:10,MYOR,RG,2160,3,D,CC,YP,D
10:26:10,MYOR,RG,2160,2,D,CC,PD,D
10:26:10,MYOR,RG,2160,2,D,CC,PD,D
10:26:10,MYOR,RG,2160,1,D,NI,PD,D
10:26:00,MYOR,RG,2170,36,D,AT,BK,D
10:25:42,MYOR,RG,2170,2,D,XC,BK,D
10:25:24,MYOR,RG,2170,2,D,PD,BK,D
10:25:22,MYOR,RG,2170,1,D,EP,BK,D
10:25:13,MYOR,RG,2170,9,D,EP,BK,D
10:24:22,MYOR,RG,2170,1,D,PD,BK,D
10:23:09,MYOR,RG,2170,1,D,PD,BK,D
10:21:09,MYOR,RG,2160,2,D,XA,XC,D
10:21:09,MYOR,RG,2160,4,D,LG,XC,D
10:21:09,MYOR,RG,2160,1,D,SQ,XC,D
10:18:03,MYOR,RG,2170,5,D,PD,BK,D
10:16:37,MYOR,RG,2170,2,D,PD,BK,D
10:16:30,MYOR,RG,2170,1,D,NI,BK,D
10:16:24,MYOR,RG,2160,1,D,YP,SQ,D
10:16:24,MYOR,RG,2160,5,D,CC,SQ,D
10:16:24,MYOR,RG,2160,1,D,XC,SQ,D
10:16:24,MYOR,RG,2160,1,D,XC,SQ,D
10:16:24,MYOR,RG,2160,1,D,XC,SQ,D
10:16:24,MYOR,RG,2160,1,D,PD,SQ,D
10:16:24,MYOR,RG,2160,10,D,YP,SQ,D
10:16:24,MYOR,RG,2160,11,D,PD,SQ,D
10:16:24,MYOR,RG,2160,10,D,CC,SQ,D
10:16:24,MYOR,RG,2160,5,D,NI,SQ,D
10:16:24,MYOR,RG,2160,1,D,XC,SQ,D
10:16:24,MYOR,RG,2160,2,D,NI,SQ,D
10:16:24,MYOR,RG,2160,1,D,XC,SQ,D
10:16:24,MYOR,RG,2160,20,D,PD,SQ,D
10:16:16,MYOR,RG,2170,1,D,PD,BK,D
10:16:14,MYOR,RG,2160,1,D,PD,PD,D
10:15:21,MYOR,RG,2160,1,D,PD,KZ,F
10:15:21,MYOR,RG,2160,2,D,XC,KZ,F
10:15:21,MYOR,RG,2160,1,D,XC,KZ,F
10:15:21,MYOR,RG,2160,1,D,XC,KZ,F
10:15:21,MYOR,RG,2160,99,D,DR,KZ,F
10:15:18,MYOR,RG,2170,1,D,XC,BK,D
10:15:18,MYOR,RG,2170,1,D,XC,XC,D
10:15:07,MYOR,RG,2170,1,D,XC,XC,D
10:15:07,MYOR,RG,2170,29,D,XC,BK,F
10:14:20,MYOR,RG,2160,101,D,DR,CC,D
10:14:20,MYOR,RG,2160,1,D,XL,CC,D
10:14:20,MYOR,RG,2160,1,D,YP,CC,D
10:14:20,MYOR,RG,2160,5,D,PD,CC,D
10:14:20,MYOR,RG,2160,1,D,DR,CC,D
10:14:20,MYOR,RG,2160,1,D,NI,CC,D
10:14:20,MYOR,RG,2160,2,D,YP,CC,D
10:14:20,MYOR,RG,2160,1,D,YP,CC,D
10:14:20,MYOR,RG,2160,4,D,YP,CC,D
10:14:20,MYOR,RG,2160,4,D,PD,CC,D
10:14:20,MYOR,RG,2160,6,D,NI,CC,D
10:14:20,MYOR,RG,2160,3,D,XC,CC,D
10:14:20,MYOR,RG,2160,1,D,KK,CC,D
10:14:20,MYOR,RG,2160,3,D,PD,CC,D
10:14:20,MYOR,RG,2160,2,D,YP,CC,D
10:14:20,MYOR,RG,2160,8,D,XC,CC,D
10:14:20,MYOR,RG,2160,56,D,CC,CC,D
10:13:25,MYOR,RG,2160,10,D,CC,PD,D
10:13:24,MYOR,RG,2170,1,D,YP,BK,F
10:12:08,MYOR,RG,2160,10,D,CC,SQ,D
10:09:03,MYOR,RG,2170,4,D,PD,BK,F
10:08:33,MYOR,RG,2160,50,D,CC,SQ,D
10:06:09,MYOR,RG,2170,2,D,PD,BK,F
10:05:25,MYOR,RG,2170,1,D,XC,BK,F
10:04:53,MYOR,RG,2170,1,D,PD,BK,F
10:03:49,MYOR,RG,2170,1,D,XC,BK,F
10:03:21,MYOR,RG,2160,74,D,CC,KZ,F
10:03:21,MYOR,RG,2160,2,D,PD,KZ,F
10:03:21,MYOR,RG,2160,2,D,PD,KZ,F
10:03:21,MYOR,RG,2160,2,D,NI,KZ,F
10:03:21,MYOR,RG,2160,45,D,GR,KZ,F
10:02:56,MYOR,RG,2160,3,D,GR,XC,D
10:02:22,MYOR,RG,2160,2,D,GR,SQ,D
10:02:22,MYOR,RG,2160,5,D,CC,SQ,D
10:02:22,MYOR,RG,2160,1,D,YP,SQ,D
10:02:22,MYOR,RG,2160,3,D,AZ,SQ,D
10:02:22,MYOR,RG,2160,1,D,XC,SQ,D
10:02:22,MYOR,RG,2160,5,D,XC,SQ,D
10:02:22,MYOR,RG,2160,2,F,OD,SQ,D
10:02:22,MYOR,RG,2160,5,D,CC,SQ,D
10:02:22,MYOR,RG,2160,4,D,XL,SQ,D
10:01:58,MYOR,RG,2170,1,D,EP,BK,F
10:01:26,MYOR,RG,2160,3,D,XL,YP,D
9:59:15,MYOR,RG,2160,5,D,XL,XL,D
9:59:15,MYOR,RG,2160,5,D,NI,XL,D
9:58:50,MYOR,RG,2170,1,D,EP,BK,F
9:58:09,MYOR,RG,2170,1,D,PD,BK,F
9:58:01,MYOR,RG,2170,10,D,YP,BK,F
9:57:37,MYOR,RG,2170,2,D,NI,BK,F
9:56:20,MYOR,RG,2170,1,D,YP,BK,F
9:55:46,MYOR,RG,2160,5,D,NI,DH,D
9:55:46,MYOR,RG,2160,5,D,YP,DH,D
9:55:46,MYOR,RG,2160,1,D,XC,DH,D
9:55:46,MYOR,RG,2160,1,D,CC,DH,D
9:55:46,MYOR,RG,2160,9,D,YP,DH,D
9:54:27,MYOR,RG,2170,5,D,CC,BK,F
9:52:14,MYOR,RG,2160,1,D,YP,XC,D
9:52:14,MYOR,RG,2160,1,D,PD,XC,D
9:52:13,MYOR,RG,2170,9,D,PD,BK,F
9:52:02,MYOR,RG,2160,5,D,EP,XC,D
9:52:02,MYOR,RG,2160,5,F,YP,XC,D
9:51:54,MYOR,RG,2170,1,D,PD,BK,F
9:51:16,MYOR,RG,2160,15,F,YP,KZ,F
9:51:16,MYOR,RG,2160,5,D,YP,KZ,F
9:51:16,MYOR,RG,2160,1,D,NI,KZ,F
9:51:16,MYOR,RG,2160,1,D,NI,KZ,F
9:51:16,MYOR,RG,2160,1,D,XC,KZ,F
9:51:16,MYOR,RG,2160,47,D,DX,KZ,F
9:51:16,MYOR,RG,2160,1,D,PD,KZ,F
9:51:16,MYOR,RG,2160,12,D,CC,KZ,F
9:51:16,MYOR,RG,2160,1,D,PD,KZ,F
9:51:16,MYOR,RG,2160,5,D,XC,KZ,F
9:51:16,MYOR,RG,2160,10,D,XC,KZ,F
9:51:16,MYOR,RG,2160,1,D,CC,KZ,F
9:51:16,MYOR,RG,2160,1,D,PD,KZ,F
9:51:16,MYOR,RG,2160,1,D,XC,KZ,F
9:51:16,MYOR,RG,2160,2,D,KK,KZ,F
9:51:16,MYOR,RG,2160,20,D,PD,KZ,F
9:51:16,MYOR,RG,2160,20,D,PD,KZ,F
9:51:16,MYOR,RG,2160,15,D,KK,KZ,F
9:51:16,MYOR,RG,2160,2,D,XC,KZ,F
9:51:16,MYOR,RG,2160,1,D,XC,KZ,F
9:51:16,MYOR,RG,2160,1,D,XC,KZ,F
9:51:16,MYOR,RG,2160,1,D,PD,KZ,F
9:49:07,MYOR,RG,2170,5,D,YP,BK,F
9:48:27,MYOR,RG,2160,1,D,PD,PD,D
9:48:21,MYOR,RG,2160,1,D,PD,PD,D
9:48:21,MYOR,RG,2160,2,D,PD,PD,D
9:48:21,MYOR,RG,2160,3,D,PD,PD,D
9:48:21,MYOR,RG,2160,1,D,PD,PD,D
9:48:21,MYOR,RG,2160,1,D,PD,PD,D
9:48:09,MYOR,RG,2160,1,D,PD,XC,D
9:47:40,MYOR,RG,2160,1,D,PD,XC,D
9:47:40,MYOR,RG,2160,5,D,PD,XC,D
9:46:26,MYOR,RG,2160,1,D,XC,XC,D
9:46:26,MYOR,RG,2160,1,D,KK,XC,D
9:46:26,MYOR,RG,2160,1,D,ZP,XC,D
9:46:26,MYOR,RG,2160,41,D,YU,XC,D
9:45:48,MYOR,RG,2160,5,D,YU,TP,D
9:45:11,MYOR,RG,2160,1,D,YU,YB,D
9:44:56,MYOR,RG,2160,12,D,YU,PD,D
9:43:55,MYOR,RG,2160,3,D,YU,YP,D
9:43:42,MYOR,RG,2160,20,D,YU,PD,D
9:43:25,MYOR,RG,2170,5,D,YP,BK,F
9:42:55,MYOR,RG,2170,1,D,XC,BK,F
9:40:44,MYOR,RG,2170,5,D,SQ,BK,F
9:40:44,MYOR,RG,2170,5,D,SQ,BK,D
9:40:43,MYOR,RG,2170,7,D,XC,BK,D
9:40:38,MYOR,RG,2170,44,D,XC,BK,D
9:40:04,MYOR,RG,2170,1,D,KK,BK,D
9:39:05,MYOR,RG,2170,11,D,XC,BK,D
9:39:04,MYOR,RG,2160,1,D,YU,XC,D
9:38:47,MYOR,RG,2170,1,D,PD,BK,D
9:38:47,MYOR,RG,2170,1,D,XC,BK,D
9:38:47,MYOR,RG,2170,1,D,PD,BK,D
9:38:18,MYOR,RG,2170,1,D,YP,BK,D
9:38:04,MYOR,RG,2170,1,D,XC,BK,D
9:37:14,MYOR,RG,2160,17,D,YU,YP,D
9:37:14,MYOR,RG,2160,18,D,ZP,YP,D
9:37:07,MYOR,RG,2170,1,D,NI,BK,D
9:36:47,MYOR,RG,2170,30,D,CC,BK,D
9:35:56,MYOR,RG,2160,4,D,ZP,YP,D
9:35:56,MYOR,RG,2160,3,D,ZP,KK,D
9:34:59,MYOR,RG,2170,10,D,PD,BK,D
9:34:01,MYOR,RG,2170,5,D,PD,BK,D
9:33:55,MYOR,RG,2170,2,D,XC,BK,D
9:33:28,MYOR,RG,2170,5,D,PD,BK,D
9:33:28,MYOR,RG,2170,20,D,YP,BK,D
9:33:28,MYOR,RG,2170,5,D,YP,BK,D
9:33:28,MYOR,RG,2170,2,D,KK,BK,D
9:33:28,MYOR,RG,2170,30,D,KK,BK,D
9:33:28,MYOR,RG,2170,1,D,PD,BK,D
9:33:28,MYOR,RG,2170,30,D,PD,BK,D
9:33:28,MYOR,RG,2170,5,D,PD,BK,D
9:33:28,MYOR,RG,2170,20,D,PD,BK,D
9:33:28,MYOR,RG,2170,1,D,YP,BK,D
9:33:28,MYOR,RG,2170,10,D,CC,BK,D
9:33:28,MYOR,RG,2170,3,D,SQ,BK,D
9:33:28,MYOR,RG,2170,5,D,PD,BK,D
9:33:28,MYOR,RG,2170,1,D,YP,BK,D
9:33:28,MYOR,RG,2170,1,D,YP,BK,D
9:33:28,MYOR,RG,2170,1,D,DH,BK,D
9:33:28,MYOR,RG,2170,2,D,PD,BK,D
9:33:28,MYOR,RG,2170,2,D,PD,BK,D
9:33:28,MYOR,RG,2170,50,D,PD,BK,D
9:33:28,MYOR,RG,2170,30,D,YP,BK,D
9:33:24,MYOR,RG,2180,7,D,XC,SQ,F
9:33:24,MYOR,RG,2180,1,D,PD,SQ,F
9:33:24,MYOR,RG,2180,5,D,YP,SQ,F
9:33:24,MYOR,RG,2180,1,D,XC,SQ,F
9:33:24,MYOR,RG,2180,20,D,GR,SQ,F
9:33:24,MYOR,RG,2180,1,D,KK,SQ,F
9:33:24,MYOR,RG,2180,2,D,AT,SQ,F
9:33:24,MYOR,RG,2180,1,D,CC,SQ,F
9:33:24,MYOR,RG,2180,6,D,PD,SQ,F
9:33:24,MYOR,RG,2180,1,D,PD,SQ,F
9:33:24,MYOR,RG,2180,1597,D,SQ,SQ,F
9:31:30,MYOR,RG,2180,1,D,SQ,XC,D
9:31:16,MYOR,RG,2190,1,D,EP,OK,D
9:31:09,MYOR,RG,2190,2,D,OD,OK,D
9:29:59,MYOR,RG,2190,9,D,PD,OK,D
9:28:45,MYOR,RG,2190,5,D,XA,OK,D
9:28:14,MYOR,RG,2190,1,D,PD,OK,D
9:27:43,MYOR,RG,2190,5,D,YP,OK,D
9:27:38,MYOR,RG,2180,1,D,SQ,PD,D
9:27:09,MYOR,RG,2180,45,D,SQ,NI,D
9:27:03,MYOR,RG,2180,1,D,SQ,SQ,D
9:27:03,MYOR,RG,2180,30,D,SQ,PD,D
9:27:03,MYOR,RG,2180,56,D,SQ,BK,D
9:26:09,MYOR,RG,2180,10,D,NI,BK,D
9:25:42,MYOR,RG,2180,1,D,YP,BK,D
9:25:19,MYOR,RG,2170,63,D,SQ,BK,D
9:25:16,MYOR,RG,2180,30,D,EP,BK,D
9:25:16,MYOR,RG,2180,154,D,EP,KZ,F
9:25:16,MYOR,RG,2180,13,D,EP,XC,D
9:25:16,MYOR,RG,2180,3,D,EP,PD,D
9:25:00,MYOR,RG,2180,22,D,PD,PD,D
9:25:00,MYOR,RG,2180,29,D,PD,KZ,F
9:25:00,MYOR,RG,2180,10,D,PD,CC,D
9:25:00,MYOR,RG,2180,39,D,PD,BK,D
9:24:43,MYOR,RG,2180,20,D,CC,BK,D
9:23:41,MYOR,RG,2180,2,D,DH,BK,D
9:23:41,MYOR,RG,2180,1,D,DH,PD,D
9:23:41,MYOR,RG,2180,5,D,DH,PD,D
9:23:08,MYOR,RG,2170,101,D,SQ,BK,D
9:23:08,MYOR,RG,2170,2,D,SQ,XC,D
9:23:08,MYOR,RG,2170,1,D,SQ,XC,D
9:23:08,MYOR,RG,2170,1,D,SQ,KK,D
9:23:08,MYOR,RG,2170,1,D,SQ,XC,D
9:23:08,MYOR,RG,2170,4,D,SQ,PD,D
9:23:08,MYOR,RG,2170,96,D,SQ,KZ,F
9:23:04,MYOR,RG,2170,2,D,PD,KZ,F
9:22:24,MYOR,RG,2170,3,D,YB,KZ,F
9:22:11,MYOR,RG,2170,62,F,BK,KZ,F
9:22:11,MYOR,RG,2170,21,F,BK,YP,D
9:22:11,MYOR,RG,2170,1,F,BK,SQ,D
9:22:11,MYOR,RG,2170,16,F,BK,BK,D
9:22:10,MYOR,RG,2170,10,D,YP,BK,D
9:21:20,MYOR,RG,2170,1,D,SQ,BK,D
9:21:17,MYOR,RG,2170,1,D,PD,BK,D
9:20:56,MYOR,RG,2170,10,D,NI,BK,D
9:20:28,MYOR,RG,2170,3,D,KK,BK,D
9:19:31,MYOR,RG,2170,21,D,EP,BK,D
9:19:31,MYOR,RG,2170,4,D,EP,DH,D
9:19:23,MYOR,RG,2170,20,D,PD,DH,D
9:19:23,MYOR,RG,2170,4,D,XC,DH,D
9:19:17,MYOR,RG,2170,5,D,DR,DH,D
9:19:09,MYOR,RG,2170,1,D,BB,DH,D
9:19:08,MYOR,RG,2170,2,D,BB,DH,D
9:19:07,MYOR,RG,2170,15,D,PD,DH,D
9:19:05,MYOR,RG,2170,3,D,NI,DH,D
9:19:05,MYOR,RG,2170,1,D,XL,DH,D
9:18:38,MYOR,RG,2170,2,D,BB,DH,D
9:18:38,MYOR,RG,2170,1,D,KK,DH,D
9:18:18,MYOR,RG,2170,4,D,XC,DH,D
9:17:47,MYOR,RG,2170,1,D,XC,DH,D
9:17:36,MYOR,RG,2170,4,D,BB,DH,D
9:17:35,MYOR,RG,2170,8,D,XL,DH,D
9:17:17,MYOR,RG,2170,2,D,BB,DH,D
9:17:01,MYOR,RG,2170,5,D,PD,DH,D
9:16:08,MYOR,RG,2170,1,D,BB,DH,D
9:16:00,MYOR,RG,2170,2,D,XC,DH,D
9:15:56,MYOR,RG,2170,2,D,BB,DH,D
9:15:50,MYOR,RG,2170,5,D,CC,DH,D
9:15:42,MYOR,RG,2170,1,D,XC,DH,D
9:14:40,MYOR,RG,2170,1,D,BB,DH,D
9:14:32,MYOR,RG,2170,3,D,YP,DH,D
9:14:27,MYOR,RG,2170,1,D,BB,DH,D
9:13:54,MYOR,RG,2170,1,D,XC,DH,D
9:13:52,MYOR,RG,2170,1,D,CC,DH,D
9:13:49,MYOR,RG,2170,1,D,BB,CC,F
9:13:35,MYOR,RG,2170,2,D,BB,CC,F
9:13:34,MYOR,RG,2170,1,D,PD,CC,F
9:13:32,MYOR,RG,2170,5,D,YB,CC,F
9:12:14,MYOR,RG,2170,9,D,BB,CC,F
9:12:13,MYOR,RG,2170,1,D,NI,CC,F
9:12:12,MYOR,RG,2170,20,D,PD,CC,F
9:11:37,MYOR,RG,2170,4,D,BB,CC,F
9:11:37,MYOR,RG,2170,1,D,BB,CC,F
9:11:36,MYOR,RG,2170,10,D,PD,CC,F
9:11:26,MYOR,RG,2170,1,D,PD,CC,F
9:11:14,MYOR,RG,2170,1,D,NI,CC,F
9:10:21,MYOR,RG,2170,5,D,BB,BK,D
9:10:20,MYOR,RG,2170,1,D,BB,BK,D
9:10:19,MYOR,RG,2170,12,D,PD,BK,D
9:10:08,MYOR,RG,2170,3,D,BB,BK,D
9:10:07,MYOR,RG,2170,1,D,BB,BK,D
9:10:07,MYOR,RG,2170,10,D,PD,BK,D
9:09:43,MYOR,RG,2170,4,D,BB,BK,D
9:09:43,MYOR,RG,2170,1,D,PD,BK,D
9:09:28,MYOR,RG,2170,10,D,YP,BK,D
9:09:01,MYOR,RG,2170,1,D,BB,BK,D
9:08:59,MYOR,RG,2170,1,D,XL,BK,D
9:08:57,MYOR,RG,2170,12,D,BB,BK,D
9:08:50,MYOR,RG,2180,222,D,BB,HP,D
9:08:49,MYOR,RG,2170,28,D,BB,BK,D
9:08:49,MYOR,RG,2170,26,D,PD,BK,D
9:08:49,MYOR,RG,2170,5,D,YB,BK,D
9:08:49,MYOR,RG,2170,2,D,BB,BK,D
9:08:49,MYOR,RG,2170,5,D,NI,BK,D
9:08:49,MYOR,RG,2170,47,D,AZ,BK,D
9:08:49,MYOR,RG,2170,23,D,XC,BK,D
9:08:49,MYOR,RG,2170,10,D,XC,BK,D
9:08:45,MYOR,RG,2180,35,D,ZP,HP,D
9:08:45,MYOR,RG,2180,38,D,ZP,BK,D
9:08:45,MYOR,RG,2180,1,D,ZP,SQ,D
9:08:45,MYOR,RG,2180,2,D,ZP,KZ,F
9:08:45,MYOR,RG,2180,424,D,ZP,YP,D
9:07:38,MYOR,RG,2180,1,D,SQ,YP,D
9:07:33,MYOR,RG,2180,5,D,BB,YP,D
9:07:17,MYOR,RG,2170,10,D,XC,BK,D
9:07:17,MYOR,RG,2170,1,D,YP,BK,D
9:07:17,MYOR,RG,2180,1,D,BB,YP,D
9:07:16,MYOR,RG,2180,1,D,SQ,YP,D
9:06:52,MYOR,RG,2180,2,D,XL,YP,D
9:06:36,MYOR,RG,2170,1,D,YP,SQ,D
9:06:19,MYOR,RG,2180,4,D,BB,YP,D
9:06:13,MYOR,RG,2170,3,D,YP,BK,D
9:06:13,MYOR,RG,2170,4,D,NI,BK,D
9:06:13,MYOR,RG,2180,2,D,BB,YP,D
9:06:12,MYOR,RG,2180,2,D,XL,YP,D
9:06:10,MYOR,RG,2180,3,D,BB,YP,D
9:06:09,MYOR,RG,2180,5,D,BB,YP,D
9:06:08,MYOR,RG,2170,1,D,NI,BK,D
9:06:08,MYOR,RG,2170,10,D,NI,BK,D
9:06:04,MYOR,RG,2180,17,D,BB,YP,D
9:06:03,MYOR,RG,2170,9,D,XC,BK,D
9:06:03,MYOR,RG,2170,2,D,XC,BK,D
9:06:02,MYOR,RG,2180,8,D,PD,YP,D
9:06:02,MYOR,RG,2180,4,D,PD,KZ,F
9:06:02,MYOR,RG,2180,11,D,PD,KZ,F
9:06:02,MYOR,RG,2180,17,D,PD,KZ,F
9:05:58,MYOR,RG,2180,6,D,BB,KZ,F
9:05:56,MYOR,RG,2170,3,D,XC,PD,D
9:05:56,MYOR,RG,2170,5,D,XC,PD,D
9:05:56,MYOR,RG,2170,5,D,XC,PD,D
9:05:56,MYOR,RG,2170,1,D,EP,PD,D
9:05:54,MYOR,RG,2180,1,D,XL,KZ,F
9:05:44,MYOR,RG,2180,1,D,BB,KZ,F
9:05:40,MYOR,RG,2180,1,D,DR,BK,D
9:05:17,MYOR,RG,2180,4,D,BB,BK,D
9:05:15,MYOR,RG,2180,9,D,CC,BK,D
9:05:15,MYOR,RG,2180,1,D,CC,KZ,F
9:04:11,MYOR,RG,2180,4,D,BB,KZ,F
9:04:10,MYOR,RG,2180,1,D,BB,KZ,F
9:04:09,MYOR,RG,2170,2,D,KK,BK,D
9:04:09,MYOR,RG,2170,7,D,PD,BK,D
9:04:07,MYOR,RG,2180,2,D,XC,KZ,F
9:03:33,MYOR,RG,2180,1,D,PD,KZ,F
9:02:59,MYOR,RG,2180,1,D,BB,KZ,F
9:02:57,MYOR,RG,2170,2,D,PD,PD,D
9:02:49,MYOR,RG,2180,3,D,BB,KZ,F
9:02:45,MYOR,RG,2170,3,D,PD,BK,D
9:02:45,MYOR,RG,2170,2,D,XC,BK,D
9:02:45,MYOR,RG,2170,1,D,DH,BK,D
9:02:44,MYOR,RG,2180,1,D,BB,KZ,F
9:02:42,MYOR,RG,2180,4,D,XC,KZ,F
9:02:33,MYOR,RG,2180,2,D,BB,KZ,F
9:02:30,MYOR,RG,2180,3,D,XC,KZ,F
9:02:25,MYOR,RG,2180,2,D,PD,KZ,F
9:02:18,MYOR,RG,2180,6,D,BB,KZ,F
9:02:00,MYOR,RG,2170,2,D,XC,BK,D
9:02:00,MYOR,RG,2170,5,D,CC,BK,D
9:02:00,MYOR,RG,2170,1,D,XC,BK,D
9:01:56,MYOR,RG,2180,15,D,PD,KZ,F
9:01:24,MYOR,RG,2170,1,D,XC,BK,D
9:01:24,MYOR,RG,2170,3,D,PD,BK,D
9:01:24,MYOR,RG,2170,1,D,PD,BK,D
9:01:24,MYOR,RG,2170,2,D,PD,BK,D
9:01:21,MYOR,RG,2170,1,D,PD,PD,D
9:01:21,MYOR,RG,2170,1,D,EP,PD,D
9:01:21,MYOR,RG,2170,1,D,PD,PD,D
9:01:21,MYOR,RG,2170,1,D,PD,PD,D
9:01:21,MYOR,RG,2170,1,D,PD,PD,D
9:01:21,MYOR,RG,2170,5,D,PD,PD,D
9:01:19,MYOR,RG,2180,3,D,YP,KZ,F
9:01:16,MYOR,RG,2170,5,D,PD,YP,D
9:01:02,MYOR,RG,2180,1,D,XC,KZ,F
9:00:55,MYOR,RG,2180,3,D,XC,KZ,F
9:00:46,MYOR,RG,2170,4,D,XL,BK,D
9:00:46,MYOR,RG,2170,6,D,BB,BK,D
9:00:41,MYOR,RG,2170,22,D,BB,BK,D
9:00:41,MYOR,RG,2170,2,D,PD,BK,D
9:00:41,MYOR,RG,2170,1,D,KK,BK,D
9:00:41,MYOR,RG,2170,1,D,XC,BK,D
9:00:41,MYOR,RG,2170,1,D,CC,BK,D
9:00:41,MYOR,RG,2170,1,D,XC,BK,D
9:00:38,MYOR,RG,2180,71,D,BB,KZ,F
9:00:38,MYOR,RG,2180,12,D,BB,BK,D
9:00:36,MYOR,RG,2180,1,D,PD,BK,D
9:00:25,MYOR,RG,2180,12,D,BB,CC,D
9:00:23,MYOR,RG,2170,1,D,XC,BK,D
9:00:23,MYOR,RG,2170,1,D,CC,BK,D
9:00:23,MYOR,RG,2170,4,D,XC,BK,D
9:00:23,MYOR,RG,2170,17,D,YU,BK,D
9:00:14,MYOR,RG,2180,1,D,BB,CC,D
9:00:11,MYOR,RG,2180,14,D,PD,CC,D
9:00:11,MYOR,RG,2180,2,D,PD,PD,D
9:00:11,MYOR,RG,2180,1,D,PD,DH,D
9:00:11,MYOR,RG,2180,3,D,PD,PD,D
9:00:07,MYOR,RG,2170,83,D,YU,CC,D
9:00:07,MYOR,RG,2170,91,D,RG,CC,D
9:00:05,MYOR,RG,2170,2,D,RG,XC,D
9:00:05,MYOR,RG,2170,1,D,RG,XL,D
9:00:05,MYOR,RG,2170,3,D,RG,PD,D
9:00:04,MYOR,RG,2170,1,D,RG,PD,D
9:00:04,MYOR,RG,2170,1,D,RG,XL,D
9:00:03,MYOR,RG,2170,1,D,RG,XL,D