Time,Stock,Brd,Price,Qty,BT,BC,SC,ST
15:08:11,MYOR,RG,2360,22,D,PD,OD,D
15:05:21,MYOR,RG,2360,15,D,PD,CC,D
15:05:00,MYOR,RG,2360,5,D,PD,EP,D
15:00:00,MYOR,RG,2360,1,D,PD,NI,D
15:00:00,MYOR,RG,2360,20,D,PD,RX,F
15:00:00,MYOR,RG,2360,144,D,PD,RX,F
15:00:00,MYOR,RG,2360,5,D,PD,RX,F
15:00:00,MYOR,RG,2360,10,D,YP,RX,F
15:00:00,MYOR,RG,2360,2,D,YP,RX,F
15:00:00,MYOR,RG,2360,1,D,PD,RX,F
15:00:00,MYOR,RG,2360,7,D,CC,RX,F
15:00:00,MYOR,RG,2360,1,D,XL,RX,F
15:00:00,MYOR,RG,2360,1,D,PD,RX,F
15:00:00,MYOR,RG,2360,1,D,KK,RX,F
15:00:00,MYOR,RG,2360,33,D,XL,RX,F
15:00:00,MYOR,RG,2360,2,D,PD,RX,F
15:00:00,MYOR,RG,2360,3,D,XA,RX,F
15:00:00,MYOR,RG,2360,26,F,ZP,RX,F
15:00:00,MYOR,RG,2360,44,F,ZP,RX,F
15:00:00,MYOR,RG,2360,10,F,ZP,XC,D
15:00:00,MYOR,RG,2360,120,F,ZP,YP,D
15:00:00,MYOR,RG,2360,30,F,ZP,SQ,D
15:00:00,MYOR,RG,2360,8,F,ZP,YP,D
15:00:00,MYOR,RG,2360,20,F,ZP,YP,D
15:00:00,MYOR,RG,2360,10,F,ZP,DR,D
15:00:00,MYOR,RG,2360,3,F,ZP,YP,D
15:00:00,MYOR,RG,2360,1,F,ZP,XC,D
15:00:00,MYOR,RG,2360,40,F,ZP,KK,D
15:00:00,MYOR,RG,2360,176,F,ZP,RX,F
15:00:00,MYOR,RG,2360,397,F,ZP,KZ,F
15:00:00,MYOR,RG,2360,137,F,ZP,RX,F
15:00:00,MYOR,RG,2360,4,F,ZP,RX,F
15:00:00,MYOR,RG,2360,1,F,ZP,RX,F
14:49:56,MYOR,RG,2350,4,D,SQ,RX,F
14:49:49,MYOR,RG,2360,40,D,NI,YP,D
14:49:14,MYOR,RG,2350,1,D,SQ,PC,D
14:49:14,MYOR,RG,2350,10,D,PD,PC,D
14:49:14,MYOR,RG,2350,1,D,XC,PC,D
14:49:14,MYOR,RG,2350,2,D,XC,PC,D
14:49:14,MYOR,RG,2350,1,D,NI,PC,D
14:49:14,MYOR,RG,2350,235,D,PD,PC,D
14:47:59,MYOR,RG,2350,54,D,PD,KZ,F
14:47:54,MYOR,RG,2350,1,D,PD,KZ,F
14:47:46,MYOR,RG,2350,4,D,PD,CS,D
14:47:35,MYOR,RG,2350,11,D,PD,CS,D
14:47:24,MYOR,RG,2350,2,D,PD,CS,D
14:47:24,MYOR,RG,2350,3,D,PD,CS,D
14:47:24,MYOR,RG,2350,4,D,PD,CS,D
14:47:14,MYOR,RG,2350,8,D,PD,CS,D
14:47:14,MYOR,RG,2350,1,D,PD,CS,D
14:47:14,MYOR,RG,2350,2,D,PD,CS,D
14:47:05,MYOR,RG,2350,4,D,PD,CS,D
14:47:05,MYOR,RG,2350,4,D,PD,CS,D
14:47:05,MYOR,RG,2350,3,D,PD,CS,D
14:46:47,MYOR,RG,2350,13,D,PD,CS,D
14:46:45,MYOR,RG,2350,2,D,PD,CS,D
14:46:45,MYOR,RG,2350,4,D,PD,CS,D
14:46:45,MYOR,RG,2350,7,D,PD,CS,D
14:46:45,MYOR,RG,2350,1,D,PD,CS,D
14:46:45,MYOR,RG,2350,4,D,PD,CS,D
14:46:45,MYOR,RG,2350,6,D,PD,CS,D
14:46:36,MYOR,RG,2350,44,D,PD,CS,D
14:46:35,MYOR,RG,2350,24,D,PD,CS,D
14:46:26,MYOR,RG,2350,34,D,PD,CS,D
14:46:25,MYOR,RG,2350,9,D,PD,CS,D
14:46:25,MYOR,RG,2350,4,D,PD,CS,D
14:46:25,MYOR,RG,2350,3,D,PD,CS,D
14:46:25,MYOR,RG,2350,8,D,PD,CS,D
14:46:25,MYOR,RG,2350,4,D,PD,CS,D
14:46:24,MYOR,RG,2350,25,D,PD,CS,D
14:46:15,MYOR,RG,2350,14,D,PD,CS,D
14:46:15,MYOR,RG,2350,13,D,PD,CS,D
14:46:15,MYOR,RG,2350,9,D,PD,CS,D
14:46:15,MYOR,RG,2350,6,D,PD,CS,D
14:46:15,MYOR,RG,2350,3,D,PD,CS,D
14:46:15,MYOR,RG,2350,7,D,PD,CS,D
14:46:15,MYOR,RG,2350,3,D,PD,CS,D
14:46:13,MYOR,RG,2350,32,D,PD,CS,D
14:46:05,MYOR,RG,2350,5,D,PD,CS,D
14:46:05,MYOR,RG,2350,2,D,PD,CS,D
14:46:05,MYOR,RG,2350,5,D,PD,CS,D
14:46:03,MYOR,RG,2350,5,D,PD,CS,D
14:45:54,MYOR,RG,2350,23,D,PD,CS,D
14:45:54,MYOR,RG,2350,1,D,PD,CS,D
14:45:54,MYOR,RG,2350,10,D,PD,CS,D
14:45:54,MYOR,RG,2350,11,D,PD,CS,D
14:45:53,MYOR,RG,2350,30,D,PD,CS,D
14:45:44,MYOR,RG,2350,25,D,PD,CS,D
14:45:39,MYOR,RG,2360,1,D,SQ,YP,D
14:45:34,MYOR,RG,2350,26,D,PD,CS,D
14:45:33,MYOR,RG,2350,21,D,PD,CS,D
14:45:24,MYOR,RG,2350,56,D,PD,CS,D
14:45:02,MYOR,RG,2350,37,D,PD,CS,D
14:44:50,MYOR,RG,2350,23,D,PD,PD,D
14:44:47,MYOR,RG,2350,3,D,PD,DH,D
14:44:19,MYOR,RG,2350,7,D,PD,CS,D
14:44:19,MYOR,RG,2350,4,D,PD,CS,D
14:44:19,MYOR,RG,2350,11,D,PD,CS,D
14:44:19,MYOR,RG,2350,1,D,PD,CS,D
14:44:19,MYOR,RG,2350,22,D,PD,CS,D
14:44:19,MYOR,RG,2350,17,D,PD,CS,D
14:44:19,MYOR,RG,2350,11,D,PD,CS,D
14:44:19,MYOR,RG,2350,9,D,PD,CS,D
14:44:19,MYOR,RG,2350,16,D,PD,CS,D
14:44:19,MYOR,RG,2350,7,D,PD,CS,D
14:44:19,MYOR,RG,2350,2,D,PD,CS,D
14:44:19,MYOR,RG,2350,1,D,PD,CS,D
14:44:19,MYOR,RG,2350,19,D,PD,CS,D
14:44:19,MYOR,RG,2350,9,D,PD,CS,D
14:44:19,MYOR,RG,2350,2,D,PD,CS,D
14:44:19,MYOR,RG,2350,3,D,PD,CS,D
14:44:19,MYOR,RG,2350,7,D,PD,CS,D
14:44:19,MYOR,RG,2350,15,D,PD,CS,D
14:44:19,MYOR,RG,2350,2,D,PD,CS,D
14:44:19,MYOR,RG,2350,102,D,PD,CS,D
14:44:19,MYOR,RG,2350,86,D,PD,RX,F
14:44:19,MYOR,RG,2350,12,D,PD,CS,D
14:44:19,MYOR,RG,2350,41,D,PD,KZ,F
14:44:19,MYOR,RG,2350,18,D,PD,KZ,F
14:44:19,MYOR,RG,2350,11,D,PD,KZ,F
14:44:00,MYOR,RG,2340,71,D,DX,CS,D
14:43:50,MYOR,RG,2350,1,D,RG,KZ,F
14:43:49,MYOR,RG,2340,18,D,DX,RX,F
14:43:43,MYOR,RG,2340,11,D,DX,ZP,F
14:43:40,MYOR,RG,2340,97,D,DX,CS,D
14:43:39,MYOR,RG,2340,1,D,DX,ZP,F
14:43:36,MYOR,RG,2350,10,D,KK,KZ,F
14:43:33,MYOR,RG,2340,45,D,DX,ZP,F
14:43:31,MYOR,RG,2350,322,D,KK,KZ,F
14:43:31,MYOR,RG,2350,9,D,KK,CS,D
14:43:31,MYOR,RG,2350,32,D,KK,CS,D
14:43:31,MYOR,RG,2350,20,D,KK,CS,D
14:43:31,MYOR,RG,2350,11,D,KK,CS,D
14:43:31,MYOR,RG,2350,6,D,KK,CS,D
14:43:04,MYOR,RG,2350,5,D,LS,CS,D
14:42:51,MYOR,RG,2340,5,D,DX,ZP,F
14:42:49,MYOR,RG,2340,166,D,DX,ZP,F
14:42:47,MYOR,RG,2340,1,D,DX,YP,D
14:42:46,MYOR,RG,2340,4,D,DX,YP,D
14:42:46,MYOR,RG,2340,5,D,DX,BQ,D
14:42:46,MYOR,RG,2340,42,D,DX,CC,D
14:42:45,MYOR,RG,2340,11,D,DX,CS,D
14:42:45,MYOR,RG,2350,25,F,ZP,CS,D
14:42:45,MYOR,RG,2350,6,D,CC,CS,D
14:42:45,MYOR,RG,2350,5,D,XC,CS,D
14:42:45,MYOR,RG,2350,1,D,PD,CS,D
14:42:45,MYOR,RG,2350,24,D,YP,CS,D
14:42:45,MYOR,RG,2350,15,D,YP,CS,D
14:42:44,MYOR,RG,2350,11,D,YP,RX,F
14:42:44,MYOR,RG,2350,2,D,DR,RX,F
14:42:44,MYOR,RG,2350,1,D,XC,RX,F
14:42:44,MYOR,RG,2350,5,D,YP,RX,F
14:42:44,MYOR,RG,2350,1,D,XC,RX,F
14:42:44,MYOR,RG,2350,7,F,ZP,RX,F
14:42:44,MYOR,RG,2350,10,D,SQ,RX,F
14:42:44,MYOR,RG,2350,20,D,YP,RX,F
14:42:44,MYOR,RG,2350,1,D,PD,RX,F
14:42:44,MYOR,RG,2350,2,D,PD,RX,F
14:42:44,MYOR,RG,2350,24,D,YP,RX,F
14:42:44,MYOR,RG,2350,1,D,XC,RX,F
14:42:44,MYOR,RG,2350,1,D,XC,RX,F
14:42:44,MYOR,RG,2350,1,D,XC,RX,F
14:42:44,MYOR,RG,2350,1,D,PD,RX,F
14:42:44,MYOR,RG,2350,1,D,XC,RX,F
14:42:44,MYOR,RG,2350,1,D,XC,RX,F
14:42:44,MYOR,RG,2350,1,D,XC,RX,F
14:42:44,MYOR,RG,2350,3,D,XC,RX,F
14:42:44,MYOR,RG,2350,100,D,PD,RX,F
14:42:44,MYOR,RG,2350,4,D,YP,RX,F
14:42:44,MYOR,RG,2350,1,D,PD,RX,F
14:42:44,MYOR,RG,2350,1,D,DH,RX,F
14:42:44,MYOR,RG,2350,3,D,PD,RX,F
14:42:44,MYOR,RG,2350,3,D,XA,RX,F
14:42:44,MYOR,RG,2350,1,D,DH,RX,F
14:42:44,MYOR,RG,2350,45,D,KK,RX,F
14:42:44,MYOR,RG,2350,2,D,YP,RX,F
14:42:44,MYOR,RG,2350,20,D,PD,RX,F
14:42:44,MYOR,RG,2350,1,D,SQ,RX,F
14:42:44,MYOR,RG,2350,15,D,PD,RX,F
14:42:44,MYOR,RG,2350,200,D,CC,RX,F
14:42:44,MYOR,RG,2350,20,D,XL,RX,F
14:42:44,MYOR,RG,2350,20,D,PD,RX,F
14:42:44,MYOR,RG,2350,1,D,CC,RX,F
14:42:44,MYOR,RG,2350,10,D,NI,RX,F
14:42:44,MYOR,RG,2350,5,D,PD,RX,F
14:42:44,MYOR,RG,2350,1,D,XC,RX,F
14:42:44,MYOR,RG,2350,50,D,PD,RX,F
14:42:44,MYOR,RG,2350,2,D,XC,RX,F
14:42:44,MYOR,RG,2350,22,D,YP,RX,F
14:42:44,MYOR,RG,2350,2,D,YP,RX,F
14:42:44,MYOR,RG,2350,1,D,PD,RX,F
14:42:44,MYOR,RG,2350,5,D,SQ,RX,F
14:42:44,MYOR,RG,2350,1,D,YJ,RX,F
14:42:44,MYOR,RG,2350,5,D,CC,RX,F
14:42:44,MYOR,RG,2350,6,D,KK,RX,F
14:42:44,MYOR,RG,2350,5,D,XC,RX,F
14:42:44,MYOR,RG,2350,20,D,PD,RX,F
14:42:44,MYOR,RG,2350,1,D,XC,RX,F
14:42:44,MYOR,RG,2350,1,D,PD,RX,F
14:42:44,MYOR,RG,2350,1,D,NI,RX,F
14:42:44,MYOR,RG,2350,50,D,GR,RX,F
14:42:44,MYOR,RG,2350,1,D,XC,RX,F
14:42:44,MYOR,RG,2350,5,D,LG,RX,F
14:42:44,MYOR,RG,2350,1,D,XC,RX,F
14:42:44,MYOR,RG,2350,10,D,XC,RX,F
14:42:44,MYOR,RG,2350,5,D,PD,RX,F
14:42:44,MYOR,RG,2350,7,D,XC,RX,F
14:42:44,MYOR,RG,2350,5,D,DH,RX,F
14:42:44,MYOR,RG,2350,1,D,PD,RX,F
14:42:44,MYOR,RG,2350,38,D,YP,RX,F
14:42:44,MYOR,RG,2350,1,D,XC,RX,F
14:42:44,MYOR,RG,2350,5,D,XC,RX,F
14:42:44,MYOR,RG,2350,1,D,XL,RX,F
14:42:44,MYOR,RG,2350,1,D,ZP,RX,F
14:42:44,MYOR,RG,2350,5,D,PD,RX,F
14:42:44,MYOR,RG,2350,1,D,XC,RX,F
14:42:44,MYOR,RG,2350,5,D,LG,RX,F
14:42:44,MYOR,RG,2350,10,D,YP,RX,F
14:42:44,MYOR,RG,2350,9,D,XC,RX,F
14:42:44,MYOR,RG,2350,1,D,XC,RX,F
14:42:44,MYOR,RG,2350,20,D,SQ,RX,F
14:42:44,MYOR,RG,2350,25,D,SQ,RX,F
14:42:44,MYOR,RG,2350,120,F,ZP,RX,F
14:42:44,MYOR,RG,2350,5,D,NI,RX,F
14:42:44,MYOR,RG,2350,1,D,XC,RX,F
14:42:44,MYOR,RG,2350,70,F,ZP,RX,F
14:42:44,MYOR,RG,2350,1,D,AT,RX,F
14:42:44,MYOR,RG,2350,100,D,CC,RX,F
14:42:44,MYOR,RG,2350,5,D,DH,RX,F
14:42:44,MYOR,RG,2350,2,D,CC,RX,F
14:42:44,MYOR,RG,2350,2,D,SQ,RX,F
14:42:44,MYOR,RG,2350,7,D,CC,RX,F
14:42:44,MYOR,RG,2350,5,D,EP,RX,F
14:42:44,MYOR,RG,2350,1,D,XC,RX,F
14:42:44,MYOR,RG,2350,2,D,KK,RX,F
14:42:44,MYOR,RG,2350,3,D,IF,RX,F
14:42:44,MYOR,RG,2350,200,D,SQ,RX,F
14:42:42,MYOR,RG,2350,8,D,XC,ZP,F
14:42:42,MYOR,RG,2350,1,D,YP,ZP,F
14:42:39,MYOR,RG,2350,49,D,YP,CS,D
14:42:39,MYOR,RG,2350,2,D,XC,CS,D
14:42:39,MYOR,RG,2350,1,D,KK,CS,D
14:42:39,MYOR,RG,2350,35,D,PD,CS,D
14:42:27,MYOR,RG,2350,2,D,PD,ZP,F
14:42:24,MYOR,RG,2350,12,D,PD,RX,F
14:42:10,MYOR,RG,2350,7,D,PD,ZP,F
14:42:07,MYOR,RG,2350,64,D,PD,CS,D
14:42:00,MYOR,RG,2350,13,D,PD,ZP,F
14:41:57,MYOR,RG,2350,36,D,PD,CS,D
14:41:57,MYOR,RG,2350,85,D,PD,CS,D
14:41:34,MYOR,RG,2350,2,D,PD,ZP,F
14:41:32,MYOR,RG,2350,18,D,PD,RX,F
14:41:19,MYOR,RG,2350,13,D,PD,ZP,F
14:41:18,MYOR,RG,2350,8,D,PD,ZP,F
14:41:17,MYOR,RG,2350,72,D,PD,CS,D
14:41:17,MYOR,RG,2350,39,D,PD,CS,D
14:41:15,MYOR,RG,2350,73,D,PD,CS,D
14:41:07,MYOR,RG,2350,1,D,PD,ZP,F
14:41:04,MYOR,RG,2350,10,D,PD,RX,F
14:41:04,MYOR,RG,2350,1,D,PD,ZP,F
14:41:02,MYOR,RG,2360,15,D,PD,YP,D
14:40:51,MYOR,RG,2350,4,D,PD,ZP,F
14:40:48,MYOR,RG,2350,35,D,PD,CS,D
14:40:28,MYOR,RG,2350,11,D,PD,ZP,F
14:40:25,MYOR,RG,2350,96,D,PD,CS,D
14:40:24,MYOR,RG,2350,1,D,PD,ZP,F
14:40:21,MYOR,RG,2350,7,D,PD,RX,F
14:40:18,MYOR,RG,2350,6,D,PD,ZP,F
14:40:15,MYOR,RG,2350,4,D,PD,CS,D
14:40:15,MYOR,RG,2350,11,D,PD,CS,D
14:40:15,MYOR,RG,2350,15,D,XC,CS,D
14:40:15,MYOR,RG,2350,2,D,XC,CS,D
14:40:15,MYOR,RG,2350,1,D,XC,CS,D
14:40:15,MYOR,RG,2350,13,D,XC,CS,D
14:40:15,MYOR,RG,2350,1,D,XC,CS,D
14:40:15,MYOR,RG,2350,1,D,XC,CS,D
14:40:15,MYOR,RG,2350,8,D,YP,CS,D
14:39:55,MYOR,RG,2350,2,D,YP,ZP,F
14:39:54,MYOR,RG,2350,28,D,KK,ZP,F
14:39:54,MYOR,RG,2360,20,F,ZP,YP,D
14:39:53,MYOR,RG,2350,172,D,KK,LG,D
14:39:53,MYOR,RG,2350,78,D,KK,LG,D
14:39:37,MYOR,RG,2350,5,D,KK,ZP,F
14:39:36,MYOR,RG,2350,44,D,KK,CS,D
14:39:35,MYOR,RG,2350,111,D,KK,CS,D
14:39:28,MYOR,RG,2360,101,F,ZP,YP,D
14:39:25,MYOR,RG,2360,36,F,ZP,YP,D
14:39:25,MYOR,RG,2360,13,F,ZP,PD,D
14:39:25,MYOR,RG,2360,3,F,ZP,KZ,F
14:39:25,MYOR,RG,2350,62,D,KK,CS,D
14:39:25,MYOR,RG,2350,11,D,KK,CS,D
14:39:13,MYOR,RG,2360,10,D,PD,KZ,F
14:38:33,MYOR,RG,2350,39,D,KK,CS,D
14:38:33,MYOR,RG,2350,1,D,YP,CS,D
14:38:33,MYOR,RG,2350,1,D,NI,CS,D
14:38:33,MYOR,RG,2350,10,D,SQ,CS,D
14:38:33,MYOR,RG,2350,20,D,TF,CS,D
14:38:33,MYOR,RG,2350,1,D,PD,CS,D
14:38:33,MYOR,RG,2350,5,D,SQ,CS,D
14:38:33,MYOR,RG,2350,30,D,AZ,CS,D
14:38:33,MYOR,RG,2350,3,D,XL,CS,D
14:38:14,MYOR,RG,2350,81,D,XL,CS,D
14:38:04,MYOR,RG,2360,26,F,ZP,KZ,F
14:37:38,MYOR,RG,2350,20,D,XL,CC,D
14:37:31,MYOR,RG,2350,109,D,XL,CS,D
14:37:31,MYOR,RG,2350,13,D,XC,CS,D
14:37:31,MYOR,RG,2350,9,D,AZ,CS,D
14:37:20,MYOR,RG,2360,2,D,XC,KZ,F
14:37:19,MYOR,RG,2360,1,D,XA,KZ,F
14:36:55,MYOR,RG,2360,40,D,CC,KZ,F
14:36:40,MYOR,RG,2360,25,D,KK,KZ,F
14:36:37,MYOR,RG,2360,200,F,ZP,KZ,F
14:36:35,MYOR,RG,2360,44,F,ZP,KZ,F
14:36:35,MYOR,RG,2360,1,F,ZP,ZP,F
14:36:35,MYOR,RG,2360,67,F,ZP,ZP,F
14:36:34,MYOR,RG,2360,101,D,PD,ZP,F
14:36:34,MYOR,RG,2360,15,D,PD,CS,D
14:36:34,MYOR,RG,2360,15,D,PD,CS,D
14:36:34,MYOR,RG,2360,237,D,PD,RX,F
14:36:34,MYOR,RG,2360,263,D,PD,RX,F
14:36:34,MYOR,RG,2360,1,D,PD,XC,D
14:36:34,MYOR,RG,2360,24,D,PD,CS,D
14:36:34,MYOR,RG,2360,11,D,PD,CS,D
14:36:22,MYOR,RG,2360,1,D,PD,CS,D
14:36:18,MYOR,RG,2350,1,D,AZ,ZP,F
14:36:18,MYOR,RG,2350,2,D,NI,ZP,F
14:36:18,MYOR,RG,2350,14,D,YP,ZP,F
14:36:17,MYOR,RG,2360,25,F,ZP,CS,D
14:36:17,MYOR,RG,2360,4,F,ZP,CS,D
14:36:17,MYOR,RG,2360,5,F,ZP,CS,D
14:36:16,MYOR,RG,2350,113,D,YP,CS,D
14:36:16,MYOR,RG,2360,2,D,PD,CS,D
14:36:13,MYOR,RG,2350,1,D,YP,ZP,F
14:36:12,MYOR,RG,2350,8,D,YP,HP,D
14:36:12,MYOR,RG,2360,2,D,PD,CS,D
14:36:10,MYOR,RG,2350,16,D,YP,ZP,F
14:36:08,MYOR,RG,2360,10,F,ZP,CS,D
14:36:08,MYOR,RG,2360,17,F,ZP,CS,D
14:36:08,MYOR,RG,2360,1,F,ZP,NI,D
14:36:08,MYOR,RG,2360,111,F,ZP,CP,D
14:36:07,MYOR,RG,2350,48,D,YP,ZP,F
14:36:07,MYOR,RG,2350,1,D,PD,ZP,F
14:36:07,MYOR,RG,2350,25,D,PD,ZP,F
14:36:07,MYOR,RG,2360,367,D,PD,CP,D
14:36:07,MYOR,RG,2360,288,D,PD,CP,D
14:36:07,MYOR,RG,2360,11,D,PD,CP,D
14:36:04,MYOR,RG,2350,3,D,PD,NI,D
14:36:03,MYOR,RG,2350,2,D,PD,ZP,F
14:36:03,MYOR,RG,2350,1,D,NI,ZP,F
14:36:03,MYOR,RG,2350,2,D,XC,ZP,F
14:36:02,MYOR,RG,2350,6,D,XC,CS,D
14:36:02,MYOR,RG,2350,5,D,CC,CS,D
14:36:02,MYOR,RG,2350,31,D,YP,CS,D
14:35:45,MYOR,RG,2350,7,D,YP,ZP,F
14:35:43,MYOR,RG,2350,5,D,YP,CS,D
14:35:43,MYOR,RG,2350,1,D,XC,CS,D
14:35:43,MYOR,RG,2350,6,D,EP,CS,D
14:35:43,MYOR,RG,2350,2,D,PD,CS,D
14:35:43,MYOR,RG,2350,25,D,SQ,CS,D
14:35:43,MYOR,RG,2350,1,D,XC,CS,D
14:35:43,MYOR,RG,2350,1,D,PD,CS,D
14:35:43,MYOR,RG,2350,1,D,PD,CS,D
14:35:43,MYOR,RG,2350,1,D,PD,CS,D
14:35:43,MYOR,RG,2350,3,D,SQ,CS,D
14:35:43,MYOR,RG,2350,1,D,XC,CS,D
14:35:43,MYOR,RG,2350,16,D,GR,CS,D
14:35:16,MYOR,RG,2350,9,D,GR,ZP,F
14:35:16,MYOR,RG,2350,1,D,YP,ZP,F
14:35:15,MYOR,RG,2360,90,F,ZP,CP,D
14:35:15,MYOR,RG,2350,1,D,YP,ZP,F
14:35:15,MYOR,RG,2350,1,D,CC,ZP,F
14:35:15,MYOR,RG,2350,8,D,YP,ZP,F
14:35:13,MYOR,RG,2350,42,D,YP,CS,D
14:35:13,MYOR,RG,2350,25,D,PD,CS,D
14:35:13,MYOR,RG,2350,1,D,PD,CS,D
14:35:13,MYOR,RG,2350,14,D,CC,CS,D
14:35:13,MYOR,RG,2350,10,D,CC,CS,D
14:35:13,MYOR,RG,2350,3,D,XC,CS,D
14:35:03,MYOR,RG,2360,1,D,XC,CP,D
14:34:52,MYOR,RG,2350,2,D,XC,ZP,F
14:34:52,MYOR,RG,2360,20,D,TF,CP,D
14:34:42,MYOR,RG,2350,1,D,YP,ZP,F
14:34:42,MYOR,RG,2350,1,D,YP,ZP,F
14:34:42,MYOR,RG,2350,1,D,CC,ZP,F
14:34:42,MYOR,RG,2350,1,D,PD,ZP,F
14:34:42,MYOR,RG,2350,1,D,PD,ZP,F
14:34:42,MYOR,RG,2350,3,D,YP,ZP,F
14:34:41,MYOR,RG,2350,66,D,YP,CS,D
14:34:19,MYOR,RG,2350,4,D,YP,ZP,F
14:34:18,MYOR,RG,2350,40,D,YP,CS,D
14:34:15,MYOR,RG,2350,11,D,YP,ZP,F
14:34:13,MYOR,RG,2350,97,D,YP,CS,D
14:34:03,MYOR,RG,2350,11,D,YP,YP,D
14:33:52,MYOR,RG,2350,1,D,YP,ZP,F
14:33:51,MYOR,RG,2350,10,D,YP,XC,D
14:33:28,MYOR,RG,2350,8,D,YP,ZP,F
14:33:28,MYOR,RG,2350,64,D,YP,CS,D
14:33:27,MYOR,RG,2360,5,D,LS,CP,D
14:33:12,MYOR,RG,2350,11,D,YP,ZP,F
14:33:11,MYOR,RG,2350,101,D,YP,CS,D
14:33:02,MYOR,RG,2360,1,D,XL,CP,D
14:32:36,MYOR,RG,2350,4,D,YP,ZP,F
14:32:34,MYOR,RG,2350,39,D,YP,CS,D
14:32:18,MYOR,RG,2350,8,D,YP,ZP,F
14:32:16,MYOR,RG,2350,22,D,YP,CS,D
14:32:16,MYOR,RG,2350,3,D,PD,CS,D
14:32:16,MYOR,RG,2350,10,D,YP,CS,D
14:32:16,MYOR,RG,2350,1,D,SQ,CS,D
14:32:16,MYOR,RG,2350,30,D,YP,CS,D
14:32:13,MYOR,RG,2350,2,D,YP,ZP,F
14:32:13,MYOR,RG,2360,1,D,PD,CP,D
14:32:13,MYOR,RG,2360,15,D,KK,CP,D
14:32:09,MYOR,RG,2350,12,D,YP,ZP,F
14:32:07,MYOR,RG,2350,13,D,YP,ZP,F
14:32:07,MYOR,RG,2360,111,F,ZP,CP,D
14:32:06,MYOR,RG,2360,10,F,ZP,CP,D
14:32:06,MYOR,RG,2350,106,D,YP,CS,D
14:32:06,MYOR,RG,2350,14,D,YP,ZP,F
14:32:05,MYOR,RG,2360,122,F,ZP,CP,D
14:32:04,MYOR,RG,2350,23,D,YP,ZP,F
14:32:04,MYOR,RG,2350,15,D,PD,ZP,F
14:32:04,MYOR,RG,2360,10,F,ZP,CP,D
14:32:03,MYOR,RG,2360,106,D,PD,CP,D
14:32:03,MYOR,RG,2360,77,D,PD,AI,D
14:32:03,MYOR,RG,2360,144,D,PD,AI,D
14:32:03,MYOR,RG,2360,5,D,PD,AI,D
14:31:25,MYOR,RG,2360,5,D,PD,AI,D
14:31:04,MYOR,RG,2350,4,D,OD,ZP,F
14:31:04,MYOR,RG,2350,2,D,XC,ZP,F
14:31:04,MYOR,RG,2350,2,D,PD,ZP,F
14:31:03,MYOR,RG,2350,3,D,PD,CS,D
14:31:03,MYOR,RG,2350,1,D,XL,CS,D
14:31:03,MYOR,RG,2350,1,D,XC,CS,D
14:31:03,MYOR,RG,2350,5,D,EP,CS,D
14:31:03,MYOR,RG,2350,1,D,PD,CS,D
14:31:03,MYOR,RG,2350,5,D,SQ,CS,D
14:31:03,MYOR,RG,2350,1,D,XC,CS,D
14:31:03,MYOR,RG,2350,4,D,PD,CS,D
14:31:03,MYOR,RG,2350,1,D,PC,CS,D
14:31:03,MYOR,RG,2350,5,D,YP,CS,D
14:31:03,MYOR,RG,2350,10,D,YP,CS,D
14:31:03,MYOR,RG,2350,2,D,HP,CS,D
14:31:03,MYOR,RG,2350,32,D,DH,CS,D
14:31:01,MYOR,RG,2350,2,D,DH,ZP,F
14:31:00,MYOR,RG,2360,21,D,OD,AI,D
14:30:58,MYOR,RG,2350,11,D,DH,ZP,F
14:30:57,MYOR,RG,2350,111,D,DH,CS,D
14:30:51,MYOR,RG,2350,41,D,DH,CS,D
14:30:48,MYOR,RG,2350,8,D,DH,DR,D
14:30:27,MYOR,RG,2350,3,D,DH,CP,D
14:30:27,MYOR,RG,2350,6,D,XC,CP,D
14:30:27,MYOR,RG,2350,1,D,ZP,CP,D
14:30:03,MYOR,RG,2360,2,D,PD,AI,D
14:29:44,MYOR,RG,2360,45,F,ZP,AI,D
14:29:44,MYOR,RG,2350,20,D,KK,CS,D
14:29:44,MYOR,RG,2350,5,D,GR,CS,D
14:29:44,MYOR,RG,2350,9,D,XC,CS,D
14:29:44,MYOR,RG,2350,5,D,YP,CS,D
14:29:44,MYOR,RG,2350,72,D,YP,CS,D
14:29:44,MYOR,RG,2360,1,F,ZP,AI,D
14:29:44,MYOR,RG,2360,25,F,ZP,YP,D
14:29:44,MYOR,RG,2360,51,F,ZP,RX,F
14:29:44,MYOR,RG,2360,31,F,ZP,ZP,F
14:29:42,MYOR,RG,2350,28,D,YP,CS,D
14:29:42,MYOR,RG,2350,5,D,CC,CS,D
14:29:42,MYOR,RG,2350,5,D,YP,CS,D
14:29:42,MYOR,RG,2350,30,D,AO,CS,D
14:29:40,MYOR,RG,2360,1,D,NI,ZP,F
14:29:09,MYOR,RG,2350,14,D,AO,RX,F
14:28:58,MYOR,RG,2350,6,D,AO,CS,D
14:28:58,MYOR,RG,2350,10,D,NI,CS,D
14:28:58,MYOR,RG,2350,1,D,YP,CS,D
14:28:58,MYOR,RG,2350,1,D,XC,CS,D
14:28:58,MYOR,RG,2350,1,D,GR,CS,D
14:28:58,MYOR,RG,2350,10,D,YP,CS,D
14:28:58,MYOR,RG,2350,1,D,YP,CS,D
14:28:58,MYOR,RG,2350,2,D,XC,CS,D
14:28:58,MYOR,RG,2350,10,F,ZP,CS,D
14:28:52,MYOR,RG,2360,50,D,YP,ZP,F
14:28:51,MYOR,RG,2350,30,F,ZP,NI,D
14:28:51,MYOR,RG,2350,5,D,XC,NI,D
14:28:51,MYOR,RG,2350,1,D,XC,NI,D
14:28:51,MYOR,RG,2350,100,D,EP,NI,D
14:28:51,MYOR,RG,2350,30,D,KK,NI,D
14:28:51,MYOR,RG,2350,1,D,XC,NI,D
14:28:51,MYOR,RG,2350,1,D,CC,NI,D
14:28:51,MYOR,RG,2350,1,D,PD,NI,D
14:28:51,MYOR,RG,2350,1,D,YU,NI,D
14:28:51,MYOR,RG,2350,1,D,XC,NI,D
14:28:51,MYOR,RG,2350,2,D,SQ,NI,D
14:28:51,MYOR,RG,2350,1,D,NI,NI,D
14:28:51,MYOR,RG,2350,10,D,OD,NI,D
14:28:51,MYOR,RG,2350,10,D,YP,NI,D
14:28:51,MYOR,RG,2350,10,D,XC,NI,D
14:28:51,MYOR,RG,2350,1,D,YP,NI,D
14:28:51,MYOR,RG,2350,10,D,PD,NI,D
14:28:51,MYOR,RG,2350,10,D,XC,NI,D
14:28:51,MYOR,RG,2350,1,D,PD,NI,D
14:28:51,MYOR,RG,2350,1,D,XC,NI,D
14:28:51,MYOR,RG,2350,5,D,CC,NI,D
14:28:51,MYOR,RG,2350,4,D,PD,NI,D
14:28:51,MYOR,RG,2350,1,D,YP,NI,D
14:28:51,MYOR,RG,2350,1,D,XC,NI,D
14:28:51,MYOR,RG,2350,5,D,YP,NI,D
14:28:51,MYOR,RG,2350,35,D,YP,NI,D
14:28:51,MYOR,RG,2350,5,D,PD,NI,D
14:28:51,MYOR,RG,2350,80,D,YP,NI,D
14:28:40,MYOR,RG,2360,2,D,NI,ZP,F
14:28:36,MYOR,RG,2360,1,D,EP,ZP,F
14:28:24,MYOR,RG,2350,12,D,YP,ZP,F
14:28:23,MYOR,RG,2350,115,D,YP,CS,D
14:28:18,MYOR,RG,2350,5,D,YP,ZP,F
14:28:17,MYOR,RG,2350,1,D,PD,CS,D
14:28:17,MYOR,RG,2350,1,D,PD,CS,D
14:28:17,MYOR,RG,2350,4,D,PD,CS,D
14:28:17,MYOR,RG,2350,5,D,PD,CS,D
14:28:17,MYOR,RG,2350,10,D,CC,CS,D
14:28:17,MYOR,RG,2350,5,D,PD,CS,D
14:28:17,MYOR,RG,2350,1,D,CC,CS,D
14:28:17,MYOR,RG,2350,5,D,PD,CS,D
14:28:17,MYOR,RG,2350,1,D,XC,CS,D
14:28:17,MYOR,RG,2350,43,D,NI,CS,D
14:28:07,MYOR,RG,2360,4,D,YP,ZP,F
14:27:51,MYOR,RG,2350,1,D,NI,ZP,F
14:27:50,MYOR,RG,2350,6,D,NI,YP,D
14:27:50,MYOR,RG,2350,4,D,DR,YP,D
14:27:10,MYOR,RG,2350,1,D,DR,ZP,F
14:27:09,MYOR,RG,2350,10,D,DR,KK,D
14:27:01,MYOR,RG,2350,12,D,DR,ZP,F
14:27:00,MYOR,RG,2360,5,F,ZP,ZP,F
14:27:00,MYOR,RG,2360,35,F,ZP,RX,F
14:26:59,MYOR,RG,2350,23,D,DR,CS,D
14:26:59,MYOR,RG,2350,1,D,YP,CS,D
14:26:59,MYOR,RG,2350,5,D,SQ,CS,D
14:26:59,MYOR,RG,2350,1,D,YU,CS,D
14:26:59,MYOR,RG,2350,1,D,XC,CS,D
14:26:59,MYOR,RG,2350,2,D,DH,CS,D
14:26:59,MYOR,RG,2350,1,D,YP,CS,D
14:26:59,MYOR,RG,2350,2,D,XC,CS,D
14:26:59,MYOR,RG,2350,1,D,PD,CS,D
14:26:59,MYOR,RG,2350,1,D,YP,CS,D
14:26:59,MYOR,RG,2350,30,D,YP,CS,D
14:26:59,MYOR,RG,2350,35,D,IF,CS,D
14:26:59,MYOR,RG,2350,5,D,YP,CS,D
14:26:59,MYOR,RG,2350,10,D,PD,CS,D
14:26:59,MYOR,RG,2350,3,D,YP,CS,D
14:26:59,MYOR,RG,2350,1,D,XC,CS,D
14:26:59,MYOR,RG,2350,2,D,NI,CS,D
14:26:59,MYOR,RG,2350,1,D,NI,CS,D
14:26:52,MYOR,RG,2350,4,D,NI,ZP,F
14:26:52,MYOR,RG,2350,1,D,PD,ZP,F
14:26:52,MYOR,RG,2350,1,D,XC,ZP,F
14:26:52,MYOR,RG,2350,31,D,XC,CS,D
14:26:52,MYOR,RG,2350,17,D,XL,CS,D
14:26:43,MYOR,RG,2350,8,D,XL,ZP,F
14:26:42,MYOR,RG,2350,76,D,XL,CS,D
14:26:36,MYOR,RG,2360,1,D,XC,RX,F
14:26:27,MYOR,RG,2350,3,D,XL,ZP,F
14:26:26,MYOR,RG,2360,23,F,ZP,RX,F
14:26:25,MYOR,RG,2350,37,D,XL,ZP,F
14:26:24,MYOR,RG,2360,183,D,PD,RX,F
14:26:24,MYOR,RG,2360,58,D,PD,RX,F
14:26:24,MYOR,RG,2360,86,D,PD,KZ,F
14:26:23,MYOR,RG,2360,5,D,PD,KZ,F
14:26:21,MYOR,RG,2350,42,D,XL,ZP,F
14:26:20,MYOR,RG,2360,51,F,ZP,KZ,F
14:26:19,MYOR,RG,2360,148,D,PD,KZ,F
14:26:19,MYOR,RG,2360,3,D,PD,CS,D
14:26:19,MYOR,RG,2360,32,D,PD,LG,D
14:26:19,MYOR,RG,2360,144,D,PD,LG,D
14:26:19,MYOR,RG,2360,5,D,PD,LG,D
14:26:10,MYOR,RG,2350,2,D,XL,ZP,F
14:26:09,MYOR,RG,2350,15,D,XL,RX,F
14:25:09,MYOR,RG,2350,1,D,XL,ZP,F
14:25:08,MYOR,RG,2350,10,D,XL,YP,D
14:24:28,MYOR,RG,2350,1,D,XL,ZP,F
14:24:26,MYOR,RG,2360,5,D,XC,LG,D
14:24:16,MYOR,RG,2350,1,D,XL,ZP,F
14:24:15,MYOR,RG,2360,10,D,XL,LG,D
14:23:55,MYOR,RG,2350,2,D,RB,ZP,F
14:23:55,MYOR,RG,2350,13,D,RB,RX,F
14:23:55,MYOR,RG,2350,4,D,XC,RX,F
14:23:29,MYOR,RG,2350,1,D,XC,XC,D
14:23:19,MYOR,RG,2350,1,D,XC,ZP,F
14:23:18,MYOR,RG,2350,4,D,XC,RX,F
14:23:18,MYOR,RG,2350,2,D,PD,RX,F
14:23:18,MYOR,RG,2350,5,D,PD,RX,F
14:22:38,MYOR,RG,2350,4,D,PD,EP,D
14:22:19,MYOR,RG,2350,3,D,PD,ZP,F
14:22:18,MYOR,RG,2360,24,F,ZP,LG,D
14:21:58,MYOR,RG,2350,1,D,PD,ZP,F
14:21:57,MYOR,RG,2350,7,D,PD,RX,F
14:21:57,MYOR,RG,2350,2,D,YP,RX,F
14:21:05,MYOR,RG,2350,3,D,YP,TP,D
14:21:05,MYOR,RG,2350,1,D,YP,TP,D
14:21:05,MYOR,RG,2350,1,D,CC,TP,D
14:20:19,MYOR,RG,2350,2,D,CC,ZP,F
14:20:18,MYOR,RG,2360,17,F,ZP,LG,D
14:18:54,MYOR,RG,2350,2,D,CC,ZP,F
14:18:52,MYOR,RG,2360,13,D,PD,LG,D
14:18:52,MYOR,RG,2360,3,D,PD,CS,D
14:18:52,MYOR,RG,2360,2,D,PD,CS,D
14:18:52,MYOR,RG,2360,2,D,PD,CS,D
14:18:52,MYOR,RG,2360,2,D,PD,YP,D
14:18:52,MYOR,RG,2360,1,D,PD,ZP,F
14:18:52,MYOR,RG,2360,2,D,PD,RX,F
14:18:19,MYOR,RG,2360,2,D,XC,RX,F
14:17:13,MYOR,RG,2350,3,D,YP,ZP,F
14:17:13,MYOR,RG,2360,1,D,PD,RX,F
14:17:13,MYOR,RG,2360,20,D,YP,RX,F
14:17:13,MYOR,RG,2360,3,D,YP,ZP,F
14:17:13,MYOR,RG,2360,27,D,YP,PD,D
14:17:00,MYOR,RG,2360,1,D,PC,PD,D
14:16:43,MYOR,RG,2350,1,D,YP,PD,D
14:16:16,MYOR,RG,2360,1,D,CC,PD,D
14:16:09,MYOR,RG,2360,4,D,CC,RX,F
14:16:09,MYOR,RG,2360,1,D,DR,RX,F
14:16:03,MYOR,RG,2360,1,D,PD,RX,F
14:16:03,MYOR,RG,2360,25,F,ZP,RX,F
14:15:49,MYOR,RG,2360,22,F,ZP,RX,F
14:15:14,MYOR,RG,2360,55,F,ZP,ZP,F
14:15:11,MYOR,RG,2350,52,D,YP,CP,D
14:15:11,MYOR,RG,2350,5,D,PD,CP,D
14:15:11,MYOR,RG,2350,2,D,GR,CP,D
14:15:11,MYOR,RG,2350,10,D,KK,CP,D
14:15:11,MYOR,RG,2350,1,D,DR,CP,D
14:15:11,MYOR,RG,2350,5,D,PD,CP,D
14:15:11,MYOR,RG,2350,1,D,YP,CP,D
14:15:11,MYOR,RG,2350,20,D,YP,CP,D
14:15:11,MYOR,RG,2350,50,D,YP,CP,D
14:15:11,MYOR,RG,2350,100,D,YP,CP,D
14:15:11,MYOR,RG,2350,4,D,CC,CP,D
14:15:11,MYOR,RG,2350,5,D,DR,CP,D
14:15:11,MYOR,RG,2350,1,D,XC,CP,D
14:15:11,MYOR,RG,2350,1,D,PD,CP,D
14:15:11,MYOR,RG,2350,1,D,PD,CP,D
14:15:11,MYOR,RG,2350,10,D,AT,CP,D
14:15:11,MYOR,RG,2350,5,D,AZ,CP,D
14:15:11,MYOR,RG,2350,1,D,DH,CP,D
14:15:11,MYOR,RG,2350,10,D,PD,CP,D
14:15:11,MYOR,RG,2350,10,D,PD,CP,D
14:15:11,MYOR,RG,2350,85,D,PO,CP,D
14:15:11,MYOR,RG,2360,10,D,SQ,CP,D
14:15:11,MYOR,RG,2360,3,D,PD,CP,D
14:15:11,MYOR,RG,2360,10,D,XC,CP,D
14:15:11,MYOR,RG,2360,1,D,DH,CP,D
14:15:11,MYOR,RG,2360,1,D,NI,CP,D
14:15:11,MYOR,RG,2360,1,D,DR,CP,D
14:15:11,MYOR,RG,2360,2,D,XC,CP,D
14:15:11,MYOR,RG,2360,66,F,ZP,CP,D
14:15:11,MYOR,RG,2360,27,F,ZP,CP,D
14:15:05,MYOR,RG,2360,11,F,ZP,RX,F
14:13:40,MYOR,RG,2360,10,F,ZP,ZP,F
14:13:39,MYOR,RG,2370,23,F,ZP,RX,F
14:13:39,MYOR,RG,2370,59,F,ZP,LG,D
14:12:23,MYOR,RG,2360,13,F,ZP,RX,F
14:11:39,MYOR,RG,2360,4,F,ZP,ZP,F
14:11:39,MYOR,RG,2360,1,D,NI,ZP,F
14:11:39,MYOR,RG,2360,31,D,XC,ZP,F
14:11:39,MYOR,RG,2360,19,D,XC,KZ,F
14:11:39,MYOR,RG,2360,40,D,PD,KZ,F
14:11:39,MYOR,RG,2360,15,D,YP,KZ,F
14:11:39,MYOR,RG,2360,1,D,XC,KZ,F
14:11:39,MYOR,RG,2360,1,D,CC,KZ,F
14:11:39,MYOR,RG,2360,1,D,NI,KZ,F
14:11:39,MYOR,RG,2360,10,D,CC,KZ,F
14:11:39,MYOR,RG,2360,200,D,CC,KZ,F
14:11:39,MYOR,RG,2360,4,D,CC,KZ,F
14:11:39,MYOR,RG,2360,4,D,NI,KZ,F
14:11:39,MYOR,RG,2360,5,D,NI,KZ,F
14:11:39,MYOR,RG,2360,5,D,CC,KZ,F
14:11:39,MYOR,RG,2360,2,D,EP,KZ,F
14:11:39,MYOR,RG,2360,3,F,NI,KZ,F
14:11:39,MYOR,RG,2360,11,F,ZP,KZ,F
14:11:36,MYOR,RG,2360,1,F,ZP,ZP,F
14:11:35,MYOR,RG,2360,13,F,ZP,RX,F
14:11:13,MYOR,RG,2360,2,F,ZP,ZP,F
14:11:12,MYOR,RG,2370,10,D,XC,LG,D
14:09:46,MYOR,RG,2360,7,F,ZP,RX,F
14:09:06,MYOR,RG,2360,2,F,ZP,ZP,F
14:09:03,MYOR,RG,2360,19,F,ZP,RX,F
14:09:03,MYOR,RG,2360,1,F,ZP,ZP,F
14:09:01,MYOR,RG,2370,3,D,EP,LG,D
14:06:32,MYOR,RG,2360,13,F,ZP,RX,F
14:06:25,MYOR,RG,2360,2,F,ZP,XC,D
14:05:56,MYOR,RG,2370,1,D,XC,LG,D
14:05:04,MYOR,RG,2360,5,F,ZP,ZP,F
14:05:04,MYOR,RG,2370,43,D,XC,LG,D
14:04:56,MYOR,RG,2370,5,D,NI,LG,D
14:03:56,MYOR,RG,2360,11,F,ZP,ZP,F
14:03:55,MYOR,RG,2360,1,D,YP,ZP,F
14:03:54,MYOR,RG,2360,110,D,PD,RX,F
14:03:28,MYOR,RG,2360,1,D,PD,ZP,F
14:03:27,MYOR,RG,2360,6,D,PD,YP,D
14:03:26,MYOR,RG,2360,2,D,PD,XC,D
14:03:02,MYOR,RG,2360,21,D,PD,ZP,F
14:03:02,MYOR,RG,2360,43,D,PD,AI,D
14:03:02,MYOR,RG,2360,144,D,PD,AI,D
14:03:02,MYOR,RG,2360,5,D,PD,AI,D
14:03:00,MYOR,RG,2350,34,D,PO,ZP,F
14:02:59,MYOR,RG,2360,2,D,OD,AI,D
14:02:58,MYOR,RG,2360,183,D,PD,AI,D
14:02:58,MYOR,RG,2360,123,D,PD,AI,D
14:02:51,MYOR,RG,2360,2,D,PD,ZP,F
14:02:51,MYOR,RG,2360,11,D,PD,RX,F
14:02:51,MYOR,RG,2360,1,D,PD,ZP,F
14:02:51,MYOR,RG,2360,7,D,PD,RX,F
14:02:51,MYOR,RG,2360,5,D,PD,RX,F
14:02:30,MYOR,RG,2350,5,D,PO,ZP,F
14:02:28,MYOR,RG,2350,50,D,PO,XL,D
14:02:25,MYOR,RG,2360,1,D,PC,RX,F
14:02:15,MYOR,RG,2350,32,D,PO,ZP,F
14:02:13,MYOR,RG,2360,71,F,ZP,RX,F
14:02:13,MYOR,RG,2360,183,D,PD,RX,F
14:02:13,MYOR,RG,2360,33,D,PD,RX,F
14:02:07,MYOR,RG,2360,12,D,PD,ZP,F
14:02:07,MYOR,RG,2360,99,D,PD,RX,F
14:02:07,MYOR,RG,2360,5,D,PD,RX,F
14:01:57,MYOR,RG,2350,1,D,PO,XC,D
14:01:57,MYOR,RG,2350,6,D,PO,ZP,F
14:01:56,MYOR,RG,2350,5,D,PO,XA,D
14:01:56,MYOR,RG,2360,50,F,ZP,RX,F
14:01:56,MYOR,RG,2350,2,D,PO,NI,D
14:01:55,MYOR,RG,2350,30,D,PO,ZP,F
14:01:54,MYOR,RG,2360,50,F,ZP,RX,F
14:01:54,MYOR,RG,2360,183,D,PD,RX,F
14:01:54,MYOR,RG,2360,113,D,PD,RX,F
14:01:51,MYOR,RG,2360,1,D,PD,NI,D
14:01:51,MYOR,RG,2360,10,D,PD,RX,F
14:01:51,MYOR,RG,2360,20,D,PD,PD,D
14:01:51,MYOR,RG,2360,5,D,PD,PD,D
14:01:34,MYOR,RG,2360,5,D,NI,PD,D
14:01:34,MYOR,RG,2360,5,D,NI,ZP,F
14:00:55,MYOR,RG,2360,1,D,PD,ZP,F
14:00:39,MYOR,RG,2360,5,D,NI,ZP,F
14:00:38,MYOR,RG,2360,99,F,ZP,ZP,F
14:00:36,MYOR,RG,2360,1,D,CC,RX,F
14:00:36,MYOR,RG,2360,2,D,EP,RX,F
14:00:36,MYOR,RG,2360,130,D,XC,RX,F
14:00:36,MYOR,RG,2360,45,D,CC,RX,F
14:00:36,MYOR,RG,2360,50,D,GR,RX,F
14:00:36,MYOR,RG,2360,400,D,YP,RX,F
14:00:36,MYOR,RG,2360,1,D,YP,RX,F
14:00:36,MYOR,RG,2360,3,D,PD,RX,F
14:00:36,MYOR,RG,2360,1,D,YP,RX,F
14:00:36,MYOR,RG,2360,1,D,XC,RX,F
14:00:36,MYOR,RG,2360,1,D,YP,RX,F
14:00:36,MYOR,RG,2360,1,D,XL,RX,F
14:00:36,MYOR,RG,2360,243,F,ZP,RX,F
14:00:36,MYOR,RG,2360,100,D,XC,RX,F
14:00:36,MYOR,RG,2360,1,D,PD,RX,F
14:00:36,MYOR,RG,2360,5,D,YP,RX,F
14:00:36,MYOR,RG,2360,2,D,DR,RX,F
14:00:29,MYOR,RG,2360,8,D,DR,NI,D
14:00:29,MYOR,RG,2360,2,D,GR,NI,D
14:00:19,MYOR,RG,2360,2,D,GR,ZP,F
14:00:19,MYOR,RG,2360,1,D,XC,ZP,F
14:00:19,MYOR,RG,2360,2,D,EP,ZP,F
14:00:19,MYOR,RG,2370,29,F,ZP,LG,D
14:00:19,MYOR,RG,2370,11,F,ZP,KZ,F
14:00:02,MYOR,RG,2360,1,D,EP,YU,D
13:59:39,MYOR,RG,2360,1,D,EP,ZP,F
13:59:38,MYOR,RG,2360,2,D,EP,YU,D
13:59:38,MYOR,RG,2360,1,D,CC,YU,D
13:59:38,MYOR,RG,2360,8,D,PD,YU,D
13:57:18,MYOR,RG,2360,1,D,PD,RX,F
13:57:17,MYOR,RG,2360,2,D,PD,RX,F
13:57:16,MYOR,RG,2360,2,D,PD,ZP,F
13:57:15,MYOR,RG,2360,2,D,PD,RX,F
13:57:15,MYOR,RG,2360,1,D,NI,RX,F
13:57:15,MYOR,RG,2360,1,D,PD,RX,F
13:57:15,MYOR,RG,2360,13,D,NI,RX,F
13:57:15,MYOR,RG,2360,18,D,NI,ZP,F
13:57:14,MYOR,RG,2360,19,D,NI,KZ,F
13:57:14,MYOR,RG,2360,1,D,PD,KZ,F
13:57:14,MYOR,RG,2360,1,D,NI,KZ,F
13:57:14,MYOR,RG,2360,1,D,SQ,KZ,F
13:57:14,MYOR,RG,2360,1,D,XC,KZ,F
13:57:14,MYOR,RG,2360,20,D,CC,KZ,F
13:57:14,MYOR,RG,2360,4,D,CC,KZ,F
13:57:14,MYOR,RG,2360,2,D,NI,KZ,F
13:57:14,MYOR,RG,2360,1,D,NI,KZ,F
13:57:14,MYOR,RG,2360,1,D,LG,KZ,F
13:57:14,MYOR,RG,2360,1,D,XC,KZ,F
13:57:14,MYOR,RG,2360,15,D,XC,KZ,F
13:57:14,MYOR,RG,2360,2,D,EP,KZ,F
13:57:14,MYOR,RG,2360,10,D,YP,KZ,F
13:57:14,MYOR,RG,2360,50,D,YP,KZ,F
13:57:14,MYOR,RG,2360,1,D,KK,KZ,F
13:57:14,MYOR,RG,2360,2,D,XC,KZ,F
13:57:14,MYOR,RG,2360,1,D,PD,KZ,F
13:57:14,MYOR,RG,2360,5,D,PD,KZ,F
13:57:14,MYOR,RG,2360,1,D,NI,KZ,F
13:57:14,MYOR,RG,2360,5,D,NI,KZ,F
13:57:14,MYOR,RG,2360,9,D,RB,KZ,F
13:56:54,MYOR,RG,2370,1,D,DR,KZ,F
13:56:46,MYOR,RG,2370,1,D,DR,KZ,F
13:56:25,MYOR,RG,2360,4,D,RB,ZP,F
13:56:25,MYOR,RG,2360,37,D,RB,RX,F
13:56:22,MYOR,RG,2360,34,D,RB,ZP,F
13:56:22,MYOR,RG,2360,16,D,RB,KK,D
13:56:22,MYOR,RG,2360,2,D,XC,KK,D
13:56:22,MYOR,RG,2360,1,D,PD,KK,D
13:56:22,MYOR,RG,2360,11,D,NI,KK,D
13:56:22,MYOR,RG,2360,3,D,XC,KK,D
13:56:22,MYOR,RG,2360,11,D,DH,KK,D
13:56:22,MYOR,RG,2360,1,D,YP,KK,D
13:56:22,MYOR,RG,2360,2,D,XC,KK,D
13:56:22,MYOR,RG,2360,14,D,CP,KK,D
13:56:22,MYOR,RG,2360,20,D,OD,KK,D
13:56:22,MYOR,RG,2360,15,D,XL,KK,D
13:56:22,MYOR,RG,2360,1,D,XC,KK,D
13:56:22,MYOR,RG,2360,1,D,PD,KK,D
13:56:22,MYOR,RG,2360,2,D,CC,KK,D
13:56:22,MYOR,RG,2360,3,D,CC,KK,D
13:56:22,MYOR,RG,2360,3,D,YP,KK,D
13:56:22,MYOR,RG,2360,2,D,YP,KK,D
13:56:22,MYOR,RG,2360,2,D,YP,KK,D
13:56:22,MYOR,RG,2360,1,D,PD,KK,D
13:56:22,MYOR,RG,2360,9,D,PD,KK,D
13:56:22,MYOR,RG,2360,1,D,XC,KK,D
13:56:22,MYOR,RG,2360,1,D,XC,KK,D
13:56:22,MYOR,RG,2360,5,D,YP,KK,D
13:56:22,MYOR,RG,2360,10,D,XC,KK,D
13:56:22,MYOR,RG,2360,22,D,PD,KK,D
13:56:22,MYOR,RG,2360,2,D,OD,KK,D
13:56:22,MYOR,RG,2360,5,D,PD,KK,D
13:56:22,MYOR,RG,2360,1,D,SQ,KK,D
13:56:22,MYOR,RG,2360,42,D,XC,KK,D
13:56:22,MYOR,RG,2360,3,D,CC,KK,D
13:56:22,MYOR,RG,2360,4,D,XC,KK,D
13:56:22,MYOR,RG,2360,1,D,EP,KK,D
13:56:22,MYOR,RG,2360,2,D,YP,KK,D
13:56:22,MYOR,RG,2360,1,D,XC,KK,D
13:56:22,MYOR,RG,2360,42,D,YP,KK,D
13:56:22,MYOR,RG,2360,1,D,XC,KK,D
13:56:22,MYOR,RG,2360,5,D,YP,KK,D
13:56:22,MYOR,RG,2360,1,D,PD,KK,D
13:56:22,MYOR,RG,2360,20,D,CC,KK,D
13:56:22,MYOR,RG,2360,5,D,PD,KK,D
13:56:22,MYOR,RG,2360,8,D,XL,KK,D
13:53:48,MYOR,RG,2360,8,D,XL,RX,F
13:53:46,MYOR,RG,2360,7,D,XL,ZP,F
13:53:45,MYOR,RG,2360,51,D,XL,RX,F
13:53:45,MYOR,RG,2360,1,D,XC,RX,F
13:53:45,MYOR,RG,2360,1,D,ZP,RX,F
13:53:45,MYOR,RG,2360,4,D,PD,RX,F
13:53:45,MYOR,RG,2360,2,D,PD,RX,F
13:53:45,MYOR,RG,2360,1,D,XL,RX,F
13:53:45,MYOR,RG,2360,3,D,SQ,RX,F
13:53:45,MYOR,RG,2360,7,D,SQ,ZP,F
13:53:45,MYOR,RG,2360,10,D,DR,ZP,F
13:53:45,MYOR,RG,2360,1,D,PD,ZP,F
13:53:45,MYOR,RG,2360,1,D,YP,ZP,F
13:53:45,MYOR,RG,2360,1,D,XC,ZP,F
13:53:45,MYOR,RG,2360,5,D,XC,ZP,F
13:53:45,MYOR,RG,2360,4,D,PD,ZP,F
13:53:45,MYOR,RG,2360,10,D,YP,ZP,F
13:53:45,MYOR,RG,2360,5,D,EP,ZP,F
13:53:45,MYOR,RG,2360,18,D,DH,ZP,F
13:53:44,MYOR,RG,2360,2,D,DH,KZ,F
13:53:44,MYOR,RG,2360,1,D,KK,KZ,F
13:53:44,MYOR,RG,2360,2,D,AT,KZ,F
13:53:44,MYOR,RG,2360,4,D,PD,KZ,F
13:53:44,MYOR,RG,2360,4,D,XC,KZ,F
13:53:44,MYOR,RG,2360,1,D,XC,KZ,F
13:53:44,MYOR,RG,2360,1,D,NI,KZ,F
13:53:44,MYOR,RG,2360,1,D,CC,KZ,F
13:53:44,MYOR,RG,2360,5,D,YP,KZ,F
13:53:44,MYOR,RG,2360,1,D,XC,KZ,F
13:53:44,MYOR,RG,2360,8,D,XC,KZ,F
13:53:44,MYOR,RG,2360,1,D,NI,KZ,F
13:53:44,MYOR,RG,2360,1,D,XC,KZ,F
13:53:44,MYOR,RG,2360,1,D,YP,KZ,F
13:53:44,MYOR,RG,2360,50,D,NI,KZ,F
13:53:44,MYOR,RG,2360,1,D,XC,KZ,F
13:53:44,MYOR,RG,2360,26,D,YP,KZ,F
13:53:44,MYOR,RG,2360,1,D,NI,KZ,F
13:53:44,MYOR,RG,2360,5,D,PD,KZ,F
13:53:44,MYOR,RG,2360,2,D,CC,KZ,F
13:53:44,MYOR,RG,2360,10,D,PD,KZ,F
13:53:44,MYOR,RG,2360,5,D,PD,KZ,F
13:53:44,MYOR,RG,2360,5,D,GR,KZ,F
13:53:44,MYOR,RG,2360,5,D,CC,KZ,F
13:53:44,MYOR,RG,2360,2,D,XL,KZ,F
13:53:44,MYOR,RG,2360,10,D,GR,KZ,F
13:53:44,MYOR,RG,2360,40,D,PD,KZ,F
13:53:44,MYOR,RG,2360,20,D,EP,KZ,F
13:53:44,MYOR,RG,2360,1,D,YP,KZ,F
13:53:44,MYOR,RG,2360,1,D,NI,KZ,F
13:53:44,MYOR,RG,2360,1,D,XC,KZ,F
13:53:44,MYOR,RG,2360,1,D,GR,KZ,F
13:53:44,MYOR,RG,2360,68,D,XL,KZ,F
13:53:44,MYOR,RG,2360,178,D,XL,KZ,F
13:53:44,MYOR,RG,2360,1,D,XC,KZ,F
13:53:44,MYOR,RG,2360,97,F,ZP,KZ,F
13:53:39,MYOR,RG,2360,4,F,ZP,ZP,F
13:53:37,MYOR,RG,2360,65,F,ZP,RX,F
13:53:36,MYOR,RG,2360,35,F,ZP,ZP,F
13:53:36,MYOR,RG,2360,10,D,PD,ZP,F
13:53:36,MYOR,RG,2360,3,D,DR,ZP,F
13:53:36,MYOR,RG,2360,9,D,XL,ZP,F
13:53:35,MYOR,RG,2360,11,D,XL,YP,D
13:53:35,MYOR,RG,2360,8,F,ZP,YP,D
13:53:35,MYOR,RG,2360,9,F,ZP,CP,D
13:53:35,MYOR,RG,2360,4,D,YP,CP,D
13:53:35,MYOR,RG,2360,2,D,KK,CP,D
13:53:35,MYOR,RG,2360,20,D,YP,CP,D
13:53:35,MYOR,RG,2360,25,D,YP,CP,D
13:53:35,MYOR,RG,2360,5,D,GR,CP,D
13:53:35,MYOR,RG,2360,2,D,NI,CP,D
13:53:35,MYOR,RG,2360,1,D,YP,CP,D
13:53:35,MYOR,RG,2360,1,D,PD,CP,D
13:53:35,MYOR,RG,2360,4,D,PD,CP,D
13:53:35,MYOR,RG,2360,100,D,DH,CP,D
13:53:35,MYOR,RG,2360,1,D,CC,CP,D
13:53:35,MYOR,RG,2360,3,D,XC,CP,D
13:53:35,MYOR,RG,2360,2,D,PD,CP,D
13:53:35,MYOR,RG,2360,50,D,KK,CP,D
13:53:35,MYOR,RG,2360,8,D,DH,CP,D
13:53:35,MYOR,RG,2360,5,D,YP,CP,D
13:53:35,MYOR,RG,2360,1,D,XC,CP,D
13:53:35,MYOR,RG,2360,28,D,NI,CP,D
13:53:35,MYOR,RG,2360,1,D,PD,CP,D
13:53:35,MYOR,RG,2360,5,D,PD,CP,D
13:53:35,MYOR,RG,2360,10,D,CC,CP,D
13:53:35,MYOR,RG,2360,5,D,PD,CP,D
13:53:35,MYOR,RG,2360,1,D,CC,CP,D
13:53:35,MYOR,RG,2360,1,D,YP,CP,D
13:53:35,MYOR,RG,2360,30,D,DH,CP,D
13:53:35,MYOR,RG,2360,20,D,KK,CP,D
13:53:35,MYOR,RG,2360,5,D,CC,CP,D
13:53:35,MYOR,RG,2360,10,D,CC,CP,D
13:53:35,MYOR,RG,2360,100,D,YP,CP,D
13:53:35,MYOR,RG,2360,5,D,XC,CP,D
13:53:35,MYOR,RG,2360,1,D,YP,CP,D
13:53:35,MYOR,RG,2360,1,D,YP,CP,D
13:53:35,MYOR,RG,2360,7,D,PD,CP,D
13:53:35,MYOR,RG,2360,5,D,TF,CP,D
13:53:35,MYOR,RG,2360,10,D,XC,CP,D
13:53:35,MYOR,RG,2360,11,D,YP,CP,D
13:53:35,MYOR,RG,2360,1,D,NI,CP,D
13:52:37,MYOR,RG,2360,2,D,YP,ZP,F
13:52:37,MYOR,RG,2370,19,F,ZP,KZ,F
13:50:21,MYOR,RG,2360,1,D,YP,ZP,F
13:50:21,MYOR,RG,2360,1,D,PD,ZP,F
13:50:19,MYOR,RG,2370,9,F,ZP,KZ,F
13:50:01,MYOR,RG,2360,1,D,PD,RX,F
13:50:01,MYOR,RG,2360,1,D,YP,RX,F
13:50:01,MYOR,RG,2360,1,D,PD,RX,F
13:50:01,MYOR,RG,2360,2,D,NI,RX,F
13:50:01,MYOR,RG,2360,3,D,YP,RX,F
13:50:01,MYOR,RG,2360,1,D,KK,RX,F
13:50:00,MYOR,RG,2360,2,D,CC,ZP,F
13:49:59,MYOR,RG,2360,1,D,CC,OD,D
13:49:59,MYOR,RG,2360,1,D,YP,OD,D
13:49:59,MYOR,RG,2360,8,D,YP,OD,D
13:47:53,MYOR,RG,2370,1,D,PC,KZ,F
13:46:19,MYOR,RG,2360,1,D,YP,ZP,F
13:46:18,MYOR,RG,2360,11,D,YP,XC,D
13:46:18,MYOR,RG,2360,2,D,YP,XC,D
13:45:07,MYOR,RG,2360,1,D,YP,ZP,F
13:45:06,MYOR,RG,2370,2,D,PD,KZ,F
13:42:43,MYOR,RG,2370,1,D,CC,KZ,F
13:42:35,MYOR,RG,2370,5,D,LS,KZ,F
13:42:35,MYOR,RG,2370,1,D,PD,KZ,F
13:40:54,MYOR,RG,2370,2,D,PD,KZ,F
13:40:54,MYOR,RG,2360,4,D,YP,ZP,F
13:40:52,MYOR,RG,2360,1,D,YP,KK,D
13:40:52,MYOR,RG,2360,1,D,PD,KK,D
13:40:52,MYOR,RG,2360,5,D,YP,KK,D
13:40:52,MYOR,RG,2360,1,D,YP,KK,D
13:40:52,MYOR,RG,2360,2,D,YP,KK,D
13:40:52,MYOR,RG,2360,8,D,CC,KK,D
13:40:52,MYOR,RG,2360,32,D,YP,KK,D
13:40:25,MYOR,RG,2370,19,F,ZP,KZ,F
13:40:25,MYOR,RG,2370,5,F,ZP,ZP,F
13:40:25,MYOR,RG,2370,9,F,ZP,RX,F
13:40:03,MYOR,RG,2370,2,D,PD,RX,F
13:39:44,MYOR,RG,2370,2,D,KK,RX,F
13:38:21,MYOR,RG,2370,1,D,XC,RX,F
13:38:00,MYOR,RG,2370,1,D,XC,RX,F
13:33:46,MYOR,RG,2360,1,D,YP,ZP,F
13:33:46,MYOR,RG,2360,2,D,YP,NI,D
13:33:02,MYOR,RG,2360,5,D,YP,NI,D
13:30:41,MYOR,RG,2360,1,D,YP,RX,F
13:30:34,MYOR,RG,2360,2,D,YP,ZP,F
13:30:30,MYOR,RG,2360,1,D,YP,RX,F
13:30:26,MYOR,RG,2360,8,D,YP,RX,F
13:30:26,MYOR,RG,2360,1,D,CC,RX,F
13:30:24,MYOR,RG,2360,4,D,CC,ZP,F
13:30:24,MYOR,RG,2360,1,D,SQ,ZP,F
13:30:17,MYOR,RG,2360,5,D,SQ,NI,D
13:30:12,MYOR,RG,2360,1,D,SQ,YP,D
13:30:12,MYOR,RG,2360,1,D,SQ,ZP,F
13:30:11,MYOR,RG,2360,1,D,SQ,XC,D
13:30:08,MYOR,RG,2360,1,D,SQ,CC,D
13:30:08,MYOR,RG,2360,1,D,YP,CC,D
13:30:08,MYOR,RG,2360,1,D,DH,CC,D
13:30:07,MYOR,RG,2360,2,D,ZP,PD,D
13:30:07,MYOR,RG,2360,13,D,ZP,PD,D
13:30:07,MYOR,RG,2370,2,D,XC,RX,F
13:30:07,MYOR,RG,2360,3,D,PD,CC,D
13:30:07,MYOR,RG,2370,16,D,YP,RX,F
13:30:05,MYOR,RG,2370,1,D,XL,RX,F
13:30:04,MYOR,RG,2370,5,D,CC,RX,F
13:30:04,MYOR,RG,2360,2,D,PD,PD,D
13:30:04,MYOR,RG,2360,2,D,PD,XC,D
13:30:04,MYOR,RG,2360,1,D,PD,PD,D
13:30:04,MYOR,RG,2370,4,D,YB,RX,F
13:30:04,MYOR,RG,2370,1,D,YB,RX,F
13:30:04,MYOR,RG,2370,5,D,YB,KZ,F
13:30:02,MYOR,RG,2370,2,D,PD,KZ,F
11:29:45,MYOR,RG,2360,3,D,PD,ZP,F
11:29:43,MYOR,RG,2360,7,D,PD,YP,D
11:29:43,MYOR,RG,2360,5,D,DR,YP,D
11:29:43,MYOR,RG,2360,1,D,PD,YP,D
11:29:43,MYOR,RG,2360,9,D,EP,YP,D
11:29:27,MYOR,RG,2360,2,D,EP,ZP,F
11:29:26,MYOR,RG,2370,19,F,ZP,KZ,F
11:26:34,MYOR,RG,2370,1,D,DR,KZ,F
11:25:04,MYOR,RG,2360,1,D,EP,ZP,F
11:25:02,MYOR,RG,2370,2,D,CC,KZ,F
11:20:24,MYOR,RG,2370,4,F,ZP,KZ,F
11:18:45,MYOR,RG,2370,1,D,XC,KZ,F
11:17:28,MYOR,RG,2360,1,D,EP,ZP,F
11:17:27,MYOR,RG,2370,10,D,XC,KZ,F
11:17:00,MYOR,RG,2370,1,D,KK,KZ,F
11:16:22,MYOR,RG,2370,1,D,KK,KZ,F
11:15:42,MYOR,RG,2370,1,D,XL,KZ,F
11:15:18,MYOR,RG,2360,4,D,EP,ZP,F
11:15:16,MYOR,RG,2370,36,F,ZP,KZ,F
11:15:15,MYOR,RG,2370,4,F,ZP,ZP,F
11:15:13,MYOR,RG,2370,36,F,ZP,RX,F
11:15:13,MYOR,RG,2370,1,D,DR,RX,F
11:15:00,MYOR,RG,2360,1,D,EP,XC,D
11:14:39,MYOR,RG,2360,2,D,EP,PD,D
11:14:38,MYOR,RG,2360,20,D,CC,ZP,F
11:14:38,MYOR,RG,2360,2,D,XC,ZP,F
11:14:36,MYOR,RG,2370,10,D,PD,ZP,F
11:14:36,MYOR,RG,2370,1,D,XC,ZP,F
11:14:36,MYOR,RG,2370,1,D,XC,ZP,F
11:14:35,MYOR,RG,2370,84,F,ZP,RX,F
11:14:35,MYOR,RG,2370,100,D,CC,RX,F
11:14:35,MYOR,RG,2370,1,D,PD,RX,F
11:14:35,MYOR,RG,2370,10,D,XA,RX,F
11:14:35,MYOR,RG,2370,1,D,XC,RX,F
11:14:35,MYOR,RG,2370,5,D,PD,RX,F
11:14:35,MYOR,RG,2370,7,D,KK,RX,F
11:14:35,MYOR,RG,2370,10,D,PD,RX,F
11:14:35,MYOR,RG,2370,1,D,NI,RX,F
11:14:35,MYOR,RG,2370,81,D,DR,RX,F
11:13:30,MYOR,RG,2380,1,D,XC,KZ,F
11:12:40,MYOR,RG,2370,1,D,DR,ZP,F
11:12:39,MYOR,RG,2370,15,D,DR,RX,F
11:12:37,MYOR,RG,2370,8,D,DR,ZP,F
11:12:37,MYOR,RG,2370,14,D,MG,ZP,F
11:12:35,MYOR,RG,2370,6,D,MG,PD,D
11:12:35,MYOR,RG,2370,4,D,PD,PD,D
11:12:35,MYOR,RG,2370,11,D,OD,PD,D
11:12:35,MYOR,RG,2370,1,D,YP,PD,D
11:12:35,MYOR,RG,2370,6,D,SQ,PD,D
11:12:35,MYOR,RG,2370,6,F,ZP,PD,D
11:12:35,MYOR,RG,2370,5,D,YB,PD,D
11:12:35,MYOR,RG,2370,1,D,PD,PD,D
11:12:35,MYOR,RG,2370,2,D,XC,PD,D
11:12:35,MYOR,RG,2370,5,D,PD,PD,D
11:12:35,MYOR,RG,2370,5,D,YP,PD,D
11:12:35,MYOR,RG,2370,2,D,CC,PD,D
11:12:35,MYOR,RG,2370,1,D,XC,PD,D
11:12:35,MYOR,RG,2370,1,D,CC,PD,D
11:12:35,MYOR,RG,2370,20,D,XA,PD,D
11:12:35,MYOR,RG,2370,1,D,YP,PD,D
11:12:35,MYOR,RG,2370,20,D,YP,PD,D
11:12:35,MYOR,RG,2370,5,D,XC,PD,D
11:12:35,MYOR,RG,2370,20,D,EP,PD,D
11:12:35,MYOR,RG,2370,3,D,CC,PD,D
11:12:35,MYOR,RG,2370,3,D,CC,PD,D
11:12:35,MYOR,RG,2370,1,D,XC,PD,D
11:12:35,MYOR,RG,2370,1,D,YP,PD,D
11:12:35,MYOR,RG,2370,1,D,YP,PD,D
11:12:35,MYOR,RG,2370,10,D,XC,PD,D
11:12:35,MYOR,RG,2370,1,D,PD,PD,D
11:12:35,MYOR,RG,2370,1,D,XC,PD,D
11:12:35,MYOR,RG,2370,30,D,YP,PD,D
11:12:35,MYOR,RG,2370,3,D,XC,PD,D
11:12:35,MYOR,RG,2370,1,D,XC,PD,D
11:12:35,MYOR,RG,2370,21,D,NI,PD,D
11:12:35,MYOR,RG,2370,1,D,CC,PD,D
11:12:35,MYOR,RG,2370,10,D,NI,PD,D
11:12:35,MYOR,RG,2370,1,D,YP,PD,D
11:10:55,MYOR,RG,2370,1,D,PD,ZP,F
11:10:55,MYOR,RG,2370,5,D,MG,ZP,F
11:10:53,MYOR,RG,2370,40,D,MG,CC,D
11:10:53,MYOR,RG,2370,3,D,PD,CC,D
11:10:53,MYOR,RG,2370,1,D,NI,CC,D
11:10:53,MYOR,RG,2370,3,D,NI,CC,D
11:10:52,MYOR,RG,2370,2,D,NI,ZP,F
11:10:52,MYOR,RG,2370,1,D,YP,ZP,F
11:10:52,MYOR,RG,2370,1,D,YP,ZP,F
11:10:52,MYOR,RG,2370,1,D,PD,ZP,F
11:10:52,MYOR,RG,2370,7,D,SQ,ZP,F
11:10:51,MYOR,RG,2380,47,F,ZP,KZ,F
11:10:51,MYOR,RG,2380,1,D,XC,KZ,F
11:10:51,MYOR,RG,2380,66,F,ZP,KZ,F
11:10:40,MYOR,RG,2390,1,D,XC,KZ,F
11:10:36,MYOR,RG,2380,1,F,ZP,RX,F
11:10:33,MYOR,RG,2380,2,F,ZP,ZP,F
11:10:33,MYOR,RG,2380,1,F,ZP,RX,F
11:10:32,MYOR,RG,2380,17,F,ZP,RX,F
11:10:31,MYOR,RG,2380,7,F,ZP,ZP,F
11:10:31,MYOR,RG,2380,5,D,OD,ZP,F
11:10:31,MYOR,RG,2380,1,D,YP,ZP,F
11:10:31,MYOR,RG,2380,1,D,PD,ZP,F
11:10:31,MYOR,RG,2380,1,D,XC,ZP,F
11:10:31,MYOR,RG,2380,1,D,SQ,ZP,F
11:10:31,MYOR,RG,2380,3,D,SQ,KZ,F
11:10:31,MYOR,RG,2380,6,D,YP,KZ,F
11:10:31,MYOR,RG,2380,1,D,PD,KZ,F
11:10:31,MYOR,RG,2380,100,D,CC,KZ,F
11:10:31,MYOR,RG,2380,1,D,XC,KZ,F
11:10:31,MYOR,RG,2380,3,D,XC,KZ,F
11:10:31,MYOR,RG,2380,2,D,XC,KZ,F
11:10:31,MYOR,RG,2380,33,D,PD,KZ,F
11:10:30,MYOR,RG,2380,2,D,PD,RX,F
11:10:28,MYOR,RG,2380,2,D,PD,ZP,F
11:10:27,MYOR,RG,2380,12,D,PD,ZP,F
11:10:27,MYOR,RG,2380,12,D,PD,RX,F
11:10:26,MYOR,RG,2380,108,D,PD,KZ,F
11:10:25,MYOR,RG,2380,1,D,PD,ZP,F
11:10:24,MYOR,RG,2380,14,D,PD,RX,F
11:10:22,MYOR,RG,2380,126,D,PD,ZP,F
11:10:22,MYOR,RG,2380,132,D,PD,RX,F
11:10:21,MYOR,RG,2380,129,D,PD,CP,D
11:10:21,MYOR,RG,2380,154,F,ZP,CP,D
11:10:21,MYOR,RG,2380,128,F,ZP,CP,D
11:10:21,MYOR,RG,2380,589,D,PD,CP,D
11:06:20,MYOR,RG,2390,12,F,ZP,KZ,F
11:06:20,MYOR,RG,2390,9,F,ZP,KZ,F
11:05:27,MYOR,RG,2380,20,D,PD,NI,D
11:05:17,MYOR,RG,2380,1,D,PD,XC,D
11:01:38,MYOR,RG,2390,3,D,XC,KZ,F
11:01:04,MYOR,RG,2390,1,D,XC,KZ,F
11:00:25,MYOR,RG,2390,7,F,ZP,KZ,F
11:00:12,MYOR,RG,2390,1,D,PD,KZ,F
10:57:59,MYOR,RG,2390,14,F,ZP,KZ,F
10:55:04,MYOR,RG,2390,18,D,PD,KZ,F
10:55:04,MYOR,RG,2390,1,D,PD,KK,D
10:55:04,MYOR,RG,2390,6,D,PD,PD,D
10:54:30,MYOR,RG,2380,17,D,PD,XC,D
10:53:30,MYOR,RG,2380,2,D,PD,XC,D
10:52:18,MYOR,RG,2390,4,F,ZP,PD,D
10:52:18,MYOR,RG,2390,21,F,ZP,LG,D
10:52:14,MYOR,RG,2380,1,D,PD,XC,D
10:50:12,MYOR,RG,2380,11,D,PD,PD,D
10:49:47,MYOR,RG,2380,1,D,PD,XC,D
10:49:38,MYOR,RG,2380,5,D,PD,XC,D
10:48:37,MYOR,RG,2390,12,F,ZP,LG,D
10:48:16,MYOR,RG,2390,1,D,NI,LG,D
10:47:16,MYOR,RG,2390,12,F,ZP,LG,D
10:45:59,MYOR,RG,2390,2,D,NI,LG,D
10:45:25,MYOR,RG,2390,12,F,ZP,LG,D
10:45:07,MYOR,RG,2390,12,F,ZP,LG,D
10:42:56,MYOR,RG,2380,2,D,PD,PD,D
10:42:48,MYOR,RG,2390,12,F,ZP,LG,D
10:41:49,MYOR,RG,2380,1,D,PD,RX,F
10:41:46,MYOR,RG,2390,2,D,XC,LG,D
10:41:04,MYOR,RG,2380,1,D,PD,RX,F
10:40:56,MYOR,RG,2390,12,F,ZP,LG,D
10:40:54,MYOR,RG,2390,1,D,EP,LG,D
10:40:51,MYOR,RG,2380,29,D,PD,RX,F
10:40:51,MYOR,RG,2380,48,D,PD,KZ,F
10:40:31,MYOR,RG,2380,24,F,ZP,KZ,F
10:40:31,MYOR,RG,2380,1,D,NI,KZ,F
10:40:31,MYOR,RG,2380,2,D,EP,KZ,F
10:40:31,MYOR,RG,2380,10,D,PD,KZ,F
10:40:31,MYOR,RG,2380,18,D,YP,KZ,F
10:40:31,MYOR,RG,2380,62,F,ZP,KZ,F
10:40:31,MYOR,RG,2380,2,D,PD,KZ,F
10:40:31,MYOR,RG,2380,63,F,ZP,KZ,F
10:40:31,MYOR,RG,2380,2,D,XC,KZ,F
10:40:31,MYOR,RG,2380,25,D,NI,KZ,F
10:40:31,MYOR,RG,2380,1,D,PD,KZ,F
10:40:30,MYOR,RG,2380,5,D,PD,RX,F
10:40:26,MYOR,RG,2380,14,D,PD,YP,D
10:40:26,MYOR,RG,2380,30,D,AZ,YP,D
10:40:26,MYOR,RG,2380,6,D,MG,YP,D
10:39:22,MYOR,RG,2380,1,D,MG,XC,D
10:34:05,MYOR,RG,2380,13,D,MG,RX,F
10:34:05,MYOR,RG,2380,2,D,XC,RX,F
10:34:05,MYOR,RG,2380,2,D,PD,RX,F
10:34:02,MYOR,RG,2380,8,D,PD,RX,F
10:34:02,MYOR,RG,2380,1,D,YU,RX,F
10:34:01,MYOR,RG,2380,152,F,ZP,KZ,F
10:34:01,MYOR,RG,2380,75,F,ZP,KZ,F
10:34:00,MYOR,RG,2380,1,F,ZP,RX,F
10:33:58,MYOR,RG,2380,42,F,ZP,LG,D
10:33:58,MYOR,RG,2380,8,D,EP,LG,D
10:33:46,MYOR,RG,2390,1,D,YP,LG,D
10:33:46,MYOR,RG,2390,4,D,YP,RX,F
10:32:53,MYOR,RG,2380,1,D,EP,CC,D
10:32:22,MYOR,RG,2380,97,D,EP,XC,D
10:31:49,MYOR,RG,2390,1,D,XC,RX,F
10:30:51,MYOR,RG,2390,2,D,SQ,RX,F
10:30:36,MYOR,RG,2390,1,D,XC,RX,F
10:30:21,MYOR,RG,2390,6,F,ZP,RX,F
10:30:05,MYOR,RG,2390,161,F,ZP,RX,F
10:30:02,MYOR,RG,2390,2,D,PD,RX,F
10:28:57,MYOR,RG,2390,2,D,PD,RX,F
10:28:43,MYOR,RG,2390,1,D,XC,RX,F
10:28:42,MYOR,RG,2390,1,D,XC,RX,F
10:26:51,MYOR,RG,2390,2,D,XC,RX,F
10:24:31,MYOR,RG,2390,21,F,ZP,RX,F
10:23:54,MYOR,RG,2380,96,D,EP,TF,D
10:20:24,MYOR,RG,2390,1,F,ZP,RX,F
10:20:24,MYOR,RG,2390,6,F,ZP,RX,F
10:20:21,MYOR,RG,2390,9,F,ZP,RX,F
10:20:20,MYOR,RG,2390,25,F,ZP,RX,F
10:20:20,MYOR,RG,2390,3,F,ZP,RX,F
10:20:20,MYOR,RG,2380,4,D,EP,RX,F
10:20:20,MYOR,RG,2380,41,D,EP,LG,D
10:19:54,MYOR,RG,2380,59,D,PD,LG,D
10:19:54,MYOR,RG,2380,100,D,PD,RX,F
10:19:54,MYOR,RG,2380,50,D,PD,RX,F
10:19:54,MYOR,RG,2380,150,D,PD,RX,F
10:19:54,MYOR,RG,2380,271,D,PD,KZ,F
10:19:54,MYOR,RG,2380,53,D,PD,RX,F
10:19:54,MYOR,RG,2380,35,D,PD,KZ,F
10:19:54,MYOR,RG,2380,4,D,PD,KZ,F
10:19:54,MYOR,RG,2380,6,D,PD,RX,F
10:19:33,MYOR,RG,2370,16,D,SQ,CC,D
10:19:23,MYOR,RG,2370,2,D,SQ,RX,F
10:19:23,MYOR,RG,2370,1,D,PD,RX,F
10:19:23,MYOR,RG,2370,15,D,PD,RX,F
10:19:23,MYOR,RG,2370,4,D,DR,RX,F
10:19:21,MYOR,RG,2370,1,D,DR,CC,D
10:19:21,MYOR,RG,2370,9,D,KK,CC,D
10:19:21,MYOR,RG,2370,11,D,KK,XC,D
10:16:34,MYOR,RG,2380,2,D,XL,RX,F
10:16:23,MYOR,RG,2380,2,D,XC,RX,F
10:15:42,MYOR,RG,2380,2,D,YP,RX,F
10:14:39,MYOR,RG,2380,1,D,DR,RX,F
10:13:21,MYOR,RG,2380,1,D,DR,RX,F
10:12:54,MYOR,RG,2380,47,F,ZP,RX,F
10:12:54,MYOR,RG,2380,92,F,ZP,RX,F
10:12:54,MYOR,RG,2380,18,D,PD,RX,F
10:12:54,MYOR,RG,2380,5,D,OD,RX,F
10:12:54,MYOR,RG,2380,5,D,EP,RX,F
10:12:54,MYOR,RG,2380,19,F,ZP,RX,F
10:12:51,MYOR,RG,2380,21,F,ZP,DR,D
10:12:51,MYOR,RG,2380,5,D,HP,DR,D
10:12:51,MYOR,RG,2380,4,D,PD,DR,D
10:12:51,MYOR,RG,2380,3,D,XC,DR,D
10:12:51,MYOR,RG,2380,43,F,ZP,DR,D
10:12:51,MYOR,RG,2380,89,F,ZP,DR,D
10:12:51,MYOR,RG,2380,19,F,ZP,DR,D
10:12:46,MYOR,RG,2380,3,F,ZP,RX,F
10:12:36,MYOR,RG,2380,17,F,ZP,KZ,F
10:12:36,MYOR,RG,2380,1,D,PD,KZ,F
10:12:36,MYOR,RG,2380,6,D,XC,KZ,F
10:12:33,MYOR,RG,2380,2,D,XC,RX,F
10:12:33,MYOR,RG,2380,2,F,NI,RX,F
10:12:33,MYOR,RG,2380,5,F,ZP,RX,F
10:12:33,MYOR,RG,2380,1,D,PD,RX,F
10:12:33,MYOR,RG,2380,4,F,ZP,RX,F
10:12:33,MYOR,RG,2380,2,D,XC,RX,F
10:12:33,MYOR,RG,2380,1,D,YP,RX,F
10:12:33,MYOR,RG,2380,2,D,TF,RX,F
10:12:31,MYOR,RG,2380,1,D,TF,KZ,F
10:12:31,MYOR,RG,2380,1,D,XC,KZ,F
10:12:31,MYOR,RG,2380,1,D,YP,KZ,F
10:12:31,MYOR,RG,2380,1,D,PD,KZ,F
10:12:31,MYOR,RG,2380,1,D,XC,KZ,F
10:12:31,MYOR,RG,2380,25,D,XA,KZ,F
10:12:31,MYOR,RG,2380,10,D,DR,KZ,F
10:12:31,MYOR,RG,2380,1,D,XC,KZ,F
10:12:31,MYOR,RG,2380,5,D,XC,KZ,F
10:12:31,MYOR,RG,2380,1,D,XC,KZ,F
10:12:31,MYOR,RG,2380,2,D,YP,KZ,F
10:12:31,MYOR,RG,2380,1,D,XC,KZ,F
10:12:31,MYOR,RG,2380,1,D,YP,KZ,F
10:12:31,MYOR,RG,2380,1,D,XC,KZ,F
10:12:31,MYOR,RG,2380,1,D,YP,KZ,F
10:12:31,MYOR,RG,2380,11,D,XL,KZ,F
10:12:31,MYOR,RG,2380,1,D,XC,KZ,F
10:12:31,MYOR,RG,2380,1,D,DR,KZ,F
10:12:31,MYOR,RG,2380,1,D,NI,KZ,F
10:12:31,MYOR,RG,2380,1,D,PD,KZ,F
10:12:31,MYOR,RG,2380,50,D,CC,KZ,F
10:12:31,MYOR,RG,2380,1,D,YP,KZ,F
10:12:31,MYOR,RG,2380,1,D,PD,KZ,F
10:12:31,MYOR,RG,2380,1,D,XC,KZ,F
10:12:31,MYOR,RG,2380,1,D,PD,KZ,F
10:12:31,MYOR,RG,2380,3,D,DR,KZ,F
10:12:31,MYOR,RG,2380,26,D,YP,KZ,F
10:12:31,MYOR,RG,2380,1,D,PD,KZ,F
10:12:31,MYOR,RG,2380,10,D,GR,KZ,F
10:12:31,MYOR,RG,2380,3,D,CC,KZ,F
10:12:31,MYOR,RG,2380,8,D,PD,KZ,F
10:12:00,MYOR,RG,2380,2,D,PD,KK,D
10:10:51,MYOR,RG,2380,1,D,XC,KZ,F
10:10:20,MYOR,RG,2390,3,D,YU,RX,F
10:06:23,MYOR,RG,2390,30,F,ZP,RX,F
10:06:23,MYOR,RG,2390,4,D,XL,RX,F
10:06:23,MYOR,RG,2390,7,D,PD,RX,F
10:06:21,MYOR,RG,2390,3,D,PD,YP,D
10:06:21,MYOR,RG,2390,1,D,YP,YP,D
10:06:21,MYOR,RG,2390,2,D,XC,YP,D
10:06:21,MYOR,RG,2390,44,F,ZP,YP,D
10:06:21,MYOR,RG,2390,13,F,ZP,YP,D
10:06:21,MYOR,RG,2390,1,D,YP,YP,D
10:06:21,MYOR,RG,2390,2,D,XC,YP,D
10:06:21,MYOR,RG,2390,105,F,ZP,YP,D
10:06:21,MYOR,RG,2390,112,F,ZP,YP,D
10:06:21,MYOR,RG,2390,117,D,PD,YP,D
10:05:25,MYOR,RG,2400,5,F,ZP,YP,D
10:04:36,MYOR,RG,2400,1,F,ZP,YP,D
10:04:36,MYOR,RG,2400,12,F,ZP,KZ,F
10:04:21,MYOR,RG,2400,16,F,ZP,KZ,F
10:02:20,MYOR,RG,2400,11,F,ZP,KZ,F
10:02:19,MYOR,RG,2390,6,D,PD,EP,D
10:01:59,MYOR,RG,2390,10,D,PD,KK,D
10:00:23,MYOR,RG,2400,8,F,ZP,KZ,F
10:00:20,MYOR,RG,2400,3,F,ZP,KZ,F
9:58:46,MYOR,RG,2400,1,F,ZP,KZ,F
9:58:46,MYOR,RG,2400,13,F,ZP,RX,F
9:58:46,MYOR,RG,2400,7,F,ZP,XL,D
9:54:31,MYOR,RG,2400,1,F,ZP,PD,D
9:54:31,MYOR,RG,2400,20,F,ZP,YP,D
9:54:31,MYOR,RG,2400,1,F,ZP,PD,D
9:54:31,MYOR,RG,2400,3,F,ZP,KZ,F
9:54:31,MYOR,RG,2400,1,F,ZP,XC,D
9:54:31,MYOR,RG,2400,25,F,ZP,KZ,F
9:53:25,MYOR,RG,2390,2,D,PD,XC,D
9:52:28,MYOR,RG,2390,1,D,PD,PD,D
9:51:01,MYOR,RG,2390,16,D,PD,RX,F
9:50:59,MYOR,RG,2390,45,D,PD,PD,D
9:50:39,MYOR,RG,2390,1,D,PD,XC,D
9:50:03,MYOR,RG,2390,2,D,PD,XC,D
9:49:10,MYOR,RG,2390,3,D,PD,XC,D
9:47:51,MYOR,RG,2390,9,D,PD,GR,D
9:47:02,MYOR,RG,2400,24,D,YP,KZ,F
9:47:02,MYOR,RG,2400,26,D,YP,RX,F
9:45:27,MYOR,RG,2400,3,D,CC,RX,F
9:44:10,MYOR,RG,2390,4,D,PD,KK,D
9:43:13,MYOR,RG,2390,100,D,PD,LG,D
9:42:34,MYOR,RG,2400,59,F,ZP,RX,F
9:42:34,MYOR,RG,2400,12,F,ZP,RX,F
9:42:34,MYOR,RG,2400,2,F,ZP,XC,D
9:42:34,MYOR,RG,2400,6,F,ZP,RX,F
9:42:34,MYOR,RG,2400,1,F,ZP,YP,D
9:42:33,MYOR,RG,2400,3,F,ZP,YP,D
9:42:33,MYOR,RG,2400,3,F,ZP,RX,F
9:42:33,MYOR,RG,2400,6,F,ZP,RX,F
9:42:32,MYOR,RG,2390,2,D,PD,NI,D
9:42:32,MYOR,RG,2390,3,D,PD,AT,D
9:42:32,MYOR,RG,2390,10,D,PD,SQ,D
9:42:32,MYOR,RG,2390,10,D,PD,KZ,F
9:42:32,MYOR,RG,2390,20,D,PD,YP,D
9:42:32,MYOR,RG,2390,11,D,PD,KZ,F
9:42:32,MYOR,RG,2390,2,D,PD,KZ,F
9:42:32,MYOR,RG,2390,17,D,PD,KZ,F
9:42:32,MYOR,RG,2390,29,D,PD,RX,F
9:42:32,MYOR,RG,2390,1,D,PD,KZ,F
9:42:32,MYOR,RG,2390,7,D,PD,KZ,F
9:42:32,MYOR,RG,2390,10,D,PD,PD,D
9:42:32,MYOR,RG,2390,35,D,PD,KZ,F
9:42:32,MYOR,RG,2390,70,D,PD,RX,F
9:42:32,MYOR,RG,2390,28,D,PD,KZ,F
9:39:42,MYOR,RG,2390,2,D,NI,KZ,F
9:38:58,MYOR,RG,2390,24,D,PD,KZ,F
9:38:38,MYOR,RG,2380,3,F,ZP,RX,F
9:38:38,MYOR,RG,2380,4,F,ZP,RX,F
9:38:37,MYOR,RG,2390,24,D,PD,KZ,F
9:37:26,MYOR,RG,2380,1,F,ZP,XL,D
9:36:33,MYOR,RG,2380,1,F,ZP,PD,D
9:34:19,MYOR,RG,2380,5,F,ZP,GR,D
9:34:16,MYOR,RG,2390,1,D,XC,KZ,F
9:34:05,MYOR,RG,2380,5,F,ZP,GR,D
9:33:50,MYOR,RG,2380,22,F,ZP,NI,D
9:33:01,MYOR,RG,2390,1,D,YP,KZ,F
9:32:20,MYOR,RG,2390,10,F,ZP,KZ,F
9:31:47,MYOR,RG,2390,27,D,CC,KZ,F
9:31:47,MYOR,RG,2390,3,D,CC,RX,F
9:31:47,MYOR,RG,2390,30,D,CC,RX,F
9:31:47,MYOR,RG,2390,2,D,CC,RX,F
9:31:47,MYOR,RG,2390,1,D,CC,RX,F
9:31:47,MYOR,RG,2390,13,D,CC,AT,D
9:31:47,MYOR,RG,2390,24,D,CC,KZ,F
9:30:03,MYOR,RG,2390,2,D,PD,KZ,F
9:29:05,MYOR,RG,2390,3,D,YP,KZ,F
9:28:35,MYOR,RG,2390,1,D,PD,KZ,F
9:27:51,MYOR,RG,2380,1,F,ZP,RX,F
9:27:48,MYOR,RG,2390,3,D,CC,KZ,F
9:25:25,MYOR,RG,2390,1,D,XC,KZ,F
9:25:21,MYOR,RG,2380,5,F,ZP,GR,D
9:24:16,MYOR,RG,2390,1,D,PD,KZ,F
9:24:06,MYOR,RG,2380,1,F,ZP,RX,F
9:24:01,MYOR,RG,2380,7,F,ZP,KZ,F
9:24:01,MYOR,RG,2380,1,D,PD,KZ,F
9:24:01,MYOR,RG,2380,2,D,XC,KZ,F
9:24:01,MYOR,RG,2380,2,D,XC,KZ,F
9:24:01,MYOR,RG,2380,2,D,PD,KZ,F
9:24:01,MYOR,RG,2380,1,D,XC,KZ,F
9:24:01,MYOR,RG,2380,1,D,XC,KZ,F
9:24:01,MYOR,RG,2380,15,F,ZP,KZ,F
9:24:01,MYOR,RG,2380,1,F,ZP,KZ,F
9:23:57,MYOR,RG,2380,14,F,ZP,XC,D
9:23:57,MYOR,RG,2380,7,D,CC,XC,D
9:22:50,MYOR,RG,2380,5,D,CC,PD,D
9:22:28,MYOR,RG,2380,1,D,CC,XC,D
9:20:30,MYOR,RG,2380,2,D,CC,DH,D
9:20:30,MYOR,RG,2380,1,D,YP,DH,D
9:20:30,MYOR,RG,2380,10,D,ZP,DH,D
9:20:30,MYOR,RG,2380,3,D,YP,DH,D
9:20:30,MYOR,RG,2380,1,D,PD,DH,D
9:20:30,MYOR,RG,2380,4,F,ZP,DH,D
9:20:23,MYOR,RG,2390,3,F,ZP,KZ,F
9:20:23,MYOR,RG,2390,1,F,ZP,OD,D
9:20:23,MYOR,RG,2390,9,F,ZP,RX,F
9:19:50,MYOR,RG,2390,7,D,YP,RX,F
9:19:50,MYOR,RG,2390,70,D,YP,RX,F
9:19:50,MYOR,RG,2390,5,D,YP,XC,D
9:19:50,MYOR,RG,2390,10,D,YP,CC,D
9:19:50,MYOR,RG,2390,3,D,YP,KZ,F
9:19:50,MYOR,RG,2390,5,D,YP,RX,F
9:18:39,MYOR,RG,2380,1,F,ZP,XC,D
9:18:17,MYOR,RG,2380,10,F,ZP,PD,D
9:17:36,MYOR,RG,2390,2,F,ZP,RX,F
9:17:36,MYOR,RG,2390,10,F,ZP,YP,D
9:17:18,MYOR,RG,2390,15,D,PD,YP,D
9:17:18,MYOR,RG,2390,4,D,PD,KZ,F
9:17:18,MYOR,RG,2390,30,D,PD,RX,F
9:17:18,MYOR,RG,2390,3,D,PD,KZ,F
9:17:18,MYOR,RG,2390,13,D,PD,RX,F
9:17:18,MYOR,RG,2390,3,D,PD,KZ,F
9:17:18,MYOR,RG,2390,3,D,PD,KZ,F
9:17:18,MYOR,RG,2390,9,D,PD,KZ,F
9:17:18,MYOR,RG,2390,20,D,PD,KZ,F
9:12:08,MYOR,RG,2390,1,D,XC,KZ,F
9:10:31,MYOR,RG,2390,3,D,NI,KZ,F
9:10:27,MYOR,RG,2380,1,F,ZP,RX,F
9:10:24,MYOR,RG,2380,10,F,ZP,XC,D
9:10:20,MYOR,RG,2390,1,D,PD,KZ,F
9:10:07,MYOR,RG,2380,1,F,ZP,RX,F
9:09:39,MYOR,RG,2390,1,D,XC,KZ,F
9:09:23,MYOR,RG,2390,5,D,XC,KZ,F
9:09:00,MYOR,RG,2380,1,F,ZP,XC,D
9:09:00,MYOR,RG,2380,4,F,ZP,RX,F
9:08:58,MYOR,RG,2380,1,D,YP,GR,D
9:08:58,MYOR,RG,2380,1,D,PD,GR,D
9:08:58,MYOR,RG,2380,12,D,YP,GR,D
9:08:58,MYOR,RG,2380,1,D,CC,GR,D
9:08:58,MYOR,RG,2380,1,D,YP,GR,D
9:08:58,MYOR,RG,2380,5,D,DR,GR,D
9:08:58,MYOR,RG,2380,1,D,PD,GR,D
9:08:58,MYOR,RG,2380,1,D,PD,GR,D
9:08:58,MYOR,RG,2380,4,D,PD,GR,D
9:08:58,MYOR,RG,2380,4,D,XC,GR,D
9:08:58,MYOR,RG,2380,1,D,PD,GR,D
9:08:58,MYOR,RG,2380,2,D,NI,GR,D
9:08:58,MYOR,RG,2380,4,D,KK,GR,D
9:07:50,MYOR,RG,2380,5,D,KK,RX,F
9:07:48,MYOR,RG,2380,1,D,KK,PD,D
9:07:14,MYOR,RG,2390,1,D,YP,KZ,F
9:06:22,MYOR,RG,2390,12,F,ZP,KZ,F
9:06:21,MYOR,RG,2390,4,F,ZP,KZ,F
9:06:21,MYOR,RG,2390,1,F,ZP,KZ,F
9:06:21,MYOR,RG,2390,13,F,ZP,KZ,F
9:06:21,MYOR,RG,2390,12,F,ZP,KZ,F
9:06:21,MYOR,RG,2390,1,D,XC,KZ,F
9:06:21,MYOR,RG,2390,6,F,ZP,KZ,F
9:06:18,MYOR,RG,2390,1,F,ZP,RX,F
9:06:16,MYOR,RG,2390,13,F,ZP,YP,D
9:06:16,MYOR,RG,2390,18,F,ZP,YP,D
9:03:31,MYOR,RG,2400,4,F,ZP,RX,F
9:03:31,MYOR,RG,2400,6,F,ZP,KZ,F
9:03:31,MYOR,RG,2400,9,F,ZP,RX,F
9:03:28,MYOR,RG,2390,9,F,ZP,RX,F
9:03:28,MYOR,RG,2390,5,F,ZP,RX,F
9:03:27,MYOR,RG,2390,26,F,ZP,YP,D
9:03:27,MYOR,RG,2390,1,D,LG,YP,D
9:03:27,MYOR,RG,2390,1,F,ZP,YP,D
9:03:27,MYOR,RG,2390,5,D,KK,YP,D
9:03:27,MYOR,RG,2390,2,D,PD,YP,D
9:03:27,MYOR,RG,2390,40,D,EP,YP,D
9:03:27,MYOR,RG,2390,10,D,KK,YP,D
9:02:40,MYOR,RG,2400,11,D,CC,RX,F
9:02:14,MYOR,RG,2400,5,D,AZ,RX,F
9:02:13,MYOR,RG,2400,3,D,YP,RX,F
9:02:13,MYOR,RG,2400,12,F,ZP,RX,F
9:02:11,MYOR,RG,2400,7,F,ZP,KZ,F
9:02:11,MYOR,RG,2400,16,F,ZP,KZ,F
9:02:05,MYOR,RG,2410,3,D,YP,KZ,F
9:01:52,MYOR,RG,2410,3,D,YP,KZ,F
9:01:42,MYOR,RG,2400,2,F,ZP,RX,F
9:01:42,MYOR,RG,2400,7,F,ZP,RX,F
9:01:33,MYOR,RG,2400,7,F,ZP,RX,F
9:01:33,MYOR,RG,2400,1,D,XC,RX,F
9:01:33,MYOR,RG,2400,2,D,PD,RX,F
9:01:33,MYOR,RG,2400,2,D,YP,RX,F
9:01:33,MYOR,RG,2400,1,D,LG,RX,F
9:01:33,MYOR,RG,2400,10,D,PD,RX,F
9:01:33,MYOR,RG,2400,3,D,XC,RX,F
9:01:33,MYOR,RG,2400,9,F,ZP,RX,F
9:01:33,MYOR,RG,2400,16,D,PD,RX,F
9:01:33,MYOR,RG,2400,10,F,ZP,RX,F
9:01:33,MYOR,RG,2400,2,F,ZP,RX,F
9:01:33,MYOR,RG,2400,1,D,PD,RX,F
9:01:33,MYOR,RG,2400,5,D,XC,RX,F
9:01:33,MYOR,RG,2400,1,D,DR,RX,F
9:01:32,MYOR,RG,2410,20,F,ZP,KZ,F
9:01:32,MYOR,RG,2410,1,F,ZP,KZ,F
9:01:26,MYOR,RG,2400,8,D,DR,RX,F
9:00:50,MYOR,RG,2400,1,D,DR,RX,F
9:00:44,MYOR,RG,2400,4,D,DR,RX,F
9:00:33,MYOR,RG,2410,14,D,YP,KZ,F
9:00:33,MYOR,RG,2410,5,D,YP,OD,D
9:00:33,MYOR,RG,2410,8,D,YP,PD,D
9:00:33,MYOR,RG,2410,7,D,YP,PD,D
9:00:33,MYOR,RG,2410,1,D,YP,PD,D
9:00:33,MYOR,RG,2410,22,D,YP,PD,D
9:00:31,MYOR,RG,2410,5,D,CC,PD,D
9:00:27,MYOR,RG,2400,1,D,DR,RX,F
9:00:14,MYOR,RG,2410,10,D,YP,PD,D
9:00:13,MYOR,RG,2400,4,D,DR,PD,D
9:00:10,MYOR,RG,2410,9,F,ZP,PD,D
9:00:10,MYOR,RG,2400,3,D,DR,XC,D
9:00:07,MYOR,RG,2400,2,D,DR,PD,D
9:00:07,MYOR,RG,2410,2,F,ZP,PD,D
9:00:06,MYOR,RG,2400,26,D,DR,DH,D
9:00:06,MYOR,RG,2400,4,D,MG,DH,D
9:00:05,MYOR,RG,2400,1,D,MG,XC,D
9:00:03,MYOR,RG,2400,14,D,MG,AT,D
9:00:01,MYOR,RG,2400,1,D,MG,KK,D