Time,Stock,Brd,Price,Qty,BT,BC,SC,ST
15:08:28,MYOR,RG,2350,1,F,ZP,YP,D
15:08:01,MYOR,RG,2350,33,F,ZP,DH,D
15:05:35,MYOR,RG,2350,1,F,ZP,GR,D
15:05:23,MYOR,RG,2350,14,F,ZP,PD,D
15:00:00,MYOR,RG,2350,3,F,ZP,XC,D
15:00:00,MYOR,RG,2350,10,F,ZP,HP,D
15:00:00,MYOR,RG,2350,5,F,ZP,NI,D
15:00:00,MYOR,RG,2350,18,F,ZP,PD,D
15:00:00,MYOR,RG,2350,6,F,ZP,XC,D
15:00:00,MYOR,RG,2350,1,F,ZP,PD,D
15:00:00,MYOR,RG,2350,1,F,ZP,PD,D
15:00:00,MYOR,RG,2350,1,F,ZP,OD,D
15:00:00,MYOR,RG,2350,36,F,ZP,PD,D
15:00:00,MYOR,RG,2350,34,F,ZP,PD,D
15:00:00,MYOR,RG,2350,66,F,ZP,PD,D
15:00:00,MYOR,RG,2350,565,F,ZP,PD,D
15:00:00,MYOR,RG,2350,100,D,CC,PD,D
15:00:00,MYOR,RG,2350,4,D,XC,PD,D
15:00:00,MYOR,RG,2350,10,D,YP,PD,D
15:00:00,MYOR,RG,2350,3,D,YP,PD,D
15:00:00,MYOR,RG,2350,4,D,AT,PD,D
15:00:00,MYOR,RG,2350,3,D,DR,PD,D
15:00:00,MYOR,RG,2350,5,D,XC,PD,D
15:00:00,MYOR,RG,2350,5,D,XC,PD,D
15:00:00,MYOR,RG,2350,10,D,KK,PD,D
15:00:00,MYOR,RG,2350,2,F,OD,PD,D
15:00:00,MYOR,RG,2350,45,D,NI,PD,D
15:00:00,MYOR,RG,2350,25,D,KK,PD,D
15:00:00,MYOR,RG,2350,20,D,PD,PD,D
15:00:00,MYOR,RG,2350,88,D,XC,PD,D
15:00:00,MYOR,RG,2350,5,D,CC,PD,D
15:00:00,MYOR,RG,2350,10,D,XC,PD,D
15:00:00,MYOR,RG,2350,3,D,ZP,PD,D
15:00:00,MYOR,RG,2350,5,D,XC,PD,D
15:00:00,MYOR,RG,2350,50,D,YP,PD,D
15:00:00,MYOR,RG,2350,1,D,YP,PD,D
15:00:00,MYOR,RG,2350,1,D,NI,PD,D
15:00:00,MYOR,RG,2350,287,F,ZP,PD,D
14:49:44,MYOR,RG,2350,1,F,ZP,PD,D
14:49:33,MYOR,RG,2350,6,F,ZP,PD,D
14:49:27,MYOR,RG,2340,100,F,AI,PD,D
14:49:27,MYOR,RG,2340,50,F,AI,PD,D
14:49:27,MYOR,RG,2340,50,F,AI,PD,D
14:48:49,MYOR,RG,2340,20,F,AI,CC,D
14:48:37,MYOR,RG,2350,7,D,SQ,PD,D
14:48:37,MYOR,RG,2350,3,D,SQ,PD,D
14:48:19,MYOR,RG,2350,6,D,XC,PD,D
14:48:18,MYOR,RG,2350,11,D,DR,PD,D
14:48:17,MYOR,RG,2340,30,F,AI,CC,D
14:48:17,MYOR,RG,2340,1,D,CC,CC,D
14:48:17,MYOR,RG,2340,10,D,OD,CC,D
14:48:17,MYOR,RG,2340,2,D,YP,CC,D
14:48:17,MYOR,RG,2340,3,D,XC,CC,D
14:48:17,MYOR,RG,2340,1,D,PD,CC,D
14:48:17,MYOR,RG,2340,3,D,YP,CC,D
14:48:17,MYOR,RG,2340,2,D,YP,CC,D
14:48:17,MYOR,RG,2340,1,D,XC,CC,D
14:48:17,MYOR,RG,2340,1,D,PD,CC,D
14:48:17,MYOR,RG,2340,1,D,XC,CC,D
14:48:17,MYOR,RG,2340,1,D,PD,CC,D
14:48:17,MYOR,RG,2340,3,D,XC,CC,D
14:48:17,MYOR,RG,2340,5,D,NI,CC,D
14:48:04,MYOR,RG,2350,2,D,YP,PD,D
14:47:52,MYOR,RG,2350,10,D,SQ,PD,D
14:47:46,MYOR,RG,2340,4,D,NI,CS,D
14:47:46,MYOR,RG,2340,3,D,NI,CS,D
14:47:46,MYOR,RG,2340,1,D,XC,CS,D
14:47:46,MYOR,RG,2340,1,D,XC,CS,D
14:47:43,MYOR,RG,2340,2,D,XC,CS,D
14:47:43,MYOR,RG,2340,1,D,AT,CS,D
14:47:36,MYOR,RG,2340,1,F,ZP,CS,D
14:47:36,MYOR,RG,2340,1,F,ZP,CS,D
14:47:27,MYOR,RG,2340,1,F,ZP,CS,D
14:47:27,MYOR,RG,2340,10,F,ZP,CS,D
14:47:27,MYOR,RG,2340,6,F,ZP,CS,D
14:47:27,MYOR,RG,2340,5,F,ZP,CS,D
14:47:27,MYOR,RG,2340,11,F,ZP,CS,D
14:47:27,MYOR,RG,2340,8,F,ZP,CS,D
14:47:27,MYOR,RG,2340,3,F,ZP,CS,D
14:47:15,MYOR,RG,2340,2,F,ZP,CS,D
14:47:13,MYOR,RG,2340,8,F,ZP,CS,D
14:47:12,MYOR,RG,2350,10,D,XC,PD,D
14:46:16,MYOR,RG,2340,5,F,ZP,DR,D
14:46:04,MYOR,RG,2340,13,F,ZP,CS,D
14:46:04,MYOR,RG,2340,3,D,XC,CS,D
14:46:04,MYOR,RG,2340,1,D,XC,CS,D
14:46:04,MYOR,RG,2340,2,D,XA,CS,D
14:46:04,MYOR,RG,2340,20,D,YP,CS,D
14:46:04,MYOR,RG,2340,5,D,YP,CS,D
14:46:04,MYOR,RG,2340,5,D,PD,CS,D
14:46:04,MYOR,RG,2340,50,D,NI,CS,D
14:46:04,MYOR,RG,2340,1,D,PD,CS,D
14:46:04,MYOR,RG,2340,18,D,YP,CS,D
14:45:29,MYOR,RG,2340,5,D,YP,CS,D
14:45:29,MYOR,RG,2340,1,D,YP,CS,D
14:45:29,MYOR,RG,2340,4,D,YP,CS,D
14:45:29,MYOR,RG,2340,4,D,YP,CS,D
14:45:29,MYOR,RG,2340,9,D,YP,CS,D
14:44:42,MYOR,RG,2350,8,F,ZP,PD,D
14:44:42,MYOR,RG,2350,20,F,ZP,CC,D
14:44:42,MYOR,RG,2350,4,F,ZP,CS,D
14:44:42,MYOR,RG,2350,2,F,ZP,CS,D
14:44:42,MYOR,RG,2350,1,F,ZP,CS,D
14:44:41,MYOR,RG,2340,12,D,YP,CS,D
14:44:41,MYOR,RG,2340,1,D,YP,CS,D
14:44:41,MYOR,RG,2340,9,D,YP,CS,D
14:44:41,MYOR,RG,2340,11,D,YP,CS,D
14:44:41,MYOR,RG,2340,15,D,YP,CS,D
14:44:41,MYOR,RG,2340,11,D,YP,CS,D
14:44:41,MYOR,RG,2340,12,D,YP,CS,D
14:44:41,MYOR,RG,2340,14,D,YP,CS,D
14:44:41,MYOR,RG,2340,4,D,YP,CS,D
14:44:41,MYOR,RG,2340,6,D,YP,CS,D
14:44:11,MYOR,RG,2340,2,D,YP,CS,D
14:44:11,MYOR,RG,2340,2,D,YP,CS,D
14:44:11,MYOR,RG,2340,2,D,YP,CS,D
14:44:11,MYOR,RG,2340,4,D,YP,CS,D
14:44:11,MYOR,RG,2340,1,D,YP,CS,D
14:44:11,MYOR,RG,2340,2,D,YP,CS,D
14:44:03,MYOR,RG,2350,1,D,PD,CS,D
14:41:55,MYOR,RG,2350,6,F,ZP,CS,D
14:41:55,MYOR,RG,2350,2,F,ZP,CS,D
14:41:55,MYOR,RG,2350,1,F,ZP,CS,D
14:41:55,MYOR,RG,2350,10,F,ZP,XA,D
14:41:55,MYOR,RG,2350,3,F,ZP,CS,D
14:41:55,MYOR,RG,2350,6,F,ZP,PD,D
14:41:54,MYOR,RG,2350,6,D,GR,PD,D
14:41:54,MYOR,RG,2350,1,D,GR,CS,D
14:41:54,MYOR,RG,2350,4,D,GR,CS,D
14:41:54,MYOR,RG,2350,2,D,GR,CS,D
14:41:54,MYOR,RG,2350,3,D,GR,CS,D
14:41:54,MYOR,RG,2350,6,D,GR,CS,D
14:41:54,MYOR,RG,2350,192,D,GR,YP,D
14:40:58,MYOR,RG,2340,1,D,YP,LG,D
14:40:58,MYOR,RG,2340,20,D,DR,LG,D
14:40:58,MYOR,RG,2340,5,D,YP,LG,D
14:40:58,MYOR,RG,2340,1,D,XC,LG,D
14:40:58,MYOR,RG,2340,1,D,CC,LG,D
14:40:58,MYOR,RG,2340,1,D,YP,LG,D
14:40:58,MYOR,RG,2340,12,D,XC,LG,D
14:40:58,MYOR,RG,2340,15,D,IF,LG,D
14:40:58,MYOR,RG,2340,2,D,NI,LG,D
14:40:58,MYOR,RG,2340,20,D,DR,LG,D
14:40:58,MYOR,RG,2340,1,D,PD,LG,D
14:40:58,MYOR,RG,2340,10,D,CC,LG,D
14:40:58,MYOR,RG,2340,10,D,YP,LG,D
14:40:58,MYOR,RG,2340,1,D,XC,LG,D
14:40:58,MYOR,RG,2340,1,D,EP,LG,D
14:40:58,MYOR,RG,2340,25,D,NI,LG,D
14:40:58,MYOR,RG,2340,10,D,CC,LG,D
14:40:58,MYOR,RG,2340,2,D,PD,LG,D
14:40:58,MYOR,RG,2340,10,D,EP,LG,D
14:40:58,MYOR,RG,2340,2,D,NI,LG,D
14:40:58,MYOR,RG,2340,1,D,PD,LG,D
14:40:58,MYOR,RG,2340,1,D,XC,LG,D
14:40:58,MYOR,RG,2340,7,D,XC,LG,D
14:40:58,MYOR,RG,2340,15,D,PD,LG,D
14:40:58,MYOR,RG,2340,4,D,PD,LG,D
14:40:58,MYOR,RG,2340,1,D,CC,LG,D
14:40:58,MYOR,RG,2340,15,D,PD,LG,D
14:40:58,MYOR,RG,2340,3,D,PD,LG,D
14:40:58,MYOR,RG,2340,53,D,DH,LG,D
14:40:42,MYOR,RG,2350,19,D,AT,YP,D
14:40:42,MYOR,RG,2350,1,D,AT,CC,D
14:40:42,MYOR,RG,2340,6,D,DH,CS,D
14:39:35,MYOR,RG,2350,2,D,YP,CC,D
14:37:54,MYOR,RG,2350,3,D,YP,CC,D
14:36:14,MYOR,RG,2340,41,D,DH,CS,D
14:36:14,MYOR,RG,2340,1,D,PD,CS,D
14:36:14,MYOR,RG,2340,1,D,PD,CS,D
14:36:14,MYOR,RG,2340,1,D,CC,CS,D
14:36:14,MYOR,RG,2340,12,F,ZP,CS,D
14:36:14,MYOR,RG,2340,4,D,KK,CS,D
14:36:14,MYOR,RG,2340,20,D,OD,CS,D
14:36:14,MYOR,RG,2340,20,D,SQ,CS,D
14:36:14,MYOR,RG,2340,1,D,XC,CS,D
14:36:14,MYOR,RG,2340,1,D,XL,CS,D
14:36:14,MYOR,RG,2340,20,D,GR,CS,D
14:36:14,MYOR,RG,2340,3,D,XC,CS,D
14:36:14,MYOR,RG,2340,1,D,YP,CS,D
14:36:14,MYOR,RG,2340,2,D,DH,CS,D
14:36:14,MYOR,RG,2340,5,D,PD,CS,D
14:36:14,MYOR,RG,2340,1,D,YP,CS,D
14:36:14,MYOR,RG,2340,7,D,DH,CS,D
14:36:14,MYOR,RG,2340,1,D,PD,CS,D
14:36:14,MYOR,RG,2340,7,D,PD,CS,D
14:36:14,MYOR,RG,2340,1,D,CC,CS,D
14:36:14,MYOR,RG,2340,1,D,PD,CS,D
14:36:14,MYOR,RG,2340,25,D,CC,CS,D
14:36:14,MYOR,RG,2340,1,D,CC,CS,D
14:36:14,MYOR,RG,2340,8,D,YP,CS,D
14:36:14,MYOR,RG,2340,5,D,YP,CS,D
14:35:04,MYOR,RG,2350,1,D,YP,CC,D
14:34:57,MYOR,RG,2350,10,D,LG,CC,D
14:34:57,MYOR,RG,2350,1,D,LG,CS,D
14:34:57,MYOR,RG,2350,1,D,LG,CS,D
14:34:57,MYOR,RG,2350,2,D,LG,CS,D
14:34:57,MYOR,RG,2350,1,D,LG,CS,D
14:34:57,MYOR,RG,2350,8,D,LG,CS,D
14:34:57,MYOR,RG,2350,1,D,LG,CS,D
14:34:57,MYOR,RG,2350,26,D,LG,PD,D
14:34:09,MYOR,RG,2350,2,D,PD,PD,D
14:31:29,MYOR,RG,2350,2,D,XC,PD,D
14:31:08,MYOR,RG,2350,1,D,PD,PD,D
14:30:28,MYOR,RG,2350,11,D,XA,PD,D
14:29:01,MYOR,RG,2350,8,D,NI,PD,D
14:29:01,MYOR,RG,2350,2,D,NI,CS,D
14:28:41,MYOR,RG,2350,1,D,XC,CS,D
14:28:41,MYOR,RG,2350,1,D,PD,CS,D
14:28:24,MYOR,RG,2350,1,D,XC,CS,D
14:28:24,MYOR,RG,2350,8,D,XC,CS,D
14:27:36,MYOR,RG,2350,3,D,PD,CS,D
14:27:36,MYOR,RG,2350,2,D,PD,CS,D
14:27:18,MYOR,RG,2350,1,D,PD,CS,D
14:27:18,MYOR,RG,2350,5,D,PD,CS,D
14:27:18,MYOR,RG,2350,2,D,PD,CS,D
14:27:18,MYOR,RG,2350,1,D,PD,CS,D
14:26:31,MYOR,RG,2350,1,D,PD,CS,D
14:26:31,MYOR,RG,2350,2,D,PD,CS,D
14:25:34,MYOR,RG,2350,1,D,NI,CS,D
14:25:31,MYOR,RG,2350,1,D,EP,CS,D
14:25:12,MYOR,RG,2350,1,D,PD,CS,D
14:24:35,MYOR,RG,2350,1,D,CC,CS,D
14:24:35,MYOR,RG,2350,4,D,CC,PD,D
14:24:31,MYOR,RG,2350,1,D,AT,PD,D
14:24:23,MYOR,RG,2350,5,D,XC,PD,D
14:24:12,MYOR,RG,2350,1,D,PD,PD,D
14:24:06,MYOR,RG,2350,1,D,CC,PD,D
14:23:48,MYOR,RG,2350,5,D,YP,PD,D
14:23:31,MYOR,RG,2350,5,D,XC,PD,D
14:23:31,MYOR,RG,2350,10,D,SQ,PD,D
14:23:31,MYOR,RG,2350,1,D,XC,PD,D
14:23:31,MYOR,RG,2350,17,D,XC,PD,D
14:23:31,MYOR,RG,2350,25,D,XC,PD,D
14:23:31,MYOR,RG,2350,2,D,NI,PD,D
14:23:31,MYOR,RG,2350,1,D,NI,PD,D
14:23:31,MYOR,RG,2350,22,D,YP,PD,D
14:23:10,MYOR,RG,2350,3,D,YP,CC,D
14:22:45,MYOR,RG,2360,1,D,XC,XC,D
14:22:42,MYOR,RG,2350,2,D,YP,CC,D
14:22:14,MYOR,RG,2350,7,D,YP,CS,D
14:22:13,MYOR,RG,2350,16,D,YP,IF,D
14:22:13,MYOR,RG,2350,10,D,DH,IF,D
14:22:13,MYOR,RG,2350,1,D,XC,IF,D
14:22:13,MYOR,RG,2350,3,D,XC,IF,D
14:22:13,MYOR,RG,2350,1,D,PD,IF,D
14:22:13,MYOR,RG,2350,1,D,PD,IF,D
14:22:13,MYOR,RG,2350,36,F,ZP,IF,D
14:22:13,MYOR,RG,2350,4,D,YP,IF,D
14:22:13,MYOR,RG,2350,190,D,YP,IF,D
14:22:13,MYOR,RG,2350,27,D,XC,IF,D
14:22:13,MYOR,RG,2350,5,D,YP,IF,D
14:22:13,MYOR,RG,2350,1,D,YU,IF,D
14:22:13,MYOR,RG,2350,76,F,ZP,IF,D
14:22:13,MYOR,RG,2350,444,D,YU,IF,D
14:22:12,MYOR,RG,2350,3,D,YU,CC,D
14:22:10,MYOR,RG,2360,1,D,PD,XC,D
14:21:44,MYOR,RG,2350,2,D,YU,CC,D
14:21:30,MYOR,RG,2360,2,D,PC,XC,D
14:21:14,MYOR,RG,2350,3,D,YU,CC,D
14:20:44,MYOR,RG,2350,2,D,YU,CC,D
14:20:35,MYOR,RG,2350,2,D,YU,PD,D
14:20:14,MYOR,RG,2350,2,D,YU,CC,D
14:19:44,MYOR,RG,2350,3,D,YU,CC,D
14:19:16,MYOR,RG,2350,2,D,YU,CC,D
14:19:01,MYOR,RG,2360,10,D,DH,XC,D
14:18:46,MYOR,RG,2350,2,D,YU,CC,D
14:18:16,MYOR,RG,2350,2,D,YU,CC,D
14:18:15,MYOR,RG,2350,33,D,YU,SQ,D
14:18:15,MYOR,RG,2350,1,D,XC,SQ,D
14:18:15,MYOR,RG,2350,34,F,ZP,SQ,D
14:18:00,MYOR,RG,2350,15,F,ZP,CC,D
14:17:48,MYOR,RG,2350,2,F,ZP,CC,D
14:17:23,MYOR,RG,2350,1,F,ZP,XC,D
14:17:20,MYOR,RG,2350,2,F,ZP,CC,D
14:16:50,MYOR,RG,2350,2,F,ZP,CC,D
14:16:20,MYOR,RG,2350,3,F,ZP,CC,D
14:16:03,MYOR,RG,2360,3,D,SQ,XC,D
14:16:03,MYOR,RG,2360,7,D,SQ,CC,D
14:15:52,MYOR,RG,2350,2,F,ZP,CC,D
14:15:06,MYOR,RG,2350,35,F,ZP,CC,F
14:15:05,MYOR,RG,2350,1,D,IP,CS,D
14:14:36,MYOR,RG,2360,1,F,ZP,CC,D
14:14:36,MYOR,RG,2360,5,F,ZP,EP,D
14:14:36,MYOR,RG,2360,5,F,ZP,EP,D
14:14:36,MYOR,RG,2360,6,F,ZP,CS,D
14:14:36,MYOR,RG,2360,29,F,ZP,CS,D
14:14:36,MYOR,RG,2360,1,F,ZP,CS,D
14:14:36,MYOR,RG,2350,7,F,ZP,CS,D
14:14:36,MYOR,RG,2350,2,D,SQ,CC,D
14:14:36,MYOR,RG,2350,10,D,SQ,CC,D
14:14:36,MYOR,RG,2350,2,D,SQ,PD,D
14:14:36,MYOR,RG,2350,2,D,SQ,XC,D
14:14:36,MYOR,RG,2350,1,D,SQ,GR,D
14:14:36,MYOR,RG,2350,5,D,SQ,CS,D
14:14:36,MYOR,RG,2350,3,D,SQ,CS,D
14:14:36,MYOR,RG,2350,3,D,SQ,CS,D
14:14:36,MYOR,RG,2350,2,D,SQ,CS,D
14:14:36,MYOR,RG,2350,1,D,SQ,CS,D
14:14:36,MYOR,RG,2350,1,D,SQ,CC,D
14:14:36,MYOR,RG,2350,2,D,SQ,CS,D
14:14:36,MYOR,RG,2350,9,D,SQ,CS,D
14:14:36,MYOR,RG,2350,3,D,SQ,CS,D
14:14:36,MYOR,RG,2350,2,D,SQ,CS,D
14:14:36,MYOR,RG,2350,7,D,SQ,CS,D
14:14:36,MYOR,RG,2350,4,D,SQ,CS,D
14:14:36,MYOR,RG,2350,2,D,SQ,CS,D
14:14:36,MYOR,RG,2350,60,D,SQ,AT,D
14:14:36,MYOR,RG,2350,3,D,SQ,CS,D
14:14:36,MYOR,RG,2350,5,D,SQ,CS,D
14:14:36,MYOR,RG,2350,5,D,SQ,CS,D
14:14:36,MYOR,RG,2350,4,D,SQ,CS,D
14:14:36,MYOR,RG,2350,2,D,SQ,CS,D
14:14:36,MYOR,RG,2350,2,D,SQ,CS,D
14:14:36,MYOR,RG,2350,3,D,SQ,CS,D
14:14:36,MYOR,RG,2350,2,D,SQ,CS,D
14:14:36,MYOR,RG,2350,3,D,SQ,CS,D
14:14:36,MYOR,RG,2350,5,D,SQ,CS,D
14:14:36,MYOR,RG,2350,2,D,SQ,CS,D
14:14:36,MYOR,RG,2350,3,D,SQ,CS,D
14:14:36,MYOR,RG,2350,9,D,SQ,CS,D
14:14:36,MYOR,RG,2350,10,D,SQ,CS,D
14:14:36,MYOR,RG,2350,1,D,SQ,EP,D
14:14:36,MYOR,RG,2350,1,D,SQ,CS,D
14:14:36,MYOR,RG,2350,1,D,SQ,CS,D
14:14:36,MYOR,RG,2350,1,D,SQ,CS,D
14:14:36,MYOR,RG,2350,10,D,SQ,CS,D
14:14:36,MYOR,RG,2350,1,D,SQ,CS,D
14:14:36,MYOR,RG,2350,3,D,SQ,CS,D
14:14:36,MYOR,RG,2350,8,D,SQ,CS,D
14:14:36,MYOR,RG,2350,14,D,SQ,CS,D
14:14:36,MYOR,RG,2350,20,D,SQ,CC,D
14:14:36,MYOR,RG,2350,100,D,SQ,YP,D
14:14:36,MYOR,RG,2350,1,D,SQ,CS,D
14:14:36,MYOR,RG,2350,9,D,SQ,CS,D
14:14:36,MYOR,RG,2350,2,D,SQ,CS,D
14:14:36,MYOR,RG,2350,3,D,SQ,CS,D
14:14:36,MYOR,RG,2350,1,D,SQ,CS,D
14:14:36,MYOR,RG,2350,1,D,SQ,CS,D
14:14:36,MYOR,RG,2350,30,D,SQ,YP,D
14:14:36,MYOR,RG,2350,8,D,SQ,CS,D
14:14:36,MYOR,RG,2350,7,D,SQ,CS,D
14:14:36,MYOR,RG,2350,14,D,SQ,CS,D
14:14:36,MYOR,RG,2350,1,D,SQ,CS,D
14:14:36,MYOR,RG,2350,9,D,SQ,PD,D
14:14:36,MYOR,RG,2350,3,D,SQ,CS,D
14:14:36,MYOR,RG,2350,9,D,SQ,CS,D
14:14:36,MYOR,RG,2350,2,D,SQ,CS,D
14:14:36,MYOR,RG,2350,51,D,SQ,PD,D
14:14:15,MYOR,RG,2340,3,D,YP,CC,D
14:13:33,MYOR,RG,2340,5,D,YP,CC,D
14:12:49,MYOR,RG,2340,3,D,YP,CC,D
14:12:22,MYOR,RG,2340,31,D,YP,CS,D
14:12:09,MYOR,RG,2340,4,D,YP,CC,D
14:11:50,MYOR,RG,2350,31,D,XC,PD,D
14:11:25,MYOR,RG,2340,2,D,YP,CC,D
14:10:43,MYOR,RG,2340,4,D,YP,CC,D
14:10:03,MYOR,RG,2340,3,D,YP,CC,D
14:09:36,MYOR,RG,2340,200,D,YP,CS,D
14:09:21,MYOR,RG,2340,4,D,YP,CC,D
14:08:37,MYOR,RG,2340,2,D,YP,CC,D
14:08:02,MYOR,RG,2350,18,D,CP,PD,D
14:08:02,MYOR,RG,2350,1,D,CP,CS,D
14:08:02,MYOR,RG,2350,1,D,CP,CS,D
14:07:52,MYOR,RG,2340,4,D,YP,CC,D
14:07:11,MYOR,RG,2340,4,D,YP,CC,D
14:06:36,MYOR,RG,2350,4,D,PD,CS,D
14:06:36,MYOR,RG,2350,1,D,PD,CS,D
14:06:36,MYOR,RG,2350,4,D,PD,CS,D
14:06:36,MYOR,RG,2350,41,D,PD,PD,D
14:06:27,MYOR,RG,2340,3,D,YP,CC,D
14:05:45,MYOR,RG,2340,3,D,YP,CC,D
14:05:41,MYOR,RG,2340,20,D,YP,PD,D
14:05:41,MYOR,RG,2340,15,D,YP,PD,D
14:05:04,MYOR,RG,2340,4,D,YP,CC,D
14:05:03,MYOR,RG,2340,1,D,YP,PD,D
14:04:20,MYOR,RG,2340,3,D,YP,CC,D
14:04:08,MYOR,RG,2350,9,D,DR,PD,D
14:04:08,MYOR,RG,2350,12,D,DR,CC,D
14:04:08,MYOR,RG,2350,2,D,DR,CS,D
14:04:08,MYOR,RG,2350,5,D,DR,CS,D
14:04:08,MYOR,RG,2350,2,D,DR,CS,D
14:04:08,MYOR,RG,2350,1,D,DR,CS,D
14:04:08,MYOR,RG,2350,5,D,DR,CS,D
14:04:08,MYOR,RG,2350,3,D,DR,CS,D
14:04:08,MYOR,RG,2350,1,D,DR,CS,D
14:03:39,MYOR,RG,2340,3,D,YP,CC,D
14:02:45,MYOR,RG,2340,94,D,YP,PD,D
14:02:45,MYOR,RG,2340,4,D,ZP,PD,D
14:02:45,MYOR,RG,2340,5,D,YP,PD,D
14:02:45,MYOR,RG,2340,2,D,PD,PD,D
14:02:45,MYOR,RG,2340,5,D,SQ,PD,D
14:02:45,MYOR,RG,2340,26,D,PD,PD,D
14:02:45,MYOR,RG,2340,3,D,PD,PD,D
14:02:45,MYOR,RG,2340,10,D,XC,PD,D
14:02:45,MYOR,RG,2340,5,D,KK,PD,D
14:02:45,MYOR,RG,2340,25,D,CC,PD,D
14:02:45,MYOR,RG,2340,5,D,XC,PD,D
14:02:45,MYOR,RG,2340,1,D,PD,PD,D
14:02:45,MYOR,RG,2340,1,D,PD,PD,D
14:02:45,MYOR,RG,2340,5,D,XC,PD,D
14:02:45,MYOR,RG,2340,5,D,YP,PD,D
14:02:45,MYOR,RG,2340,30,D,DR,PD,D
14:02:45,MYOR,RG,2340,3,D,PD,PD,D
14:02:45,MYOR,RG,2340,13,D,PD,PD,D
14:02:45,MYOR,RG,2340,100,D,YP,PD,D
14:02:45,MYOR,RG,2340,16,F,ZP,PD,D
14:02:45,MYOR,RG,2340,2,D,PD,PD,D
14:02:45,MYOR,RG,2340,5,D,YP,PD,D
14:02:45,MYOR,RG,2340,1,D,PD,PD,D
14:02:45,MYOR,RG,2340,65,D,NI,PD,D
14:02:45,MYOR,RG,2340,10,D,NI,PD,D
14:02:45,MYOR,RG,2340,5,D,ZP,PD,D
14:02:45,MYOR,RG,2340,2,D,XC,PD,D
14:02:45,MYOR,RG,2340,2,D,AT,PD,D
14:02:45,MYOR,RG,2340,1,D,ZP,PD,D
14:02:45,MYOR,RG,2340,1,D,PD,PD,D
14:02:45,MYOR,RG,2340,2,D,YP,PD,D
14:02:45,MYOR,RG,2340,1,D,PD,PD,D
14:02:45,MYOR,RG,2340,10,D,CC,PD,D
14:02:45,MYOR,RG,2340,1,D,YP,PD,D
14:02:45,MYOR,RG,2340,7,D,KK,PD,D
14:02:45,MYOR,RG,2340,2,D,DR,PD,D
14:02:45,MYOR,RG,2340,1,D,ZP,PD,D
14:02:45,MYOR,RG,2340,5,D,PD,PD,D
14:02:45,MYOR,RG,2340,2,D,CC,PD,D
14:02:45,MYOR,RG,2340,10,D,KK,PD,D
14:02:45,MYOR,RG,2340,25,D,YP,PD,D
14:02:45,MYOR,RG,2340,1,D,NI,PD,D
14:02:45,MYOR,RG,2340,65,D,AZ,PD,D
14:02:45,MYOR,RG,2340,4,D,PD,PD,D
14:02:45,MYOR,RG,2340,1,D,KK,PD,D
14:02:45,MYOR,RG,2340,12,D,CC,PD,D
14:01:42,MYOR,RG,2350,7,D,PD,CS,D
14:01:42,MYOR,RG,2350,5,D,PD,CS,D
14:01:34,MYOR,RG,2350,4,D,XA,CS,D
14:01:34,MYOR,RG,2350,6,D,XA,CC,D
14:01:06,MYOR,RG,2350,4,D,XC,CC,D
14:01:06,MYOR,RG,2350,1,D,XC,PD,D
14:00:51,MYOR,RG,2350,1,D,XC,CS,D
14:00:51,MYOR,RG,2350,9,D,XC,CS,D
14:00:50,MYOR,RG,2340,8,D,CC,XA,D
14:00:50,MYOR,RG,2340,1,D,XC,XA,D
14:00:50,MYOR,RG,2340,1,D,YP,XA,D
14:00:39,MYOR,RG,2350,10,D,XA,CC,D
14:00:25,MYOR,RG,2350,1,D,PD,CS,D
14:00:19,MYOR,RG,2350,1,F,ZP,CS,D
14:00:19,MYOR,RG,2350,6,F,ZP,CS,D
14:00:19,MYOR,RG,2350,1,F,ZP,CS,D
14:00:19,MYOR,RG,2350,1,F,ZP,CS,D
13:59:02,MYOR,RG,2350,1,D,CC,CS,D
13:59:02,MYOR,RG,2350,1,D,CC,CS,D
13:59:02,MYOR,RG,2350,3,D,CC,CS,D
13:59:02,MYOR,RG,2350,5,D,CC,CS,D
13:58:06,MYOR,RG,2350,5,D,YP,CS,D
13:55:56,MYOR,RG,2350,1,D,PC,CS,D
13:55:44,MYOR,RG,2350,6,D,AT,CS,D
13:55:27,MYOR,RG,2350,1,D,XC,CS,D
13:55:08,MYOR,RG,2350,5,D,YP,CS,D
13:54:47,MYOR,RG,2350,1,D,YP,CS,D
13:54:44,MYOR,RG,2350,3,D,KK,CS,D
13:54:44,MYOR,RG,2350,1,D,KK,CS,D
13:54:44,MYOR,RG,2350,4,D,KK,CS,D
13:54:44,MYOR,RG,2350,1,D,KK,CS,D
13:54:44,MYOR,RG,2350,2,D,KK,CS,D
13:54:44,MYOR,RG,2350,1,D,KK,CS,D
13:54:44,MYOR,RG,2350,2,D,KK,CS,D
13:54:44,MYOR,RG,2350,6,D,KK,PD,D
13:54:22,MYOR,RG,2350,2,D,YP,PD,D
13:54:02,MYOR,RG,2350,2,D,NI,PD,D
13:53:47,MYOR,RG,2350,1,D,YP,PD,D
13:53:15,MYOR,RG,2350,10,D,PD,PD,D
13:52:44,MYOR,RG,2340,1,D,YP,YP,D
13:52:44,MYOR,RG,2340,1,D,YP,YP,D
13:51:10,MYOR,RG,2340,2,D,YP,HP,D
13:51:10,MYOR,RG,2340,2,D,KK,HP,D
13:51:10,MYOR,RG,2340,1,D,PD,HP,D
13:51:10,MYOR,RG,2340,2,D,DR,HP,D
13:51:10,MYOR,RG,2340,1,D,NI,HP,D
13:51:09,MYOR,RG,2340,9,D,NI,CS,D
13:51:09,MYOR,RG,2340,5,D,CC,CS,D
13:51:09,MYOR,RG,2340,2,D,KK,CS,D
13:51:08,MYOR,RG,2350,1,D,CC,PD,D
13:51:08,MYOR,RG,2350,15,D,PD,PD,D
13:51:08,MYOR,RG,2350,13,F,ZP,PD,D
13:51:08,MYOR,RG,2350,31,F,ZP,PD,D
13:51:08,MYOR,RG,2350,1,D,PC,PD,D
13:51:08,MYOR,RG,2350,1,D,PD,PD,D
13:51:08,MYOR,RG,2350,17,D,AT,PD,D
13:51:08,MYOR,RG,2350,20,D,AT,PD,D
13:50:44,MYOR,RG,2350,5,D,AT,CS,D
13:50:06,MYOR,RG,2350,3,D,AT,CS,D
13:50:05,MYOR,RG,2350,5,D,AT,CS,D
13:50:05,MYOR,RG,2350,2,D,YP,CS,D
13:50:05,MYOR,RG,2350,10,D,KK,CS,D
13:50:05,MYOR,RG,2350,38,D,PD,CS,D
13:50:04,MYOR,RG,2350,12,D,PD,PD,D
13:50:04,MYOR,RG,2350,3,D,YP,PD,D
13:50:04,MYOR,RG,2350,2,D,YP,PD,D
13:50:04,MYOR,RG,2350,1,D,YP,PD,D
13:50:04,MYOR,RG,2350,3,D,KK,PD,D
13:50:04,MYOR,RG,2350,1,D,CC,PD,D
13:50:04,MYOR,RG,2350,1,D,EP,PD,D
13:50:04,MYOR,RG,2350,1,D,PD,PD,D
13:50:04,MYOR,RG,2350,100,D,LG,PD,D
13:50:04,MYOR,RG,2350,7,D,PD,PD,D
13:50:04,MYOR,RG,2350,2,D,XC,PD,D
13:50:04,MYOR,RG,2350,11,D,PD,PD,D
13:50:04,MYOR,RG,2350,1,D,CC,PD,D
13:50:04,MYOR,RG,2350,55,D,XC,PD,D
13:49:53,MYOR,RG,2360,2,D,YP,CS,D
13:49:44,MYOR,RG,2350,4,D,XC,CC,D
13:48:32,MYOR,RG,2350,11,D,XC,CS,D
13:48:22,MYOR,RG,2360,4,D,PD,CS,D
13:48:16,MYOR,RG,2350,6,D,XC,CC,D
13:48:15,MYOR,RG,2350,24,D,XC,MK,D
13:48:15,MYOR,RG,2350,67,F,ZP,MK,D
13:48:15,MYOR,RG,2350,2,D,CC,MK,D
13:48:15,MYOR,RG,2350,1,D,CC,MK,D
13:48:15,MYOR,RG,2350,6,D,XC,MK,D
13:47:34,MYOR,RG,2360,5,D,PD,CS,D
13:47:10,MYOR,RG,2350,3,D,XC,CC,D
13:47:01,MYOR,RG,2350,1,D,XC,CS,D
13:47:01,MYOR,RG,2350,1,D,PD,CS,D
13:47:01,MYOR,RG,2350,1,D,XC,CS,D
13:47:01,MYOR,RG,2350,3,D,XC,CS,D
13:46:02,MYOR,RG,2350,5,D,XC,CC,D
13:45:43,MYOR,RG,2350,1,D,XC,AK,F
13:45:43,MYOR,RG,2350,1,D,XC,AK,F
13:45:43,MYOR,RG,2350,1,D,XC,CS,D
13:45:43,MYOR,RG,2350,1,D,XC,CS,D
13:45:43,MYOR,RG,2350,10,D,OD,CS,D
13:45:43,MYOR,RG,2350,5,D,XC,CS,D
13:45:43,MYOR,RG,2350,5,D,XC,CS,D
13:45:43,MYOR,RG,2350,2,D,XL,CS,D
13:45:43,MYOR,RG,2350,1,D,PD,CS,D
13:45:43,MYOR,RG,2350,2,D,PD,CS,D
13:45:43,MYOR,RG,2350,1,D,PD,CS,D
13:45:43,MYOR,RG,2350,2,D,XC,CS,D
13:45:43,MYOR,RG,2350,1,D,XC,CS,D
13:45:43,MYOR,RG,2350,1,D,YB,CS,D
13:45:43,MYOR,RG,2350,1,D,PD,CS,D
13:45:43,MYOR,RG,2350,1,D,PD,CS,D
13:45:43,MYOR,RG,2350,5,D,IF,CS,D
13:45:43,MYOR,RG,2350,50,D,YP,CS,D
13:44:52,MYOR,RG,2350,5,D,YP,CC,D
13:43:44,MYOR,RG,2350,6,D,YP,CC,D
13:42:32,MYOR,RG,2350,5,D,YP,CC,D
13:41:44,MYOR,RG,2350,5,D,YP,CS,D
13:41:42,MYOR,RG,2350,29,D,YP,PD,D
13:41:42,MYOR,RG,2350,10,D,EP,PD,D
13:41:42,MYOR,RG,2350,2,D,EP,PD,D
13:41:32,MYOR,RG,2350,66,D,EP,PD,D
13:41:20,MYOR,RG,2350,5,D,EP,CC,D
13:40:52,MYOR,RG,2360,18,D,PD,CS,D
13:40:52,MYOR,RG,2360,11,D,PD,CS,D
13:40:52,MYOR,RG,2360,21,D,PD,PD,D
13:40:26,MYOR,RG,2360,6,F,ZP,PD,D
13:40:14,MYOR,RG,2350,6,D,EP,CC,D
13:40:11,MYOR,RG,2350,1,D,EP,CC,D
13:39:06,MYOR,RG,2350,4,D,EP,CC,D
13:38:54,MYOR,RG,2360,1,D,PD,PD,D
13:38:33,MYOR,RG,2350,121,D,EP,CS,D
13:37:56,MYOR,RG,2350,5,D,EP,CC,D
13:37:39,MYOR,RG,2360,22,D,CC,PD,D
13:37:39,MYOR,RG,2360,1,D,CC,KK,D
13:37:39,MYOR,RG,2360,4,D,CC,CS,D
13:37:39,MYOR,RG,2360,2,D,CC,CS,D
13:37:39,MYOR,RG,2360,4,D,CC,PD,D
13:37:39,MYOR,RG,2360,17,D,CC,PD,D
13:37:20,MYOR,RG,2350,18,D,EP,CS,D
13:36:44,MYOR,RG,2350,4,D,EP,CC,D
13:36:41,MYOR,RG,2350,50,D,EP,PD,D
13:36:38,MYOR,RG,2350,7,D,EP,CS,D
13:36:22,MYOR,RG,2350,1,D,EP,DH,D
13:34:48,MYOR,RG,2350,2,D,EP,KK,D
13:34:32,MYOR,RG,2360,1,D,KK,PD,D
13:30:11,MYOR,RG,2350,1,D,EP,XC,D
13:30:07,MYOR,RG,2350,1,D,EP,PD,D
13:30:07,MYOR,RG,2360,1,D,PD,PD,D
13:30:06,MYOR,RG,2350,6,D,EP,CC,D
13:30:06,MYOR,RG,2350,5,D,AZ,CC,D
13:30:06,MYOR,RG,2350,4,D,OD,CC,D
13:30:06,MYOR,RG,2360,1,D,PD,PD,D
13:30:05,MYOR,RG,2360,1,D,PD,PD,D
13:30:05,MYOR,RG,2350,10,D,OD,PD,D
13:30:04,MYOR,RG,2350,16,D,OD,CS,D
13:30:04,MYOR,RG,2350,6,F,AK,CS,D
13:30:04,MYOR,RG,2350,1,D,YP,CS,D
13:30:04,MYOR,RG,2350,1,D,GR,CS,D
13:30:04,MYOR,RG,2350,4,D,GR,CS,D
13:30:03,MYOR,RG,2350,4,F,ZP,PD,D
13:30:02,MYOR,RG,2350,5,F,ZP,PD,D
13:30:02,MYOR,RG,2350,9,F,ZP,YB,D
13:30:02,MYOR,RG,2350,43,F,ZP,YB,D
13:30:02,MYOR,RG,2350,1,D,PD,YB,D
13:30:02,MYOR,RG,2350,10,D,CC,YB,D
13:30:02,MYOR,RG,2350,15,D,CC,YB,D
13:30:02,MYOR,RG,2350,5,D,YP,YB,D
13:30:02,MYOR,RG,2350,10,D,YP,YB,D
13:30:02,MYOR,RG,2350,10,D,PD,YB,D
13:30:02,MYOR,RG,2350,1,D,XC,YB,D
13:30:02,MYOR,RG,2350,2,D,NI,YB,D
13:30:02,MYOR,RG,2350,84,D,XC,YB,D
11:28:23,MYOR,RG,2350,2,D,XC,KK,D
11:28:18,MYOR,RG,2350,5,D,XC,CS,D
11:28:17,MYOR,RG,2350,94,D,XC,CS,D
11:28:17,MYOR,RG,2350,15,D,XC,CS,D
11:27:50,MYOR,RG,2350,3,D,YP,NI,D
11:27:33,MYOR,RG,2350,2,D,YP,CC,D
11:24:34,MYOR,RG,2360,2,D,YP,PD,D
11:23:02,MYOR,RG,2350,12,D,YP,PD,D
11:22:36,MYOR,RG,2350,9,D,YP,XL,D
11:22:25,MYOR,RG,2350,7,D,YP,CS,D
11:21:07,MYOR,RG,2360,7,D,KK,PD,D
11:21:07,MYOR,RG,2360,5,D,KK,XC,D
11:21:07,MYOR,RG,2360,1,D,KK,DH,D
11:20:54,MYOR,RG,2350,67,D,YP,CS,D
11:20:54,MYOR,RG,2350,15,D,PD,CS,D
11:20:54,MYOR,RG,2350,1,D,CC,CS,D
11:20:54,MYOR,RG,2350,1,D,XL,CS,D
11:20:54,MYOR,RG,2350,1,D,XC,CS,D
11:20:54,MYOR,RG,2350,1,D,PD,CS,D
11:20:54,MYOR,RG,2350,1,D,XC,CS,D
11:20:54,MYOR,RG,2350,5,D,YP,CS,D
11:20:54,MYOR,RG,2350,18,F,ZP,CS,D
11:20:54,MYOR,RG,2350,36,F,ZP,CS,D
11:20:54,MYOR,RG,2350,18,F,ZP,CS,D
11:20:54,MYOR,RG,2350,1,D,XC,CS,D
11:20:54,MYOR,RG,2350,2,D,PD,CS,D
11:20:54,MYOR,RG,2350,1,D,PD,CS,D
11:20:54,MYOR,RG,2350,1,D,PD,CS,D
11:20:54,MYOR,RG,2350,5,D,DR,CS,D
11:20:54,MYOR,RG,2350,207,D,DR,IF,D
11:20:54,MYOR,RG,2350,293,D,CC,IF,D
11:18:25,MYOR,RG,2360,4,D,CC,DH,D
11:18:25,MYOR,RG,2360,2,D,CC,XC,D
11:18:25,MYOR,RG,2360,44,D,CC,PD,D
11:17:38,MYOR,RG,2360,5,D,TP,PD,D
11:16:26,MYOR,RG,2360,1,D,EP,PD,D
11:16:26,MYOR,RG,2360,2,D,EP,CS,D
11:16:26,MYOR,RG,2360,4,D,EP,CS,D
11:16:26,MYOR,RG,2360,3,D,EP,CS,D
11:16:26,MYOR,RG,2360,10,D,EP,YP,D
11:16:26,MYOR,RG,2360,1,D,EP,CS,D
11:15:26,MYOR,RG,2350,7,D,CC,IF,D
11:15:26,MYOR,RG,2350,1,D,XC,IF,D
11:15:26,MYOR,RG,2350,2,D,NI,IF,D
11:15:26,MYOR,RG,2350,1,D,NI,IF,D
11:15:26,MYOR,RG,2350,5,D,XC,IF,D
11:15:26,MYOR,RG,2350,10,D,BQ,IF,D
11:15:26,MYOR,RG,2350,3,D,GR,IF,D
11:15:26,MYOR,RG,2350,3,D,PD,IF,D
11:15:26,MYOR,RG,2350,10,D,XL,IF,D
11:15:26,MYOR,RG,2350,1,D,LG,IF,D
11:15:26,MYOR,RG,2350,21,D,DR,IF,D
11:15:26,MYOR,RG,2350,3,D,EP,IF,D
11:15:26,MYOR,RG,2350,5,D,SQ,IF,D
11:15:26,MYOR,RG,2350,1,D,CC,IF,D
11:15:26,MYOR,RG,2350,5,D,KK,IF,D
11:15:26,MYOR,RG,2350,50,D,PD,IF,D
11:15:26,MYOR,RG,2350,22,D,PD,IF,D
11:14:26,MYOR,RG,2360,5,D,YP,CS,D
11:10:48,MYOR,RG,2360,2,D,GR,CS,D
11:10:48,MYOR,RG,2360,5,D,GR,CS,D
11:10:48,MYOR,RG,2360,3,D,GR,CS,D
11:10:31,MYOR,RG,2360,2,D,XL,CS,D
11:10:31,MYOR,RG,2360,3,D,XL,CS,D
11:08:25,MYOR,RG,2350,15,D,YP,YP,D
11:08:25,MYOR,RG,2350,1,D,EP,YP,D
11:08:25,MYOR,RG,2350,9,D,PD,YP,D
11:07:25,MYOR,RG,2350,100,D,KK,CS,D
11:07:25,MYOR,RG,2350,3,D,DR,CS,D
11:07:25,MYOR,RG,2350,10,D,NI,CS,D
11:07:25,MYOR,RG,2350,1,D,PD,CS,D
11:07:25,MYOR,RG,2350,2,D,PD,CS,D
11:07:25,MYOR,RG,2350,46,D,YP,CS,D
11:05:32,MYOR,RG,2350,1,D,YP,YP,D
11:01:41,MYOR,RG,2350,1,D,YP,XC,D
11:01:26,MYOR,RG,2350,5,D,YP,SQ,D
11:01:15,MYOR,RG,2350,12,D,YP,CC,D
11:01:10,MYOR,RG,2350,1,D,YP,OD,D
11:00:18,MYOR,RG,2350,2,D,YP,PD,D
10:59:42,MYOR,RG,2350,10,D,YP,CS,D
10:59:03,MYOR,RG,2360,1,D,PD,CS,D
10:59:02,MYOR,RG,2350,22,D,YP,CS,D
10:59:02,MYOR,RG,2350,3,D,YP,CS,D
10:54:00,MYOR,RG,2360,4,D,PD,CS,D
10:54:00,MYOR,RG,2360,1,D,PD,CS,D
10:51:54,MYOR,RG,2350,7,D,YP,CS,D
10:51:54,MYOR,RG,2350,73,F,ZP,CS,D
10:51:54,MYOR,RG,2350,1,D,NI,CS,D
10:51:54,MYOR,RG,2350,30,D,PD,CS,D
10:51:54,MYOR,RG,2350,20,D,PD,CS,D
10:51:54,MYOR,RG,2350,1,D,PD,CS,D
10:51:54,MYOR,RG,2350,30,F,ZP,CS,D
10:45:24,MYOR,RG,2350,8,F,ZP,CS,D
10:44:40,MYOR,RG,2360,7,F,ZP,CS,D
10:44:40,MYOR,RG,2360,3,F,ZP,CS,D
10:44:40,MYOR,RG,2360,17,F,ZP,DR,D
10:42:46,MYOR,RG,2360,6,D,XC,DR,D
10:42:34,MYOR,RG,2350,12,F,ZP,CS,D
10:42:34,MYOR,RG,2350,1,D,XC,CS,D
10:42:34,MYOR,RG,2350,8,D,DR,CS,D
10:42:01,MYOR,RG,2360,1,D,XC,DR,D
10:41:37,MYOR,RG,2360,5,D,YP,DR,D
10:41:31,MYOR,RG,2360,5,D,YP,DR,D
10:40:23,MYOR,RG,2360,51,F,ZP,DR,D
10:40:23,MYOR,RG,2360,14,F,ZP,SQ,D
10:39:02,MYOR,RG,2360,1,D,XC,SQ,D
10:35:09,MYOR,RG,2350,2,D,DR,XC,D
10:35:09,MYOR,RG,2350,1,D,PD,XC,D
10:35:09,MYOR,RG,2350,2,D,DR,XC,D
10:34:40,MYOR,RG,2350,7,D,DR,CS,D
10:34:14,MYOR,RG,2360,5,D,KK,SQ,D
10:33:19,MYOR,RG,2360,5,D,EP,SQ,D
10:31:30,MYOR,RG,2350,11,D,DR,CS,D
10:31:30,MYOR,RG,2350,6,D,PD,CS,D
10:31:29,MYOR,RG,2350,9,D,PD,LG,D
10:31:29,MYOR,RG,2350,20,D,DX,LG,D
10:31:29,MYOR,RG,2350,150,D,YP,LG,D
10:31:29,MYOR,RG,2350,10,D,DR,LG,D
10:31:29,MYOR,RG,2350,1,D,LG,LG,D
10:31:29,MYOR,RG,2350,2,D,KK,LG,D
10:31:29,MYOR,RG,2350,5,D,CC,LG,D
10:31:29,MYOR,RG,2350,53,D,IH,LG,D
10:28:41,MYOR,RG,2350,3,D,IH,XC,D
10:27:50,MYOR,RG,2350,1,D,IH,YP,D
10:27:47,MYOR,RG,2350,23,D,IH,KK,D
10:27:47,MYOR,RG,2350,8,D,XC,KK,D
10:27:47,MYOR,RG,2350,20,D,YP,KK,D
10:27:47,MYOR,RG,2350,40,D,PD,KK,D
10:27:47,MYOR,RG,2350,1,D,NI,KK,D
10:27:47,MYOR,RG,2350,10,D,PD,KK,D
10:27:47,MYOR,RG,2350,1,D,XC,KK,D
10:27:47,MYOR,RG,2350,1,D,XC,KK,D
10:27:47,MYOR,RG,2350,20,D,YP,KK,D
10:27:47,MYOR,RG,2350,1,D,PD,KK,D
10:27:47,MYOR,RG,2350,49,F,ZP,KK,D
10:27:47,MYOR,RG,2350,150,D,XC,KK,D
10:27:47,MYOR,RG,2350,65,D,ZP,KK,D
10:27:47,MYOR,RG,2350,11,F,ZP,KK,D
10:27:42,MYOR,RG,2350,2,F,ZP,YP,D
10:27:05,MYOR,RG,2360,23,F,ZP,SQ,D
10:26:44,MYOR,RG,2360,2,D,XC,SQ,D
10:26:44,MYOR,RG,2360,1,D,XC,CS,D
10:25:48,MYOR,RG,2360,1,D,PD,CS,D
10:25:48,MYOR,RG,2360,34,D,PD,CC,D
10:24:27,MYOR,RG,2360,1,D,CC,CC,D
10:24:22,MYOR,RG,2360,1,D,PD,CC,D
10:23:55,MYOR,RG,2360,2,D,PD,CC,D
10:23:54,MYOR,RG,2360,1,D,XC,CC,D
10:23:11,MYOR,RG,2360,3,D,XC,CC,D
10:23:03,MYOR,RG,2360,8,D,CC,CC,D
10:23:03,MYOR,RG,2360,4,D,CC,CS,D
10:23:03,MYOR,RG,2360,1,D,CC,PD,D
10:23:03,MYOR,RG,2360,6,D,CC,CS,D
10:23:03,MYOR,RG,2360,6,D,CC,CS,D
10:22:17,MYOR,RG,2360,2,D,CC,CS,D
10:20:22,MYOR,RG,2360,2,F,ZP,CS,D
10:20:22,MYOR,RG,2360,1,F,ZP,CS,D
10:20:22,MYOR,RG,2360,2,F,ZP,CS,D
10:20:17,MYOR,RG,2360,5,D,DR,CS,D
10:20:17,MYOR,RG,2360,1,D,DR,CS,D
10:20:17,MYOR,RG,2360,1,D,DR,CS,D
10:20:17,MYOR,RG,2360,2,D,DR,XC,D
10:20:17,MYOR,RG,2360,1,D,DR,CS,D
10:18:34,MYOR,RG,2360,1,D,DR,PD,D
10:18:34,MYOR,RG,2360,15,D,DR,YP,D
10:18:34,MYOR,RG,2360,57,D,DR,CS,D
10:18:34,MYOR,RG,2360,27,D,DR,CS,D
10:17:54,MYOR,RG,2360,6,D,PO,CS,D
10:17:54,MYOR,RG,2360,33,D,PO,CS,D
10:17:54,MYOR,RG,2360,37,D,PO,CS,D
10:17:54,MYOR,RG,2360,66,D,PO,CS,D
10:17:54,MYOR,RG,2360,50,D,PO,PD,D
10:17:54,MYOR,RG,2360,40,D,PO,PD,D
10:17:54,MYOR,RG,2360,18,D,PO,PD,D
10:17:31,MYOR,RG,2360,4,D,YP,PD,D
10:16:19,MYOR,RG,2360,2,D,NI,PD,D
10:15:33,MYOR,RG,2350,8,F,ZP,CS,D
10:15:33,MYOR,RG,2350,10,D,SQ,CS,D
10:15:33,MYOR,RG,2350,2,D,KK,CS,D
10:15:33,MYOR,RG,2350,2,D,DR,CS,D
10:15:33,MYOR,RG,2350,10,D,PD,CS,D
10:15:33,MYOR,RG,2350,2,D,PD,CS,D
10:15:33,MYOR,RG,2350,58,D,YP,CS,D
10:15:23,MYOR,RG,2350,15,D,YP,CS,D
10:15:04,MYOR,RG,2350,6,D,YP,CS,D
10:13:39,MYOR,RG,2350,21,D,YP,BQ,D
10:13:39,MYOR,RG,2350,3,D,DR,BQ,D
10:13:39,MYOR,RG,2350,16,D,LG,BQ,D
10:11:30,MYOR,RG,2350,1,D,LG,XC,D
10:11:10,MYOR,RG,2350,1,D,LG,PD,D
10:10:36,MYOR,RG,2350,1,D,LG,DR,D
10:08:08,MYOR,RG,2350,56,D,LG,CS,D
10:08:08,MYOR,RG,2350,22,F,ZP,CS,D
10:08:08,MYOR,RG,2350,1,D,XL,CS,D
10:08:08,MYOR,RG,2350,1,D,XC,CS,D
10:08:08,MYOR,RG,2350,2,D,PD,CS,D
10:08:08,MYOR,RG,2350,1,D,OD,CS,D
10:08:08,MYOR,RG,2350,1,D,DR,CS,D
10:08:08,MYOR,RG,2350,8,D,KK,CS,D
10:08:08,MYOR,RG,2350,2,D,KK,CS,D
10:08:08,MYOR,RG,2350,3,F,ZP,CS,D
10:08:07,MYOR,RG,2350,35,F,ZP,PD,D
10:08:07,MYOR,RG,2350,2,D,IF,PD,D
10:08:07,MYOR,RG,2350,1,D,XC,PD,D
10:08:07,MYOR,RG,2350,1,D,XC,PD,D
10:08:07,MYOR,RG,2350,3,D,XC,PD,D
10:08:07,MYOR,RG,2350,2,D,XC,PD,D
10:08:07,MYOR,RG,2350,1,D,PD,PD,D
10:08:07,MYOR,RG,2350,4,D,CC,PD,D
10:08:07,MYOR,RG,2350,51,D,YP,PD,D
10:07:57,MYOR,RG,2360,5,D,YP,PD,D
10:07:28,MYOR,RG,2360,2,D,DR,PD,D
10:07:11,MYOR,RG,2350,4,D,YP,PD,D
10:07:07,MYOR,RG,2350,10,D,YP,DH,D
10:06:37,MYOR,RG,2350,1,D,YP,XC,D
10:06:32,MYOR,RG,2350,1,D,YP,XC,D
10:05:34,MYOR,RG,2350,14,D,YP,PD,D
10:05:34,MYOR,RG,2350,20,D,SQ,PD,D
10:05:34,MYOR,RG,2350,1,D,PD,PD,D
10:05:34,MYOR,RG,2350,1,D,SQ,PD,D
10:05:34,MYOR,RG,2350,3,D,XC,PD,D
10:05:34,MYOR,RG,2350,11,D,LG,PD,D
10:03:51,MYOR,RG,2360,1,D,PD,PD,D
10:03:12,MYOR,RG,2350,4,D,LG,DH,D
10:03:12,MYOR,RG,2350,2,D,PD,DH,D
10:03:12,MYOR,RG,2350,1,D,XC,DH,D
10:03:12,MYOR,RG,2350,1,D,SQ,DH,D
10:03:12,MYOR,RG,2350,12,D,LG,DH,D
10:03:12,MYOR,RG,2350,5,D,PD,DH,D
10:03:05,MYOR,RG,2350,5,D,PD,LG,D
10:03:05,MYOR,RG,2350,69,D,YP,LG,D
10:02:56,MYOR,RG,2360,3,D,PD,PD,D
10:02:51,MYOR,RG,2350,1,D,YP,YP,D
10:02:03,MYOR,RG,2350,30,D,YP,CS,D
10:02:03,MYOR,RG,2350,13,D,LG,CS,D
10:02:03,MYOR,RG,2350,40,F,ZP,CS,D
10:02:03,MYOR,RG,2350,14,D,NI,CS,D
10:02:00,MYOR,RG,2350,16,D,NI,CS,D
10:02:00,MYOR,RG,2350,20,D,NI,AZ,D
10:02:00,MYOR,RG,2350,10,D,YP,AZ,D
10:02:00,MYOR,RG,2350,1,D,ZP,AZ,D
10:02:00,MYOR,RG,2350,19,D,YP,AZ,D
10:01:32,MYOR,RG,2350,8,D,YP,CS,D
10:01:31,MYOR,RG,2350,3,D,YP,PD,D
10:01:31,MYOR,RG,2350,30,D,SQ,PD,D
10:01:31,MYOR,RG,2350,10,D,NI,PD,D
10:01:31,MYOR,RG,2350,50,D,YP,PD,D
10:01:31,MYOR,RG,2350,10,D,SQ,PD,D
10:01:31,MYOR,RG,2350,1,D,PD,PD,D
10:01:31,MYOR,RG,2350,2,D,KK,PD,D
10:01:31,MYOR,RG,2350,2,D,YP,PD,D
10:01:31,MYOR,RG,2350,1,D,YP,PD,D
10:01:31,MYOR,RG,2350,2,D,YP,PD,D
10:01:31,MYOR,RG,2350,6,D,XC,PD,D
10:01:31,MYOR,RG,2350,10,D,MG,PD,D
10:01:31,MYOR,RG,2350,4,D,XC,PD,D
10:01:31,MYOR,RG,2350,1,D,PD,PD,D
10:01:31,MYOR,RG,2350,18,F,ZP,PD,D
10:00:08,MYOR,RG,2360,1,D,NI,PD,D
9:59:45,MYOR,RG,2360,1,D,XC,PD,D
9:59:02,MYOR,RG,2360,1,D,OD,PD,D
9:58:19,MYOR,RG,2360,1,D,KK,PD,D
9:56:53,MYOR,RG,2360,1,D,NI,PD,D
9:54:44,MYOR,RG,2350,15,F,ZP,CS,D
9:54:44,MYOR,RG,2350,5,D,NI,CS,D
9:54:42,MYOR,RG,2350,4,D,NI,CS,D
9:54:42,MYOR,RG,2350,5,D,XC,CS,D
9:54:42,MYOR,RG,2350,1,D,YP,CS,D
9:54:42,MYOR,RG,2350,20,D,PD,CS,D
9:54:42,MYOR,RG,2350,61,D,LG,CS,D
9:54:42,MYOR,RG,2350,43,F,ZP,CS,D
9:52:41,MYOR,RG,2360,17,D,SQ,PD,D
9:52:33,MYOR,RG,2360,4,D,XC,PD,D
9:52:24,MYOR,RG,2350,7,F,ZP,CS,D
9:52:24,MYOR,RG,2350,2,D,CC,CS,D
9:50:25,MYOR,RG,2360,15,F,ZP,PD,D
9:48:58,MYOR,RG,2350,1,D,CC,PD,D
9:48:33,MYOR,RG,2350,5,D,CC,DH,D
9:47:31,MYOR,RG,2360,21,F,ZP,PD,D
9:45:42,MYOR,RG,2350,20,D,CC,CS,D
9:44:53,MYOR,RG,2350,133,D,CC,CS,D
9:44:09,MYOR,RG,2360,1,D,XC,PD,D
9:43:36,MYOR,RG,2360,1,D,EP,PD,D
9:43:21,MYOR,RG,2360,1,D,CC,PD,D
9:43:21,MYOR,RG,2360,99,D,CC,PD,D
9:43:21,MYOR,RG,2360,75,D,CC,IF,D
9:43:21,MYOR,RG,2360,5,D,CC,KK,D
9:43:21,MYOR,RG,2360,10,D,CC,CC,D
9:43:21,MYOR,RG,2360,17,D,CC,LG,D
9:42:31,MYOR,RG,2360,5,D,XC,LG,D
9:42:30,MYOR,RG,2350,8,D,CC,CS,D
9:42:20,MYOR,RG,2360,3,D,PD,LG,D
9:42:09,MYOR,RG,2360,1,D,PD,LG,D
9:41:48,MYOR,RG,2360,1,D,DR,LG,D
9:40:40,MYOR,RG,2350,1,D,CC,XC,D
9:40:36,MYOR,RG,2350,3,D,CC,PD,D
9:40:21,MYOR,RG,2350,20,D,CC,SQ,D
9:39:46,MYOR,RG,2350,10,D,CC,OD,D
9:38:54,MYOR,RG,2360,1,D,YP,LG,D
9:36:53,MYOR,RG,2350,25,D,CC,CC,D
9:36:38,MYOR,RG,2350,35,D,CC,KK,D
9:36:22,MYOR,RG,2350,10,D,CC,PD,D
9:35:27,MYOR,RG,2350,10,D,CC,CS,D
9:35:27,MYOR,RG,2350,53,F,ZP,CS,D
9:35:27,MYOR,RG,2350,49,D,YP,CS,D
9:35:10,MYOR,RG,2350,1,D,YP,PD,D
9:35:10,MYOR,RG,2360,5,D,XC,LG,D
9:34:56,MYOR,RG,2360,2,D,KK,LG,D
9:34:46,MYOR,RG,2360,2,D,PD,LG,D
9:33:49,MYOR,RG,2360,1,D,EP,LG,D
9:33:26,MYOR,RG,2360,2,D,XC,LG,D
9:32:14,MYOR,RG,2360,1,D,KK,LG,D
9:31:45,MYOR,RG,2350,5,D,YP,YB,D
9:31:39,MYOR,RG,2350,20,D,YP,YP,D
9:28:23,MYOR,RG,2350,115,D,YP,AZ,D
9:27:42,MYOR,RG,2360,1,D,GR,LG,D
9:27:35,MYOR,RG,2350,10,D,YP,CC,D
9:27:27,MYOR,RG,2360,58,D,LG,LG,D
9:27:27,MYOR,RG,2360,3,D,LG,NI,D
9:26:52,MYOR,RG,2350,8,D,YP,CS,D
9:26:52,MYOR,RG,2350,1,D,YP,CS,D
9:26:52,MYOR,RG,2350,7,D,YP,CS,D
9:26:52,MYOR,RG,2350,2,D,YP,CS,D
9:26:52,MYOR,RG,2350,2,D,YP,CS,D
9:26:52,MYOR,RG,2350,2,D,YP,CS,D
9:26:52,MYOR,RG,2350,5,D,YP,CS,D
9:26:52,MYOR,RG,2350,1,D,YP,CS,D
9:26:52,MYOR,RG,2350,1,D,YP,CS,D
9:26:52,MYOR,RG,2350,4,D,YP,CS,D
9:26:52,MYOR,RG,2350,34,D,YP,PD,D
9:26:52,MYOR,RG,2350,1,D,YP,CS,D
9:26:52,MYOR,RG,2350,3,D,YP,CS,D
9:26:52,MYOR,RG,2350,3,D,YP,CS,D
9:26:52,MYOR,RG,2350,9,D,YP,CS,D
9:26:52,MYOR,RG,2350,17,D,YP,LG,D
9:26:25,MYOR,RG,2350,10,D,NI,LG,D
9:26:25,MYOR,RG,2350,10,D,NI,LG,D
9:26:25,MYOR,RG,2350,25,F,ZP,LG,D
9:26:23,MYOR,RG,2350,5,F,ZP,NI,D
9:26:22,MYOR,RG,2360,2,D,KK,NI,D
9:26:11,MYOR,RG,2350,1,D,KK,CC,D
9:26:11,MYOR,RG,2350,33,F,ZP,CC,D
9:26:11,MYOR,RG,2350,16,D,EP,CC,D
9:25:42,MYOR,RG,2350,2,D,EP,AK,F
9:25:41,MYOR,RG,2350,5,D,EP,AK,F
9:25:40,MYOR,RG,2350,6,D,EP,CS,D
9:25:40,MYOR,RG,2350,5,D,EP,CS,D
9:25:40,MYOR,RG,2350,1,D,EP,CS,D
9:25:40,MYOR,RG,2350,3,D,EP,CS,D
9:25:40,MYOR,RG,2350,14,D,EP,CS,D
9:25:40,MYOR,RG,2350,1,D,EP,NI,D
9:25:40,MYOR,RG,2350,14,D,EP,CS,D
9:25:40,MYOR,RG,2350,4,D,EP,CS,D
9:25:40,MYOR,RG,2350,2,D,EP,CS,D
9:25:40,MYOR,RG,2350,127,D,EP,YP,D
9:25:34,MYOR,RG,2340,1,D,KK,NI,D
9:25:10,MYOR,RG,2340,1,D,KK,XC,D
9:24:51,MYOR,RG,2350,60,F,CS,YP,D
9:24:51,MYOR,RG,2350,27,F,ZP,YP,D
9:24:51,MYOR,RG,2350,1,D,PD,YP,D
9:24:51,MYOR,RG,2350,10,D,NI,YP,D
9:24:51,MYOR,RG,2350,4,D,CC,YP,D
9:24:51,MYOR,RG,2350,3,D,PD,YP,D
9:24:51,MYOR,RG,2350,50,D,YP,YP,D
9:24:51,MYOR,RG,2350,106,D,YP,YP,D
9:24:47,MYOR,RG,2350,14,D,YP,CS,D
9:24:47,MYOR,RG,2350,10,D,DH,CS,D
9:24:47,MYOR,RG,2350,10,D,KK,CS,D
9:24:47,MYOR,RG,2350,1,D,XL,CS,D
9:24:47,MYOR,RG,2350,12,D,CC,CS,D
9:24:47,MYOR,RG,2350,1,D,SQ,CS,D
9:24:47,MYOR,RG,2350,2,D,CC,CS,D
9:24:47,MYOR,RG,2350,20,D,XC,CS,D
9:24:47,MYOR,RG,2350,4,D,SQ,CS,D
9:24:46,MYOR,RG,2350,3,D,SQ,CC,D
9:24:46,MYOR,RG,2350,1,D,NI,CC,D
9:24:46,MYOR,RG,2350,4,F,ZP,CC,D
9:24:46,MYOR,RG,2350,5,D,PD,CC,D
9:24:46,MYOR,RG,2350,2,D,PD,CC,D
9:24:46,MYOR,RG,2350,22,F,ZP,CC,D
9:24:46,MYOR,RG,2350,1,D,YP,CC,D
9:24:46,MYOR,RG,2350,49,F,CS,CC,D
9:24:46,MYOR,RG,2350,13,F,ZP,CC,D
9:24:45,MYOR,RG,2360,1,D,PD,NI,D
9:24:45,MYOR,RG,2360,1,D,PD,XC,D
9:24:45,MYOR,RG,2360,3,D,PD,DR,D
9:23:57,MYOR,RG,2350,15,F,ZP,CS,D
9:22:59,MYOR,RG,2350,8,F,ZP,SQ,D
9:22:39,MYOR,RG,2360,9,D,EP,DR,D
9:22:39,MYOR,RG,2360,1,D,EP,PD,D
9:22:33,MYOR,RG,2350,13,F,ZP,NI,D
9:22:33,MYOR,RG,2350,8,F,BK,NI,D
9:22:12,MYOR,RG,2350,3,F,BK,XC,D
9:20:36,MYOR,RG,2350,64,F,BK,CS,D
9:19:22,MYOR,RG,2360,2,D,CC,PD,D
9:19:19,MYOR,RG,2360,1,D,PD,PD,D
9:19:09,MYOR,RG,2360,1,D,XC,PD,D
9:19:07,MYOR,RG,2360,1,D,XC,PD,D
9:19:06,MYOR,RG,2350,4,F,BK,PD,D
9:18:57,MYOR,RG,2360,1,D,DH,PD,D
9:18:26,MYOR,RG,2360,2,D,CC,PD,D
9:18:26,MYOR,RG,2360,1,D,YP,PD,D
9:18:18,MYOR,RG,2360,40,D,SQ,PD,D
9:18:18,MYOR,RG,2360,3,D,SQ,IF,D
9:17:38,MYOR,RG,2350,1,F,BK,PD,D
9:17:19,MYOR,RG,2350,62,F,BK,CS,D
9:15:42,MYOR,RG,2340,1,D,KK,CS,D
9:15:42,MYOR,RG,2340,5,F,CS,CS,D
9:15:42,MYOR,RG,2340,4,F,ZP,CS,D
9:15:42,MYOR,RG,2350,1,D,XC,CS,D
9:15:42,MYOR,RG,2350,5,D,PD,CS,D
9:15:42,MYOR,RG,2350,10,D,XC,CS,D
9:15:42,MYOR,RG,2350,10,F,CS,AK,F
9:15:41,MYOR,RG,2350,79,F,CS,PD,D
9:15:41,MYOR,RG,2350,1,D,PD,PD,D
9:15:41,MYOR,RG,2350,2,D,SQ,PD,D
9:15:41,MYOR,RG,2350,1,D,XC,PD,D
9:15:41,MYOR,RG,2350,1,D,XC,PD,D
9:15:41,MYOR,RG,2350,10,D,LG,PD,D
9:15:41,MYOR,RG,2350,2,D,AZ,PD,D
9:15:41,MYOR,RG,2350,1,D,XC,PD,D
9:15:41,MYOR,RG,2350,30,D,LG,PD,D
9:15:41,MYOR,RG,2350,4,D,PD,PD,D
9:15:41,MYOR,RG,2350,19,F,ZP,PD,D
9:15:03,MYOR,RG,2350,10,F,ZP,SQ,D
9:15:03,MYOR,RG,2350,65,D,SQ,SQ,D
9:14:37,MYOR,RG,2350,35,D,SQ,EP,D
9:14:37,MYOR,RG,2350,5,F,CS,EP,D
9:13:52,MYOR,RG,2350,2,F,CS,XC,D
9:13:33,MYOR,RG,2360,1,D,YP,IF,D
9:13:11,MYOR,RG,2350,74,F,CS,CS,D
9:13:11,MYOR,RG,2350,5,F,ZP,CS,D
9:12:17,MYOR,RG,2360,2,D,CC,IF,D
9:12:14,MYOR,RG,2350,6,F,ZP,KK,D
9:11:50,MYOR,RG,2360,1,D,YP,IF,D
9:11:49,MYOR,RG,2360,1,D,XC,IF,D
9:11:26,MYOR,RG,2360,1,D,KK,IF,D
9:11:17,MYOR,RG,2360,3,D,XC,IF,D
9:11:03,MYOR,RG,2360,1,D,CC,IF,D
9:10:25,MYOR,RG,2350,4,F,ZP,CC,D
9:10:25,MYOR,RG,2350,1,D,PD,CC,D
9:10:25,MYOR,RG,2350,18,D,LG,CC,D
9:09:55,MYOR,RG,2350,14,D,LG,LG,D
9:09:55,MYOR,RG,2350,1,D,CC,LG,D
9:09:48,MYOR,RG,2350,9,D,CC,CS,D
9:09:48,MYOR,RG,2350,3,D,PD,CS,D
9:09:48,MYOR,RG,2350,1,D,XC,CS,D
9:09:48,MYOR,RG,2350,1,D,DH,CS,D
9:09:48,MYOR,RG,2350,2,D,XC,CS,D
9:09:48,MYOR,RG,2350,15,F,CS,CS,D
9:09:38,MYOR,RG,2350,15,F,CS,LG,D
9:08:59,MYOR,RG,2350,46,F,CS,PD,D
9:08:59,MYOR,RG,2350,35,F,ZP,PD,D
9:08:59,MYOR,RG,2350,59,F,ZP,PD,D
9:08:59,MYOR,RG,2350,60,D,YB,PD,D
9:08:46,MYOR,RG,2350,200,D,YB,PD,D
9:08:43,MYOR,RG,2350,100,D,YB,SQ,D
9:08:01,MYOR,RG,2350,1,D,YB,XC,D
9:06:02,MYOR,RG,2350,20,D,YB,YP,D
9:05:04,MYOR,RG,2360,5,D,LG,IF,D
9:04:39,MYOR,RG,2360,1,D,KK,IF,D
9:04:29,MYOR,RG,2350,13,D,YB,NI,D
9:04:25,MYOR,RG,2360,6,F,ZP,IF,D
9:04:25,MYOR,RG,2360,4,F,ZP,NI,D
9:04:25,MYOR,RG,2360,33,F,ZP,PD,D
9:04:24,MYOR,RG,2350,31,D,YB,CC,D
9:04:20,MYOR,RG,2350,4,D,YP,CC,D
9:03:55,MYOR,RG,2350,10,D,DR,CC,D
9:03:54,MYOR,RG,2350,15,F,CS,CC,D
9:03:54,MYOR,RG,2350,6,D,YP,CC,D
9:03:54,MYOR,RG,2350,5,D,YP,CC,D
9:03:54,MYOR,RG,2350,14,D,KK,CC,D
9:03:49,MYOR,RG,2350,100,D,KK,PD,D
9:03:49,MYOR,RG,2350,86,D,KK,NI,D
9:03:41,MYOR,RG,2350,11,F,CS,NI,D
9:03:41,MYOR,RG,2350,3,F,ZP,NI,D
9:03:36,MYOR,RG,2350,18,F,ZP,PD,D
9:03:36,MYOR,RG,2350,10,F,CS,PD,D
9:03:36,MYOR,RG,2350,79,F,BK,PD,D
9:03:36,MYOR,RG,2350,13,F,ZP,PD,D
9:03:16,MYOR,RG,2360,20,D,LG,PD,D
9:02:22,MYOR,RG,2360,15,D,CC,PD,D
9:02:09,MYOR,RG,2360,1,D,PD,PD,D
9:02:02,MYOR,RG,2350,1,F,ZP,GR,D
9:01:35,MYOR,RG,2350,10,F,ZP,YP,D
9:01:35,MYOR,RG,2350,2,D,YP,YP,D
9:01:28,MYOR,RG,2340,12,F,ZP,YP,D
9:00:57,MYOR,RG,2360,27,F,ZP,PD,D
9:00:57,MYOR,RG,2360,4,D,LG,PD,D
9:00:57,MYOR,RG,2360,3,D,LG,PD,D
9:00:57,MYOR,RG,2350,100,D,LG,PD,D
9:00:57,MYOR,RG,2350,3,D,LG,PD,D
9:00:57,MYOR,RG,2350,1,D,LG,XC,D
9:00:57,MYOR,RG,2340,23,D,LG,PD,D
9:00:18,MYOR,RG,2340,4,F,CS,PD,D
9:00:18,MYOR,RG,2340,9,F,CS,PD,D
9:00:16,MYOR,RG,2340,3,F,CS,PD,D
9:00:16,MYOR,RG,2340,46,F,CS,PD,D
9:00:15,MYOR,RG,2340,4,D,XC,PD,D
9:00:14,MYOR,RG,2340,2,F,CS,PD,D
9:00:14,MYOR,RG,2340,8,F,CS,PD,D
9:00:14,MYOR,RG,2340,1,F,CS,PD,D
9:00:14,MYOR,RG,2340,26,F,CS,PD,D
9:00:13,MYOR,RG,2340,25,D,CC,PD,D
9:00:13,MYOR,RG,2330,1,D,CC,XC,D
9:00:13,MYOR,RG,2340,1,F,CS,PD,D
9:00:13,MYOR,RG,2340,5,F,CS,PD,D
9:00:12,MYOR,RG,2330,6,D,CC,PD,D
9:00:12,MYOR,RG,2330,1,F,CS,PD,D
9:00:12,MYOR,RG,2330,1,D,PD,PD,D
9:00:12,MYOR,RG,2330,2,D,XL,PD,D
9:00:12,MYOR,RG,2330,90,D,KK,PD,D
9:00:11,MYOR,RG,2340,20,D,LG,PD,D
9:00:11,MYOR,RG,2340,3,F,CS,PD,D
9:00:11,MYOR,RG,2330,1,D,KK,PD,D
9:00:10,MYOR,RG,2330,1,D,KK,XC,D
9:00:09,MYOR,RG,2340,2,F,CS,PD,D
9:00:09,MYOR,RG,2330,8,D,KK,XC,D
9:00:09,MYOR,RG,2330,1,D,LG,XC,D
9:00:09,MYOR,RG,2330,2,D,XC,XC,D
9:00:09,MYOR,RG,2330,1,D,XL,XC,D
9:00:09,MYOR,RG,2330,1,D,XC,XC,D
9:00:09,MYOR,RG,2340,2,D,PD,PD,D
9:00:09,MYOR,RG,2340,3,F,ZP,PD,D
9:00:09,MYOR,RG,2340,1,D,XL,PD,D
9:00:09,MYOR,RG,2340,12,D,XC,PD,D
9:00:08,MYOR,RG,2340,3,D,XC,PD,D
9:00:07,MYOR,RG,2370,1,F,CS,XC,D
9:00:07,MYOR,RG,2340,5,D,XC,PD,D
9:00:07,MYOR,RG,2340,2,D,XC,PD,D
9:00:06,MYOR,RG,2370,1,F,ZP,XC,D
9:00:05,MYOR,RG,2340,1,D,XC,XC,D
9:00:05,MYOR,RG,2370,1,F,CS,XC,D
9:00:03,MYOR,RG,2330,1,D,AZ,XC,D
9:00:03,MYOR,RG,2330,1,D,KK,XC,D
9:00:03,MYOR,RG,2330,2,D,HP,XC,D
9:00:03,MYOR,RG,2330,1,D,KK,XC,D
9:00:03,MYOR,RG,2330,2,D,XC,XC,D