Time,Stock,Brd,Price,Qty,BT,BC,SC,ST
15:00:00,MYOR,RG,2300,1,D,DR,YU,D
15:00:00,MYOR,RG,2300,19,D,IP,YU,D
15:00:00,MYOR,RG,2300,13,D,IP,XC,D
15:00:00,MYOR,RG,2300,4,D,IP,CC,D
15:00:00,MYOR,RG,2300,2,D,IP,EP,D
15:00:00,MYOR,RG,2300,1,D,IP,XC,D
15:00:00,MYOR,RG,2300,85,D,IP,LG,D
15:00:00,MYOR,RG,2300,4,D,IP,CP,D
15:00:00,MYOR,RG,2300,72,D,IP,SQ,D
15:00:00,MYOR,RG,2300,1,D,IP,EP,D
15:00:00,MYOR,RG,2300,1,D,IP,EP,D
15:00:00,MYOR,RG,2300,3,D,IP,XC,D
15:00:00,MYOR,RG,2300,30,D,IP,KK,D
15:00:00,MYOR,RG,2300,9,D,IP,OD,D
15:00:00,MYOR,RG,2300,3,D,IP,OD,D
15:00:00,MYOR,RG,2300,23,D,IP,SQ,D
15:00:00,MYOR,RG,2300,17,F,KZ,SQ,D
15:00:00,MYOR,RG,2300,2,F,KZ,DR,D
15:00:00,MYOR,RG,2300,2,F,KZ,XC,D
15:00:00,MYOR,RG,2300,3,F,KZ,XC,D
15:00:00,MYOR,RG,2300,3,F,KZ,XC,D
15:00:00,MYOR,RG,2300,2,F,KZ,XC,D
15:00:00,MYOR,RG,2300,3,F,KZ,CC,D
15:00:00,MYOR,RG,2300,1,F,KZ,PD,D
15:00:00,MYOR,RG,2300,11,F,KZ,XC,D
15:00:00,MYOR,RG,2300,28,F,KZ,OD,D
15:00:00,MYOR,RG,2300,95,F,KZ,OD,D
15:00:00,MYOR,RG,2300,154,F,KZ,OD,D
15:00:00,MYOR,RG,2300,23,D,PD,OD,D
15:00:00,MYOR,RG,2300,13,D,PD,CC,D
15:00:00,MYOR,RG,2300,4,D,PD,AZ,D
15:00:00,MYOR,RG,2300,11,D,PD,XC,D
14:49:54,MYOR,RG,2290,20,F,KZ,PD,D
14:49:09,MYOR,RG,2290,44,F,BK,YP,D
14:46:48,MYOR,RG,2290,50,F,BK,BQ,D
14:45:19,MYOR,RG,2300,2,D,PD,SQ,D
14:44:53,MYOR,RG,2300,1,D,XC,SQ,D
14:41:34,MYOR,RG,2300,2,F,KZ,SQ,D
14:41:32,MYOR,RG,2300,1,F,KZ,NI,D
14:41:31,MYOR,RG,2300,4,D,YU,NI,D
14:41:31,MYOR,RG,2300,1,D,YU,PD,D
14:41:31,MYOR,RG,2300,5,D,YU,BK,F
14:41:31,MYOR,RG,2300,6,D,YU,BK,F
14:41:01,MYOR,RG,2300,5,F,KZ,BK,F
14:41:00,MYOR,RG,2300,18,D,YU,YU,D
14:39:51,MYOR,RG,2290,1,F,BK,XC,D
14:39:30,MYOR,RG,2290,1,F,BK,YP,D
14:39:30,MYOR,RG,2290,12,F,KZ,YP,D
14:39:30,MYOR,RG,2290,32,D,XC,YP,D
14:38:39,MYOR,RG,2300,2,F,KZ,YU,D
14:38:38,MYOR,RG,2300,1,D,CS,YU,D
14:38:38,MYOR,RG,2300,1,D,CS,YU,D
14:38:37,MYOR,RG,2290,1,D,XC,XC,D
14:38:37,MYOR,RG,2290,1,F,KZ,XC,D
14:38:37,MYOR,RG,2290,1,D,CS,XC,D
14:38:37,MYOR,RG,2290,1,D,CS,BK,F
14:38:36,MYOR,RG,2290,1,D,CS,BK,F
14:38:36,MYOR,RG,2290,2,F,KZ,BK,F
14:38:36,MYOR,RG,2290,3,D,CS,BK,F
14:38:35,MYOR,RG,2290,5,F,KZ,BK,F
14:38:35,MYOR,RG,2290,2,F,KZ,YP,F
14:38:35,MYOR,RG,2290,5,D,CS,YP,F
14:38:34,MYOR,RG,2290,18,D,YU,YP,F
14:36:39,MYOR,RG,2290,1,D,XC,YP,F
14:36:04,MYOR,RG,2290,1,F,KZ,YP,F
14:36:03,MYOR,RG,2290,3,F,KZ,YP,F
14:36:03,MYOR,RG,2290,2,D,CS,YP,F
14:36:02,MYOR,RG,2290,7,D,CS,YP,F
14:35:58,MYOR,RG,2290,2,F,KZ,YP,F
14:35:57,MYOR,RG,2290,10,D,CS,YP,F
14:35:56,MYOR,RG,2290,2,D,CS,YP,F
14:35:40,MYOR,RG,2290,11,D,CS,YP,F
14:35:40,MYOR,RG,2290,4,D,CS,YP,F
14:35:29,MYOR,RG,2290,1,D,CC,YP,F
14:35:28,MYOR,RG,2290,15,D,CS,YP,F
14:35:10,MYOR,RG,2290,3,D,CS,YP,F
14:35:10,MYOR,RG,2290,1,D,CS,YP,F
14:35:10,MYOR,RG,2290,31,F,KZ,YP,F
14:35:09,MYOR,RG,2290,10,D,YU,YP,F
14:35:09,MYOR,RG,2290,10,D,CC,YP,F
14:35:09,MYOR,RG,2290,1,D,CS,YP,F
14:35:09,MYOR,RG,2290,4,D,CS,YP,F
14:35:09,MYOR,RG,2290,3,D,CS,YP,F
14:35:09,MYOR,RG,2290,4,D,CS,YP,F
14:35:09,MYOR,RG,2290,2,D,CS,YP,F
14:35:09,MYOR,RG,2290,3,D,CS,YP,F
14:35:09,MYOR,RG,2290,4,F,KZ,YP,F
14:35:09,MYOR,RG,2290,3,D,CS,YP,F
14:35:09,MYOR,RG,2290,8,D,YP,YP,F
14:35:09,MYOR,RG,2290,2,F,KZ,YP,F
14:35:09,MYOR,RG,2290,4,D,CS,YP,F
14:35:09,MYOR,RG,2290,6,F,KZ,YP,F
14:35:09,MYOR,RG,2290,6,D,CS,YP,F
14:35:09,MYOR,RG,2290,1,D,CS,YP,F
14:35:09,MYOR,RG,2290,10,D,YU,YP,F
14:34:46,MYOR,RG,2300,1,D,CC,YU,D
14:32:14,MYOR,RG,2300,2,F,KZ,YU,D
14:32:12,MYOR,RG,2300,7,F,KZ,YU,D
14:32:09,MYOR,RG,2290,19,D,YP,BK,F
14:32:09,MYOR,RG,2290,6,D,YP,YP,D
14:31:42,MYOR,RG,2290,14,F,KZ,YP,D
14:31:41,MYOR,RG,2290,20,D,YP,YP,D
14:31:40,MYOR,RG,2290,1,F,KZ,YP,D
14:31:40,MYOR,RG,2290,3,D,CS,YP,D
14:31:40,MYOR,RG,2290,4,D,CS,YP,D
14:31:40,MYOR,RG,2290,2,F,KZ,YP,D
14:31:40,MYOR,RG,2290,3,D,CS,YP,D
14:31:39,MYOR,RG,2290,4,D,CS,YP,D
14:31:39,MYOR,RG,2290,3,D,CS,YP,D
14:31:39,MYOR,RG,2290,3,D,CS,YP,D
14:31:39,MYOR,RG,2290,2,D,CS,YP,D
14:31:39,MYOR,RG,2290,1,D,CS,YP,D
14:31:39,MYOR,RG,2290,3,F,KZ,YP,D
14:31:39,MYOR,RG,2290,1,D,CS,YP,D
14:31:33,MYOR,RG,2290,1,D,CS,EP,D
14:31:33,MYOR,RG,2290,4,D,CS,EP,D
14:31:33,MYOR,RG,2290,4,D,CS,EP,D
14:31:29,MYOR,RG,2300,4,F,KZ,YU,D
14:31:24,MYOR,RG,2290,3,F,KZ,BK,F
14:31:23,MYOR,RG,2290,9,D,CS,BK,F
14:31:23,MYOR,RG,2290,7,D,CS,BK,F
14:31:22,MYOR,RG,2290,2,F,KZ,BK,F
14:31:22,MYOR,RG,2290,13,F,KZ,YP,F
14:31:22,MYOR,RG,2290,3,D,CS,YP,F
14:30:59,MYOR,RG,2280,6,F,KZ,BK,F
14:30:56,MYOR,RG,2280,1,F,KZ,BK,F
14:30:56,MYOR,RG,2280,7,F,KZ,BK,F
14:30:55,MYOR,RG,2290,26,D,CS,YP,F
14:30:55,MYOR,RG,2290,14,D,CS,YP,F
14:30:55,MYOR,RG,2290,7,F,KZ,YP,F
14:30:55,MYOR,RG,2290,4,D,CS,YP,F
14:30:54,MYOR,RG,2290,4,D,CS,YP,F
14:30:54,MYOR,RG,2290,8,D,YU,YP,F
14:30:54,MYOR,RG,2290,16,D,CS,YP,F
14:30:54,MYOR,RG,2290,32,D,CS,YP,F
14:30:54,MYOR,RG,2290,15,F,KZ,YP,F
14:30:54,MYOR,RG,2290,10,D,CS,YP,F
14:30:54,MYOR,RG,2290,22,D,CS,YP,F
14:30:54,MYOR,RG,2290,10,D,YU,YP,F
14:30:54,MYOR,RG,2290,3,F,KZ,YP,F
14:30:54,MYOR,RG,2290,6,D,CS,YP,F
14:30:54,MYOR,RG,2290,1,D,YP,YP,F
14:30:54,MYOR,RG,2290,6,F,KZ,YP,F
14:30:02,MYOR,RG,2300,2,F,KZ,YU,D
14:30:01,MYOR,RG,2300,18,D,YU,YU,D
14:28:25,MYOR,RG,2290,7,F,KZ,BK,F
14:27:42,MYOR,RG,2290,9,F,KZ,DR,D
14:27:42,MYOR,RG,2290,6,F,BK,DR,D
14:27:04,MYOR,RG,2290,48,F,BK,EP,D
14:26:44,MYOR,RG,2290,2,F,BK,BK,F
14:26:44,MYOR,RG,2290,1,F,KZ,BK,F
14:26:44,MYOR,RG,2290,2,D,CS,BK,F
14:26:44,MYOR,RG,2290,2,D,CS,BK,F
14:26:15,MYOR,RG,2300,2,D,NI,YU,D
14:26:09,MYOR,RG,2300,2,F,KZ,YU,D
14:26:07,MYOR,RG,2300,48,F,KZ,YU,D
14:26:05,MYOR,RG,2300,2,D,CS,YU,D
14:26:04,MYOR,RG,2290,6,D,CS,YP,F
14:26:04,MYOR,RG,2290,8,D,YU,YP,F
14:26:04,MYOR,RG,2290,2,D,YP,YP,F
14:26:04,MYOR,RG,2290,29,D,CS,YP,F
14:26:04,MYOR,RG,2290,23,D,CS,YP,F
14:26:04,MYOR,RG,2290,9,D,CS,YP,F
14:26:04,MYOR,RG,2290,31,D,CS,YP,F
14:26:04,MYOR,RG,2290,12,D,CS,YP,F
14:26:04,MYOR,RG,2290,1,D,XC,YP,F
14:26:04,MYOR,RG,2290,15,D,CS,YP,F
14:26:04,MYOR,RG,2290,8,D,YU,YP,F
14:26:04,MYOR,RG,2290,10,D,PD,YP,F
14:26:04,MYOR,RG,2290,9,D,YU,YP,F
14:26:04,MYOR,RG,2290,15,D,CS,YP,F
14:26:04,MYOR,RG,2290,1,F,KZ,YP,F
14:26:04,MYOR,RG,2290,4,D,CS,YP,F
14:26:04,MYOR,RG,2290,1,F,KZ,YP,F
14:26:04,MYOR,RG,2290,2,D,CS,YP,F
14:26:04,MYOR,RG,2290,1,D,CS,YP,F
14:26:04,MYOR,RG,2290,13,F,KZ,YP,F
14:25:45,MYOR,RG,2300,1,D,XC,YU,D
14:24:26,MYOR,RG,2300,19,D,YU,YU,D
14:23:37,MYOR,RG,2300,60,D,YP,YU,D
14:23:10,MYOR,RG,2300,10,D,YP,YU,D
14:23:10,MYOR,RG,2300,11,D,YP,BK,F
14:23:10,MYOR,RG,2300,1,D,YP,YP,F
14:22:13,MYOR,RG,2300,18,D,YU,YP,F
14:22:06,MYOR,RG,2300,76,D,CS,YP,F
14:22:06,MYOR,RG,2300,5,D,CS,YP,F
14:22:06,MYOR,RG,2300,32,D,CS,YP,F
14:22:06,MYOR,RG,2300,1,D,CS,YP,F
14:22:06,MYOR,RG,2300,36,D,CS,YP,F
14:22:06,MYOR,RG,2300,4,D,CS,YP,F
14:22:05,MYOR,RG,2300,27,D,CC,YP,F
14:22:05,MYOR,RG,2300,1,D,CC,EP,D
14:22:05,MYOR,RG,2300,5,D,CC,PD,D
14:22:05,MYOR,RG,2300,11,D,CC,BK,F
14:22:05,MYOR,RG,2300,5,D,CC,CC,D
14:22:05,MYOR,RG,2300,1,D,CC,NI,D
14:22:05,MYOR,RG,2300,18,D,CC,BK,F
14:22:05,MYOR,RG,2300,152,D,CC,RF,D
14:21:46,MYOR,RG,2290,7,F,KZ,BK,F
14:21:10,MYOR,RG,2290,11,F,KZ,PD,D
14:21:10,MYOR,RG,2290,2,D,CS,PD,D
14:21:10,MYOR,RG,2290,12,F,BK,PD,D
14:20:00,MYOR,RG,2300,19,D,YU,RF,D
14:19:04,MYOR,RG,2290,7,F,BK,BK,F
14:16:56,MYOR,RG,2290,1,F,BK,PD,D
14:16:38,MYOR,RG,2290,50,F,BK,NI,D
14:16:23,MYOR,RG,2290,4,F,BK,BK,F
14:16:23,MYOR,RG,2290,2,D,CS,BK,F
14:16:23,MYOR,RG,2290,2,D,CS,BK,F
14:12:13,MYOR,RG,2290,5,D,CS,YP,D
14:12:13,MYOR,RG,2300,1,D,CS,RF,D
14:12:13,MYOR,RG,2290,1,D,CS,KK,D
14:12:13,MYOR,RG,2290,15,D,CS,KK,D
14:12:13,MYOR,RG,2290,9,D,CS,KK,D
14:12:13,MYOR,RG,2290,13,D,CS,KK,D
14:12:13,MYOR,RG,2290,56,F,KZ,KK,D
14:12:13,MYOR,RG,2290,8,D,YU,KK,D
14:12:13,MYOR,RG,2290,5,D,CS,KK,D
14:12:13,MYOR,RG,2290,1,D,OD,KK,D
14:12:13,MYOR,RG,2290,3,D,CS,KK,D
14:12:13,MYOR,RG,2290,2,D,CC,KK,D
14:12:13,MYOR,RG,2290,10,D,YU,KK,D
14:12:13,MYOR,RG,2290,12,D,CS,KK,D
14:12:13,MYOR,RG,2290,1,D,PD,KK,D
14:12:13,MYOR,RG,2290,8,D,YU,KK,D
14:12:13,MYOR,RG,2290,1,D,KK,KK,D
14:12:13,MYOR,RG,2290,5,D,CS,KK,D
14:12:10,MYOR,RG,2290,13,D,CS,YP,F
14:12:10,MYOR,RG,2290,2,F,KZ,YP,F
14:12:10,MYOR,RG,2290,15,D,CS,YP,F
14:12:10,MYOR,RG,2290,2,F,KZ,YP,F
14:12:10,MYOR,RG,2290,5,D,CS,YP,F
14:12:10,MYOR,RG,2290,76,F,KZ,YP,F
14:12:10,MYOR,RG,2290,87,F,BK,YP,F
14:12:02,MYOR,RG,2300,25,D,PD,RF,D
14:10:30,MYOR,RG,2290,68,F,BK,XC,D
14:10:00,MYOR,RG,2300,19,D,YU,RF,D
14:05:54,MYOR,RG,2290,2,F,BK,PD,D
14:05:31,MYOR,RG,2290,9,F,BK,PD,D
14:04:36,MYOR,RG,2290,22,F,BK,YP,D
14:03:21,MYOR,RG,2290,7,F,BK,PD,D
14:03:21,MYOR,RG,2290,4,F,KZ,PD,D
14:03:21,MYOR,RG,2290,2,D,CS,PD,D
14:03:21,MYOR,RG,2290,3,D,PD,PD,D
14:03:21,MYOR,RG,2290,5,D,CS,PD,D
14:03:21,MYOR,RG,2290,1,D,CS,PD,D
14:02:11,MYOR,RG,2290,10,D,CS,YP,F
14:02:11,MYOR,RG,2290,37,F,KZ,YP,F
14:02:11,MYOR,RG,2290,1,D,CS,YP,F
14:02:11,MYOR,RG,2290,19,D,CS,YP,F
14:02:11,MYOR,RG,2290,5,D,XC,YP,F
14:02:11,MYOR,RG,2290,5,D,CS,YP,F
14:02:11,MYOR,RG,2290,11,D,CS,YP,F
14:02:11,MYOR,RG,2290,21,D,CS,YP,F
14:02:11,MYOR,RG,2290,4,F,KZ,YP,F
14:02:11,MYOR,RG,2290,34,F,KZ,YP,F
14:02:11,MYOR,RG,2290,11,D,CS,YP,F
14:02:11,MYOR,RG,2290,1,D,PD,YP,F
14:02:11,MYOR,RG,2290,1,D,DH,YP,F
14:02:11,MYOR,RG,2290,11,F,BK,YP,F
14:02:11,MYOR,RG,2290,8,D,YU,YP,F
14:02:11,MYOR,RG,2290,3,D,XC,YP,F
14:02:11,MYOR,RG,2290,4,D,NI,YP,F
14:02:11,MYOR,RG,2290,4,D,CS,YP,F
14:02:11,MYOR,RG,2290,9,D,YU,YP,F
14:02:11,MYOR,RG,2290,1,D,XC,YP,F
14:02:00,MYOR,RG,2300,4,D,YU,RF,D
14:02:00,MYOR,RG,2300,11,D,YU,BK,F
14:02:00,MYOR,RG,2300,1,D,YU,PD,D
14:02:00,MYOR,RG,2300,2,D,YU,XC,D
14:00:26,MYOR,RG,2300,3,D,CS,XC,D
14:00:26,MYOR,RG,2300,16,D,CS,BK,F
14:00:26,MYOR,RG,2300,18,D,CS,YU,D
14:00:26,MYOR,RG,2300,12,D,CS,YU,D
14:00:26,MYOR,RG,2300,6,D,CS,YU,D
14:00:26,MYOR,RG,2300,15,D,CS,YU,D
14:00:26,MYOR,RG,2300,8,D,CS,YU,D
14:00:26,MYOR,RG,2300,1,D,CS,YU,D
14:00:26,MYOR,RG,2300,11,D,CS,YU,D
14:00:26,MYOR,RG,2300,6,D,CS,YU,D
14:00:26,MYOR,RG,2300,10,D,CS,YU,D
14:00:14,MYOR,RG,2290,1,D,CS,NI,D
13:59:56,MYOR,RG,2300,16,D,CS,YU,D
13:59:56,MYOR,RG,2300,10,D,CS,YU,D
13:59:56,MYOR,RG,2300,4,D,CS,YU,D
13:59:56,MYOR,RG,2300,7,D,CS,YU,D
13:59:35,MYOR,RG,2290,13,D,CS,XA,F
13:59:35,MYOR,RG,2290,1,D,NI,XA,F
13:59:35,MYOR,RG,2290,5,D,CC,XA,F
13:59:35,MYOR,RG,2290,6,F,KZ,XA,F
13:57:54,MYOR,RG,2290,1,F,KZ,XC,D
13:56:07,MYOR,RG,2290,7,F,KZ,DH,D
13:55:04,MYOR,RG,2290,2,F,KZ,PD,D
13:55:00,MYOR,RG,2300,19,D,YU,YU,D
13:53:53,MYOR,RG,2290,178,F,KZ,YP,F
13:53:53,MYOR,RG,2290,22,D,YP,YP,F
13:53:24,MYOR,RG,2300,18,F,KZ,YU,D
13:53:22,MYOR,RG,2300,4,F,KZ,YU,D
13:53:22,MYOR,RG,2300,35,D,CC,YU,D
13:53:22,MYOR,RG,2300,1,D,CC,XC,D
13:53:22,MYOR,RG,2300,9,D,CC,BK,F
13:53:22,MYOR,RG,2300,40,D,CC,PD,D
13:53:22,MYOR,RG,2300,15,D,CC,YU,D
13:51:21,MYOR,RG,2300,8,F,KZ,YU,D
13:51:19,MYOR,RG,2300,3,F,KZ,YU,D
13:51:18,MYOR,RG,2300,6,D,CS,YU,D
13:51:18,MYOR,RG,2300,13,D,CS,YU,D
13:51:18,MYOR,RG,2300,7,D,CS,YU,D
13:51:18,MYOR,RG,2300,12,D,CS,YU,D
13:51:18,MYOR,RG,2300,13,D,CS,YU,D
13:50:43,MYOR,RG,2300,9,F,KZ,YU,D
13:50:41,MYOR,RG,2300,9,F,KZ,YU,D
13:50:40,MYOR,RG,2300,8,D,CS,YU,D
13:50:40,MYOR,RG,2300,34,D,CS,YU,D
13:50:40,MYOR,RG,2300,36,D,CS,YU,D
13:50:18,MYOR,RG,2290,4,D,CS,YP,D
13:49:22,MYOR,RG,2290,1,D,CS,OD,D
13:48:52,MYOR,RG,2300,8,D,CS,YU,D
13:48:52,MYOR,RG,2300,3,D,CS,YU,D
13:48:52,MYOR,RG,2300,1,D,CS,YU,D
13:48:52,MYOR,RG,2300,9,D,CS,YU,D
13:48:39,MYOR,RG,2290,2,D,CS,OD,D
13:48:39,MYOR,RG,2290,3,D,CS,OD,D
13:47:44,MYOR,RG,2300,6,F,KZ,YU,D
13:47:44,MYOR,RG,2300,1,F,KZ,DH,D
13:47:39,MYOR,RG,2300,1,F,KZ,DH,D
13:47:34,MYOR,RG,2300,1,F,KZ,PD,D
13:47:34,MYOR,RG,2300,1,F,KZ,PD,D
13:47:34,MYOR,RG,2300,4,F,KZ,MU,D
13:47:34,MYOR,RG,2300,2,F,KZ,PD,D
13:47:34,MYOR,RG,2300,10,F,KZ,NI,D
13:47:34,MYOR,RG,2300,10,F,KZ,YP,D
13:47:34,MYOR,RG,2300,7,F,KZ,SQ,D
13:47:34,MYOR,RG,2300,1,F,KZ,SQ,D
13:47:33,MYOR,RG,2300,3,F,KZ,SQ,D
13:47:31,MYOR,RG,2300,1,F,KZ,SQ,D
13:47:30,MYOR,RG,2300,8,D,YU,SQ,D
13:47:30,MYOR,RG,2300,8,D,YU,BK,F
13:47:30,MYOR,RG,2300,2,D,YU,AZ,D
13:46:24,MYOR,RG,2300,1,D,KK,AZ,D
13:46:23,MYOR,RG,2290,1,D,CS,KK,D
13:45:41,MYOR,RG,2300,1,D,PD,AZ,D
13:45:04,MYOR,RG,2300,3,D,XC,AZ,D
13:44:44,MYOR,RG,2300,21,F,KZ,AZ,D
13:44:44,MYOR,RG,2300,2,F,KZ,AZ,D
13:44:44,MYOR,RG,2300,3,F,KZ,AZ,D
13:44:42,MYOR,RG,2290,6,D,CS,YP,F
13:44:42,MYOR,RG,2290,10,D,SQ,YP,F
13:44:42,MYOR,RG,2290,11,D,SQ,YP,F
13:44:42,MYOR,RG,2290,35,D,PD,YP,F
13:44:42,MYOR,RG,2290,10,D,PD,YP,F
13:44:42,MYOR,RG,2290,11,D,EP,YP,F
13:44:42,MYOR,RG,2290,1,D,DH,YP,F
13:44:42,MYOR,RG,2290,8,D,YU,YP,F
13:44:42,MYOR,RG,2290,1,D,PD,YP,F
13:44:42,MYOR,RG,2290,5,D,PD,YP,F
13:44:42,MYOR,RG,2290,2,D,XC,YP,F
13:44:39,MYOR,RG,2300,1,F,KZ,AZ,D
13:44:39,MYOR,RG,2300,16,F,KZ,AZ,D
13:44:39,MYOR,RG,2300,7,F,KZ,SQ,D
13:44:39,MYOR,RG,2300,5,F,KZ,PD,D
13:44:39,MYOR,RG,2300,2,F,KZ,NI,D
13:44:39,MYOR,RG,2300,10,F,KZ,CC,D
13:44:36,MYOR,RG,2290,100,D,CP,YP,F
13:44:24,MYOR,RG,2300,5,F,KZ,CC,D
13:44:24,MYOR,RG,2300,6,F,KZ,BK,F
13:44:24,MYOR,RG,2300,23,F,KZ,PD,D
13:44:24,MYOR,RG,2300,5,F,KZ,PD,D
13:44:24,MYOR,RG,2300,1,F,KZ,PD,D
13:44:24,MYOR,RG,2300,15,F,KZ,PD,D
13:44:21,MYOR,RG,2290,100,D,CP,YP,F
13:43:34,MYOR,RG,2300,67,D,KK,PD,D
13:43:34,MYOR,RG,2300,3,D,KK,ZP,D
13:43:34,MYOR,RG,2300,25,D,KK,CC,D
13:43:34,MYOR,RG,2300,5,D,KK,GR,D
13:42:54,MYOR,RG,2290,1,D,CP,XC,D
13:42:32,MYOR,RG,2290,100,D,CP,YP,F
13:40:57,MYOR,RG,2300,2,D,CC,GR,D
13:40:02,MYOR,RG,2300,17,D,YU,GR,D
13:37:52,MYOR,RG,2290,10,D,CP,PD,D
13:37:01,MYOR,RG,2290,2,D,CP,XC,D
13:36:22,MYOR,RG,2290,1,D,CP,XC,D
13:35:09,MYOR,RG,2290,5,D,CP,KK,D
13:34:38,MYOR,RG,2290,81,D,CP,YP,F
13:34:38,MYOR,RG,2290,8,D,YU,YP,F
13:34:38,MYOR,RG,2290,10,D,CS,YP,F
13:34:38,MYOR,RG,2290,1,F,KZ,YP,F
13:34:34,MYOR,RG,2300,3,D,YP,GR,D
13:34:22,MYOR,RG,2300,13,D,PD,GR,D
13:34:02,MYOR,RG,2300,20,D,YU,GR,D
13:31:42,MYOR,RG,2300,1,D,PD,GR,D
13:31:08,MYOR,RG,2290,1,F,KZ,NI,D
13:30:15,MYOR,RG,2290,2,F,KZ,ZP,F
13:30:15,MYOR,RG,2290,3,D,DH,ZP,F
13:30:15,MYOR,RG,2290,5,D,YU,ZP,F
13:30:15,MYOR,RG,2290,5,D,YU,ZP,F
13:30:15,MYOR,RG,2290,2,D,DH,ZP,F
13:30:15,MYOR,RG,2290,3,F,KZ,ZP,F
13:30:14,MYOR,RG,2290,4,F,KZ,YP,D
13:30:13,MYOR,RG,2300,9,D,XC,GR,D
13:30:13,MYOR,RG,2300,1,D,XC,CC,D
13:30:11,MYOR,RG,2290,7,F,KZ,CC,D
13:30:11,MYOR,RG,2290,5,F,KZ,CC,D
13:30:10,MYOR,RG,2290,1,F,KZ,XC,D
13:30:06,MYOR,RG,2290,2,D,CS,PD,D
13:30:06,MYOR,RG,2290,1,D,CS,PD,D
13:30:06,MYOR,RG,2290,3,D,CS,XC,D
13:30:06,MYOR,RG,2290,1,D,CS,XC,D
13:30:06,MYOR,RG,2290,5,D,CS,XC,D
13:30:05,MYOR,RG,2290,5,D,CS,XC,D
13:30:05,MYOR,RG,2290,3,D,CS,XC,D
13:30:05,MYOR,RG,2290,12,D,CS,XC,D
13:30:05,MYOR,RG,2300,10,D,KK,CC,D
13:30:05,MYOR,RG,2300,5,D,KK,BK,F
13:30:05,MYOR,RG,2290,2,D,CS,DH,D
13:30:04,MYOR,RG,2290,4,D,CS,PD,D
13:30:03,MYOR,RG,2290,1,D,CS,DH,D
13:30:03,MYOR,RG,2300,2,D,EP,BK,F
13:30:03,MYOR,RG,2300,2,D,DH,BK,F
11:29:19,MYOR,RG,2290,3,D,CS,BK,F
11:27:04,MYOR,RG,2290,7,F,CC,BK,F
11:25:06,MYOR,RG,2290,3,F,CC,BK,F
11:25:06,MYOR,RG,2290,3,D,CS,BK,F
11:25:06,MYOR,RG,2290,1,F,KZ,BK,F
11:22:44,MYOR,RG,2290,7,F,KZ,BK,F
11:22:39,MYOR,RG,2290,8,F,KZ,TF,D
11:22:39,MYOR,RG,2290,2,D,CS,TF,D
11:21:14,MYOR,RG,2290,1,D,CS,PD,D
11:20:47,MYOR,RG,2290,6,D,CS,BK,F
11:20:47,MYOR,RG,2290,2,D,CS,BK,F
11:20:46,MYOR,RG,2290,14,D,CS,YP,F
11:20:46,MYOR,RG,2290,4,D,CS,YP,F
11:20:46,MYOR,RG,2290,17,F,KZ,YP,F
11:20:46,MYOR,RG,2290,32,F,CC,YP,F
11:20:38,MYOR,RG,2290,5,F,CC,DR,D
11:20:38,MYOR,RG,2290,5,D,CS,DR,D
11:20:38,MYOR,RG,2290,5,D,CS,DR,D
11:20:38,MYOR,RG,2290,2,F,KZ,DR,D
11:20:38,MYOR,RG,2290,2,D,CS,DR,D
11:20:20,MYOR,RG,2290,3,D,CS,BK,F
11:20:20,MYOR,RG,2290,3,F,KZ,BK,F
11:20:20,MYOR,RG,2290,1,D,YU,BK,F
11:20:19,MYOR,RG,2290,7,D,YU,YP,F
11:20:19,MYOR,RG,2290,26,F,KZ,YP,F
11:20:19,MYOR,RG,2290,6,D,CS,YP,F
11:20:19,MYOR,RG,2290,8,D,CS,YP,F
11:20:19,MYOR,RG,2290,53,F,CC,YP,F
11:19:47,MYOR,RG,2290,6,F,CC,BK,F
11:19:47,MYOR,RG,2290,1,D,CS,BK,F
11:19:44,MYOR,RG,2290,20,D,CS,BK,F
11:19:44,MYOR,RG,2290,23,F,KZ,BK,F
11:19:43,MYOR,RG,2290,5,D,PD,BK,F
11:19:43,MYOR,RG,2290,8,D,YU,BK,F
11:19:43,MYOR,RG,2290,1,D,XC,BK,F
11:19:43,MYOR,RG,2290,6,D,CS,BK,F
11:19:42,MYOR,RG,2290,2,D,CS,LG,D
11:19:42,MYOR,RG,2290,8,D,CS,LG,D
11:19:42,MYOR,RG,2290,21,F,KZ,LG,D
11:19:42,MYOR,RG,2290,44,D,CS,LG,D
11:19:42,MYOR,RG,2290,9,D,YU,LG,D
11:19:42,MYOR,RG,2290,1,D,SQ,LG,D
11:19:42,MYOR,RG,2290,1,D,KK,LG,D
11:19:42,MYOR,RG,2290,8,F,KZ,LG,D
11:19:42,MYOR,RG,2290,19,F,CC,LG,D
11:19:42,MYOR,RG,2290,10,F,KZ,LG,D
11:19:42,MYOR,RG,2290,5,D,CS,LG,D
11:19:42,MYOR,RG,2290,10,D,YP,LG,D
11:19:42,MYOR,RG,2290,2,D,CS,LG,D
11:19:42,MYOR,RG,2290,10,D,CS,LG,D
11:12:49,MYOR,RG,2290,1,D,CS,XC,D
11:12:09,MYOR,RG,2290,27,D,CS,BK,F
11:12:09,MYOR,RG,2290,53,F,KZ,BK,F
11:11:19,MYOR,RG,2290,31,F,KZ,BK,F
11:11:19,MYOR,RG,2290,16,D,CS,BK,F
11:11:19,MYOR,RG,2290,5,D,CS,BK,F
11:11:19,MYOR,RG,2290,10,D,YU,BK,F
11:11:19,MYOR,RG,2290,1,D,CS,BK,F
11:11:19,MYOR,RG,2290,1,F,KZ,BK,F
11:11:19,MYOR,RG,2290,3,D,CS,BK,F
11:11:19,MYOR,RG,2290,4,F,KZ,BK,F
11:11:19,MYOR,RG,2290,9,D,YP,BK,F
11:11:19,MYOR,RG,2290,2,D,YP,CC,D
11:11:19,MYOR,RG,2290,54,F,KZ,CC,D
11:11:19,MYOR,RG,2290,49,F,CC,CC,D
11:11:19,MYOR,RG,2290,3,D,CS,CC,D
11:11:19,MYOR,RG,2290,19,D,CS,CC,D
11:11:19,MYOR,RG,2290,30,D,CS,CC,D
11:11:19,MYOR,RG,2290,1,D,CS,CC,D
11:11:19,MYOR,RG,2290,8,D,CS,CC,D
11:11:19,MYOR,RG,2290,2,D,CS,CC,D
11:11:19,MYOR,RG,2290,8,D,CS,CC,D
11:11:19,MYOR,RG,2290,2,F,KZ,CC,D
11:11:19,MYOR,RG,2290,13,F,KZ,CC,D
11:11:19,MYOR,RG,2290,3,D,CS,CC,D
11:11:19,MYOR,RG,2290,4,D,CS,CC,D
11:11:19,MYOR,RG,2290,8,D,CS,CC,D
11:11:19,MYOR,RG,2290,4,D,CS,CC,D
11:10:59,MYOR,RG,2300,10,D,YP,YP,F
11:09:09,MYOR,RG,2300,2,F,KZ,YP,F
11:08:49,MYOR,RG,2300,1,F,KZ,YP,F
11:08:19,MYOR,RG,2300,20,F,KZ,YP,F
11:08:19,MYOR,RG,2300,14,F,KZ,YU,D
11:07:58,MYOR,RG,2290,13,F,KZ,YP,F
11:07:58,MYOR,RG,2290,5,D,CS,YP,F
11:07:58,MYOR,RG,2290,1,D,CS,YP,F
11:07:58,MYOR,RG,2290,10,D,CS,YP,F
11:07:58,MYOR,RG,2290,1,D,CS,YP,F
11:07:58,MYOR,RG,2290,6,F,KZ,YP,F
11:07:58,MYOR,RG,2290,3,D,CS,YP,F
11:07:58,MYOR,RG,2290,9,D,CS,YP,F
11:07:58,MYOR,RG,2290,4,D,CS,YP,F
11:07:58,MYOR,RG,2290,1,D,PD,YP,F
11:07:58,MYOR,RG,2290,5,F,KZ,YP,F
11:07:58,MYOR,RG,2290,6,D,CS,YP,F
11:07:58,MYOR,RG,2290,3,D,CS,YP,F
11:07:58,MYOR,RG,2290,3,D,CS,YP,F
11:07:58,MYOR,RG,2290,1,D,CS,YP,F
11:07:58,MYOR,RG,2290,2,F,KZ,YP,F
11:07:58,MYOR,RG,2290,7,F,KZ,YP,F
11:07:58,MYOR,RG,2290,1,F,KZ,YP,F
11:07:58,MYOR,RG,2290,1,F,KZ,YP,F
11:07:58,MYOR,RG,2290,2,F,CC,YP,F
11:07:58,MYOR,RG,2290,2,D,CS,YP,F
11:07:58,MYOR,RG,2290,4,D,CS,YP,F
11:07:58,MYOR,RG,2290,2,D,CS,YP,F
11:07:58,MYOR,RG,2290,8,D,YU,YP,F
11:07:14,MYOR,RG,2300,46,D,CP,YU,D
11:07:14,MYOR,RG,2300,1,D,CP,XC,D
11:07:14,MYOR,RG,2300,2,D,CP,XC,D
11:07:14,MYOR,RG,2300,5,D,CP,DH,D
11:07:14,MYOR,RG,2300,1,D,CP,NI,D
11:07:14,MYOR,RG,2300,4,D,CP,PD,D
11:07:14,MYOR,RG,2300,4,D,CP,PD,D
11:07:14,MYOR,RG,2300,1,D,CP,PD,D
11:07:14,MYOR,RG,2300,1,D,CP,XC,D
11:07:14,MYOR,RG,2300,2,D,CP,CC,D
11:07:14,MYOR,RG,2300,4,D,CP,YP,D
11:07:14,MYOR,RG,2300,10,D,CP,DR,D
11:07:14,MYOR,RG,2300,30,D,CP,KK,D
11:07:14,MYOR,RG,2300,2,D,CP,PD,D
11:07:14,MYOR,RG,2300,20,D,CP,SQ,D
11:07:14,MYOR,RG,2300,1,D,CP,KK,D
11:07:14,MYOR,RG,2300,17,D,CP,BK,F
11:07:14,MYOR,RG,2300,4,D,CP,CC,D
11:07:14,MYOR,RG,2300,13,D,CP,NI,D
11:07:14,MYOR,RG,2300,5,D,CP,DH,D
11:07:14,MYOR,RG,2300,63,D,CP,YP,D
11:06:34,MYOR,RG,2300,27,D,YP,YP,D
11:04:06,MYOR,RG,2300,1,D,CS,YP,D
11:04:06,MYOR,RG,2300,1,D,CS,YP,D
11:04:06,MYOR,RG,2290,1,D,CS,DH,D
11:03:46,MYOR,RG,2300,3,D,SQ,YP,D
11:03:16,MYOR,RG,2300,1,D,CS,YP,D
11:03:16,MYOR,RG,2300,3,D,CS,YP,D
11:03:16,MYOR,RG,2300,1,D,CS,YP,D
11:03:16,MYOR,RG,2290,1,D,CS,PD,D
11:03:16,MYOR,RG,2290,3,F,KZ,PD,D
11:03:15,MYOR,RG,2290,1,D,TF,PD,D
11:03:15,MYOR,RG,2290,9,D,TF,BK,F
11:03:09,MYOR,RG,2290,1,F,KZ,BK,F
11:03:08,MYOR,RG,2290,1,D,CS,BK,F
11:03:07,MYOR,RG,2290,2,F,KZ,BK,F
11:03:06,MYOR,RG,2290,7,D,CS,BK,F
11:02:58,MYOR,RG,2290,1,F,KZ,BK,F
11:02:56,MYOR,RG,2290,2,F,KZ,BK,F
11:02:55,MYOR,RG,2290,3,D,CS,BK,F
11:02:55,MYOR,RG,2290,3,D,CS,BK,F
11:02:37,MYOR,RG,2290,2,F,KZ,BK,F
11:02:37,MYOR,RG,2290,2,F,KZ,PD,D
11:02:37,MYOR,RG,2290,5,F,KZ,PD,D
11:02:35,MYOR,RG,2290,4,D,CS,PD,D
11:02:34,MYOR,RG,2290,6,D,CS,PD,D
11:02:34,MYOR,RG,2290,15,D,CS,PD,D
11:01:57,MYOR,RG,2290,2,F,KZ,PD,D
11:01:57,MYOR,RG,2290,4,D,YP,PD,D
11:01:34,MYOR,RG,2290,17,F,KZ,PD,D
11:01:33,MYOR,RG,2290,6,D,CS,PD,D
11:01:33,MYOR,RG,2290,19,D,CS,PD,D
11:01:32,MYOR,RG,2290,2,F,KZ,PD,D
11:01:32,MYOR,RG,2290,17,D,CS,PD,D
11:01:32,MYOR,RG,2290,1,D,CS,PD,D
11:01:32,MYOR,RG,2290,6,D,CS,XC,D
11:00:54,MYOR,RG,2290,4,F,KZ,XC,D
11:00:54,MYOR,RG,2290,10,D,YU,XC,D
11:00:12,MYOR,RG,2290,1,F,KZ,XC,D
11:00:10,MYOR,RG,2290,2,F,KZ,XC,D
11:00:09,MYOR,RG,2290,1,D,YP,XC,D
11:00:09,MYOR,RG,2290,1,D,YP,NI,D
11:00:09,MYOR,RG,2290,7,D,YP,SQ,D
10:59:42,MYOR,RG,2290,1,F,KZ,SQ,D
10:59:41,MYOR,RG,2290,1,D,XC,SQ,D
10:59:41,MYOR,RG,2290,1,D,XC,PD,D
10:59:22,MYOR,RG,2290,3,F,KZ,PD,D
10:59:22,MYOR,RG,2290,9,F,KZ,BK,F
10:59:22,MYOR,RG,2290,5,F,KZ,PD,D
10:59:21,MYOR,RG,2290,10,D,CS,PD,D
10:59:20,MYOR,RG,2290,2,D,CS,PD,D
10:59:20,MYOR,RG,2290,25,D,CS,XA,F
10:59:20,MYOR,RG,2290,1,D,CS,XC,D
10:59:20,MYOR,RG,2290,3,D,CS,NI,D
10:59:20,MYOR,RG,2290,12,F,KZ,NI,D
10:59:20,MYOR,RG,2290,7,F,KZ,BK,F
10:59:19,MYOR,RG,2290,2,D,CS,BK,F
10:59:19,MYOR,RG,2290,49,D,CS,YP,F
10:58:26,MYOR,RG,2290,5,F,KZ,YP,F
10:58:26,MYOR,RG,2290,13,D,CS,YP,F
10:58:22,MYOR,RG,2290,2,F,KZ,YP,F
10:58:21,MYOR,RG,2290,6,D,CS,YP,F
10:58:18,MYOR,RG,2290,6,F,KZ,YP,F
10:58:17,MYOR,RG,2290,14,D,CS,YP,F
10:58:09,MYOR,RG,2290,5,F,KZ,YP,F
10:58:09,MYOR,RG,2290,48,F,KZ,YP,F
10:58:04,MYOR,RG,2290,9,F,KZ,YP,F
10:57:59,MYOR,RG,2290,1,F,KZ,YP,F
10:57:59,MYOR,RG,2290,1,F,KZ,YP,F
10:57:56,MYOR,RG,2290,2,F,KZ,YP,F
10:57:54,MYOR,RG,2290,10,F,KZ,YP,F
10:57:54,MYOR,RG,2290,4,F,KZ,YP,F
10:57:54,MYOR,RG,2290,1,F,KZ,YP,F
10:57:54,MYOR,RG,2290,1,F,KZ,YP,F
10:57:54,MYOR,RG,2290,1,F,KZ,YP,F
10:57:50,MYOR,RG,2290,22,D,SQ,YP,F
10:57:50,MYOR,RG,2290,9,D,SQ,BK,F
10:57:50,MYOR,RG,2290,1,D,SQ,YP,D
10:57:50,MYOR,RG,2290,10,D,SQ,YP,D
10:57:50,MYOR,RG,2290,1,D,SQ,PD,D
10:57:50,MYOR,RG,2290,1,D,SQ,CC,D
10:57:50,MYOR,RG,2290,3,D,SQ,NI,D
10:57:50,MYOR,RG,2290,3,D,SQ,PD,D
10:57:36,MYOR,RG,2290,3,D,CC,PD,D
10:57:36,MYOR,RG,2290,1,D,CC,BK,F
10:55:19,MYOR,RG,2290,5,D,AT,BK,F
10:53:15,MYOR,RG,2280,7,F,KZ,BK,F
10:53:15,MYOR,RG,2280,8,D,CS,BK,F
10:53:15,MYOR,RG,2280,9,D,CS,BK,F
10:53:15,MYOR,RG,2280,4,D,CS,BK,F
10:53:15,MYOR,RG,2280,1,D,XC,BK,F
10:53:15,MYOR,RG,2280,1,D,CC,BK,F
10:53:15,MYOR,RG,2280,12,F,KZ,BK,F
10:53:15,MYOR,RG,2280,4,D,YP,BK,F
10:53:15,MYOR,RG,2280,1,D,YP,BK,F
10:53:15,MYOR,RG,2280,2,D,CS,BK,F
10:53:14,MYOR,RG,2290,2,D,YP,BK,F
10:53:14,MYOR,RG,2290,1,D,YP,BK,F
10:53:13,MYOR,RG,2280,11,D,CS,BK,F
10:53:13,MYOR,RG,2280,32,D,CS,BK,F
10:53:13,MYOR,RG,2280,20,D,YP,BK,F
10:53:13,MYOR,RG,2280,2,D,EP,BK,F
10:53:13,MYOR,RG,2280,1,D,SQ,BK,F
10:53:13,MYOR,RG,2280,4,D,CS,BK,F
10:53:13,MYOR,RG,2280,5,D,PD,BK,F
10:53:13,MYOR,RG,2280,3,D,NI,BK,F
10:53:12,MYOR,RG,2280,22,D,NI,AI,D
10:53:12,MYOR,RG,2280,9,D,CS,AI,D
10:53:12,MYOR,RG,2280,1,D,SQ,AI,D
10:53:12,MYOR,RG,2280,100,D,CP,AI,D
10:53:12,MYOR,RG,2280,4,D,CC,AI,D
10:53:12,MYOR,RG,2280,28,F,KZ,AI,D
10:53:12,MYOR,RG,2280,12,D,CS,AI,D
10:53:12,MYOR,RG,2280,52,D,CS,AI,D
10:53:12,MYOR,RG,2280,36,D,CS,AI,D
10:53:12,MYOR,RG,2280,6,F,BK,AI,D
10:53:12,MYOR,RG,2280,9,D,YP,AI,D
10:53:12,MYOR,RG,2280,8,D,CS,AI,D
10:53:12,MYOR,RG,2280,7,D,CS,AI,D
10:53:12,MYOR,RG,2280,22,D,CS,AI,D
10:53:12,MYOR,RG,2280,2,D,KK,AI,D
10:53:12,MYOR,RG,2280,2,D,XC,AI,D
10:53:12,MYOR,RG,2280,9,F,KZ,AI,D
10:53:12,MYOR,RG,2280,23,D,CS,AI,D
10:53:12,MYOR,RG,2280,89,F,KZ,AI,D
10:53:12,MYOR,RG,2280,4,D,XC,AI,D
10:53:12,MYOR,RG,2280,1,D,YP,AI,D
10:53:12,MYOR,RG,2280,54,D,KI,AI,D
10:52:29,MYOR,RG,2290,2,F,KZ,BK,F
10:49:17,MYOR,RG,2280,4,D,KI,AT,D
10:48:13,MYOR,RG,2280,26,D,KI,EP,D
10:47:29,MYOR,RG,2290,1,F,KZ,BK,F
10:47:29,MYOR,RG,2290,7,F,KZ,BK,F
10:47:29,MYOR,RG,2290,15,F,KZ,YP,D
10:47:24,MYOR,RG,2290,1,F,KZ,YP,D
10:47:24,MYOR,RG,2290,2,F,KZ,YP,D
10:45:19,MYOR,RG,2280,1,D,KI,XC,D
10:45:19,MYOR,RG,2280,6,D,KI,XC,D
10:45:12,MYOR,RG,2280,25,D,KI,YP,D
10:44:56,MYOR,RG,2280,4,D,KI,PD,D
10:43:48,MYOR,RG,2280,15,D,KI,YJ,D
10:43:38,MYOR,RG,2280,5,D,KI,PD,D
10:42:24,MYOR,RG,2290,22,F,KZ,YP,D
10:42:24,MYOR,RG,2290,3,F,KZ,XC,D
10:42:24,MYOR,RG,2290,3,F,KZ,BK,F
10:42:23,MYOR,RG,2290,6,D,NI,BK,F
10:42:23,MYOR,RG,2290,7,D,NI,BK,F
10:42:23,MYOR,RG,2290,5,D,NI,CC,D
10:42:23,MYOR,RG,2290,2,D,NI,XC,D
10:42:23,MYOR,RG,2290,1,D,NI,YP,D
10:42:23,MYOR,RG,2290,1,D,NI,PD,D
10:42:23,MYOR,RG,2290,3,D,NI,BK,F
10:40:39,MYOR,RG,2290,1,F,KZ,BK,F
10:38:18,MYOR,RG,2290,1,D,XC,BK,F
10:36:30,MYOR,RG,2290,1,D,NI,BK,F
10:35:33,MYOR,RG,2290,2,D,EP,BK,F
10:35:30,MYOR,RG,2280,7,D,KI,BK,F
10:35:28,MYOR,RG,2280,53,D,KI,YP,F
10:35:28,MYOR,RG,2280,1,D,XC,YP,F
10:35:28,MYOR,RG,2280,17,F,CC,YP,F
10:35:28,MYOR,RG,2280,1,D,PD,YP,F
10:35:28,MYOR,RG,2280,8,D,XC,YP,F
10:35:28,MYOR,RG,2280,5,D,XC,YP,F
10:35:28,MYOR,RG,2280,6,F,KZ,YP,F
10:35:28,MYOR,RG,2280,4,D,CS,YP,F
10:35:28,MYOR,RG,2280,5,D,CS,YP,F
10:32:53,MYOR,RG,2280,10,D,CS,AT,D
10:32:53,MYOR,RG,2280,7,F,KZ,AT,D
10:32:53,MYOR,RG,2280,15,D,CS,AT,D
10:32:53,MYOR,RG,2280,4,D,CS,AT,D
10:32:53,MYOR,RG,2280,18,D,CS,AT,D
10:32:53,MYOR,RG,2280,6,F,KZ,AT,D
10:32:22,MYOR,RG,2280,1,F,KZ,PD,D
10:27:10,MYOR,RG,2290,1,D,XC,BK,F
10:26:52,MYOR,RG,2290,2,D,DR,BK,F
10:24:28,MYOR,RG,2280,16,F,KZ,BK,F
10:24:28,MYOR,RG,2280,4,D,CS,BK,F
10:24:28,MYOR,RG,2280,2,D,SQ,BK,F
10:24:25,MYOR,RG,2280,7,D,SQ,BK,F
10:24:24,MYOR,RG,2280,11,D,SQ,YP,F
10:24:24,MYOR,RG,2280,18,D,CS,YP,F
10:24:24,MYOR,RG,2280,14,D,CS,YP,F
10:24:24,MYOR,RG,2280,2,D,CS,YP,F
10:24:24,MYOR,RG,2280,15,F,KZ,YP,F
10:24:24,MYOR,RG,2280,8,D,CS,YP,F
10:24:24,MYOR,RG,2280,19,D,CS,YP,F
10:24:24,MYOR,RG,2280,8,D,CS,YP,F
10:24:24,MYOR,RG,2280,5,F,KZ,YP,F
10:24:11,MYOR,RG,2280,31,F,KZ,YP,F
10:24:11,MYOR,RG,2280,8,F,KZ,YP,F
10:24:11,MYOR,RG,2280,22,D,YP,YP,F
10:24:11,MYOR,RG,2280,1,D,DH,YP,F
10:24:11,MYOR,RG,2280,10,D,YP,YP,F
10:24:11,MYOR,RG,2280,1,D,AT,YP,F
10:24:11,MYOR,RG,2280,1,D,KK,YP,F
10:24:11,MYOR,RG,2280,4,D,CP,YP,F
10:24:11,MYOR,RG,2280,3,D,CC,YP,F
10:24:11,MYOR,RG,2280,1,D,CS,YP,F
10:24:11,MYOR,RG,2280,8,F,KZ,YP,F
10:24:11,MYOR,RG,2280,2,D,CS,YP,F
10:24:11,MYOR,RG,2280,8,D,CS,YP,F
10:23:47,MYOR,RG,2280,11,D,CS,CC,D
10:22:17,MYOR,RG,2280,4,D,CS,BK,F
10:22:17,MYOR,RG,2280,3,D,CC,BK,F
10:22:13,MYOR,RG,2280,7,D,CC,YP,F
10:22:13,MYOR,RG,2280,2,D,CS,YP,F
10:22:13,MYOR,RG,2280,8,D,CS,YP,F
10:22:13,MYOR,RG,2280,12,D,YP,YP,F
10:22:13,MYOR,RG,2280,19,D,CS,YP,F
10:21:57,MYOR,RG,2280,1,D,CS,YP,F
10:21:57,MYOR,RG,2280,29,F,KZ,YP,F
10:21:57,MYOR,RG,2280,8,D,CS,YP,F
10:21:57,MYOR,RG,2280,20,D,CS,YP,F
10:21:57,MYOR,RG,2280,12,D,CS,YP,F
10:21:57,MYOR,RG,2280,30,D,CS,YP,F
10:21:47,MYOR,RG,2280,22,D,CS,YP,F
10:21:47,MYOR,RG,2280,36,D,CS,YP,F
10:21:47,MYOR,RG,2280,42,F,KZ,YP,F
10:21:43,MYOR,RG,2280,1,F,KZ,PD,D
10:21:39,MYOR,RG,2290,1,F,KZ,YP,F
10:19:13,MYOR,RG,2290,1,D,XC,YP,F
10:16:35,MYOR,RG,2290,21,D,NI,YP,F
10:15:17,MYOR,RG,2290,1,D,XC,YP,F
10:02:55,MYOR,RG,2290,28,F,KZ,YP,F
10:02:55,MYOR,RG,2290,35,F,KZ,YP,D
10:02:54,MYOR,RG,2290,1,F,KZ,YP,D
10:02:50,MYOR,RG,2280,30,D,CS,DH,D
10:02:50,MYOR,RG,2280,3,D,CS,DH,D
10:02:50,MYOR,RG,2280,10,D,CC,DH,D
10:02:50,MYOR,RG,2280,2,D,PD,DH,D
10:02:50,MYOR,RG,2280,1,D,CS,DH,D
10:02:50,MYOR,RG,2280,4,D,CS,DH,D
10:02:50,MYOR,RG,2280,1,D,CS,DH,D
10:02:50,MYOR,RG,2280,7,D,CS,DH,D
10:01:57,MYOR,RG,2280,7,D,KK,XC,D
10:01:54,MYOR,RG,2280,43,D,KK,BK,F
10:01:54,MYOR,RG,2280,1,D,XC,BK,F
10:01:54,MYOR,RG,2280,1,D,XC,BK,F
10:01:54,MYOR,RG,2280,1,D,XC,BK,F
10:01:54,MYOR,RG,2280,32,D,CC,BK,F
10:01:53,MYOR,RG,2280,18,D,CC,BK,F
10:01:53,MYOR,RG,2280,2,D,CC,BK,F
10:01:53,MYOR,RG,2280,2,D,YP,BK,F
10:01:53,MYOR,RG,2280,4,D,CC,BK,F
10:01:53,MYOR,RG,2280,1,D,YU,BK,F
10:01:53,MYOR,RG,2280,16,D,CS,BK,F
10:01:53,MYOR,RG,2280,1,D,YP,BK,F
10:01:53,MYOR,RG,2280,9,D,CS,BK,F
10:01:53,MYOR,RG,2280,11,D,CS,BK,F
10:01:53,MYOR,RG,2280,3,D,CS,BK,F
10:01:53,MYOR,RG,2280,11,F,KZ,BK,F
10:01:48,MYOR,RG,2280,8,F,KZ,YP,F
10:01:48,MYOR,RG,2280,1,D,XC,YP,F
10:01:48,MYOR,RG,2280,1,D,CS,YP,F
10:01:48,MYOR,RG,2280,10,D,PD,YP,F
10:01:48,MYOR,RG,2280,17,D,CS,YP,F
10:01:48,MYOR,RG,2280,2,D,CS,YP,F
10:01:48,MYOR,RG,2280,61,F,KZ,YP,F
10:00:55,MYOR,RG,2280,16,F,KZ,PD,D
9:58:37,MYOR,RG,2280,3,F,KZ,AZ,D
9:58:37,MYOR,RG,2280,2,D,XC,AZ,D
9:56:09,MYOR,RG,2280,14,D,XC,YP,D
9:56:09,MYOR,RG,2280,6,D,CS,YP,D
9:54:23,MYOR,RG,2280,3,D,CS,PD,D
9:48:15,MYOR,RG,2280,1,D,CS,DR,D
9:48:13,MYOR,RG,2280,2,D,CS,YP,F
9:48:13,MYOR,RG,2280,1,D,CS,YP,F
9:48:13,MYOR,RG,2280,13,D,CS,YP,F
9:48:13,MYOR,RG,2280,4,D,CS,YP,F
9:48:13,MYOR,RG,2280,9,D,YP,YP,F
9:48:13,MYOR,RG,2280,6,D,CS,YP,F
9:48:13,MYOR,RG,2280,3,D,CS,YP,F
9:48:13,MYOR,RG,2280,1,D,CS,YP,F
9:48:13,MYOR,RG,2280,1,D,CS,YP,F
9:48:13,MYOR,RG,2280,21,D,CS,YP,F
9:48:13,MYOR,RG,2280,2,D,CS,YP,F
9:48:13,MYOR,RG,2280,15,D,CS,YP,F
9:48:13,MYOR,RG,2280,12,D,CS,YP,F
9:48:13,MYOR,RG,2280,1,D,CS,YP,F
9:48:13,MYOR,RG,2280,2,D,CS,YP,F
9:48:13,MYOR,RG,2280,1,D,CS,YP,F
9:48:13,MYOR,RG,2280,1,D,CS,YP,F
9:48:13,MYOR,RG,2280,5,D,CS,YP,F
9:47:53,MYOR,RG,2280,3,D,CS,YP,F
9:47:53,MYOR,RG,2280,1,D,XC,YP,F
9:47:53,MYOR,RG,2280,1,D,CS,YP,F
9:47:53,MYOR,RG,2280,84,F,CC,YP,F
9:47:53,MYOR,RG,2280,5,D,CS,YP,F
9:47:53,MYOR,RG,2280,1,D,CS,YP,F
9:47:53,MYOR,RG,2280,1,F,KZ,YP,F
9:47:53,MYOR,RG,2280,1,D,XC,YP,F
9:47:53,MYOR,RG,2280,3,F,KZ,YP,F
9:46:57,MYOR,RG,2280,2,F,KZ,XC,D
9:44:41,MYOR,RG,2280,2,F,KZ,NI,D
9:44:41,MYOR,RG,2280,1,F,KZ,NI,D
9:44:32,MYOR,RG,2280,1,F,KZ,XC,D
9:44:30,MYOR,RG,2280,4,F,KZ,PD,D
9:44:03,MYOR,RG,2280,4,F,KZ,CC,D
9:44:03,MYOR,RG,2280,1,D,PD,CC,D
9:43:34,MYOR,RG,2290,2,F,KZ,YP,D
9:43:14,MYOR,RG,2290,2,F,KZ,YP,D
9:40:29,MYOR,RG,2290,5,D,XC,YP,D
9:40:14,MYOR,RG,2290,2,F,KZ,YP,D
9:40:14,MYOR,RG,2290,6,F,KZ,YP,D
9:40:14,MYOR,RG,2290,2,F,KZ,NI,D
9:40:14,MYOR,RG,2290,5,F,KZ,YP,F
9:40:11,MYOR,RG,2290,5,D,DR,YP,F
9:39:58,MYOR,RG,2280,1,D,PD,XC,D
9:39:58,MYOR,RG,2280,1,D,CC,XC,D
9:39:58,MYOR,RG,2280,1,D,CS,XC,D
9:39:58,MYOR,RG,2280,1,D,CS,XC,D
9:39:58,MYOR,RG,2280,23,F,BK,XC,D
9:39:58,MYOR,RG,2280,1,D,CS,XC,D
9:39:58,MYOR,RG,2280,1,D,CS,XC,D
9:39:58,MYOR,RG,2280,1,F,KZ,XC,D
9:39:56,MYOR,RG,2290,1,D,PD,YP,F
9:39:50,MYOR,RG,2290,5,D,DR,YP,F
9:39:33,MYOR,RG,2290,5,D,DR,YP,F
9:39:20,MYOR,RG,2290,1,D,CS,YP,F
9:39:20,MYOR,RG,2280,1,D,CS,YP,F
9:39:19,MYOR,RG,2280,1,F,KZ,YP,F
9:39:17,MYOR,RG,2280,2,F,KZ,YP,F
9:39:16,MYOR,RG,2280,4,D,CS,YP,F
9:39:16,MYOR,RG,2280,3,D,CS,YP,F
9:39:15,MYOR,RG,2280,2,F,KZ,YP,F
9:39:15,MYOR,RG,2280,5,D,CC,YP,F
9:39:03,MYOR,RG,2280,9,F,KZ,YP,F
9:39:01,MYOR,RG,2280,11,D,CS,YP,F
9:39:01,MYOR,RG,2280,2,F,KZ,YP,F
9:39:00,MYOR,RG,2280,1,D,CS,YP,F
9:39:00,MYOR,RG,2280,2,D,CS,YP,F
9:39:00,MYOR,RG,2280,6,D,CS,YP,F
9:39:00,MYOR,RG,2280,4,D,CS,YP,F
9:39:00,MYOR,RG,2280,5,D,CS,YP,F
9:38:59,MYOR,RG,2280,7,F,KZ,YP,F
9:38:57,MYOR,RG,2280,3,D,CS,YP,F
9:38:57,MYOR,RG,2280,1,F,KZ,YP,F
9:38:57,MYOR,RG,2280,3,D,CS,YP,F
9:38:57,MYOR,RG,2280,1,D,CS,YP,F
9:38:57,MYOR,RG,2280,6,D,CS,YP,F
9:38:57,MYOR,RG,2280,1,D,XC,YP,F
9:38:57,MYOR,RG,2280,1,D,DR,YP,F
9:38:57,MYOR,RG,2280,1,F,KZ,YP,F
9:38:57,MYOR,RG,2280,3,F,CC,YP,F
9:38:57,MYOR,RG,2280,3,D,CS,YP,F
9:38:57,MYOR,RG,2280,1,D,CS,YP,F
9:38:57,MYOR,RG,2280,1,F,KZ,YP,F
9:38:57,MYOR,RG,2280,2,D,CS,YP,F
9:38:57,MYOR,RG,2280,1,F,KZ,YP,F
9:38:57,MYOR,RG,2280,1,D,CS,YP,F
9:38:57,MYOR,RG,2280,1,D,CS,YP,F
9:38:57,MYOR,RG,2280,1,D,CS,YP,F
9:38:57,MYOR,RG,2280,1,D,CS,YP,F
9:38:57,MYOR,RG,2280,3,F,KZ,YP,F
9:37:31,MYOR,RG,2280,1,F,KZ,YP,D
9:37:22,MYOR,RG,2280,3,F,KZ,BK,F
9:37:21,MYOR,RG,2280,1,D,CS,BK,F
9:37:21,MYOR,RG,2280,1,D,CS,BK,F
9:37:20,MYOR,RG,2280,2,F,KZ,BK,F
9:37:20,MYOR,RG,2280,2,F,KZ,CC,D
9:37:19,MYOR,RG,2280,3,D,CS,CC,D
9:37:19,MYOR,RG,2280,14,D,CS,CC,D
9:37:19,MYOR,RG,2280,11,D,CS,CC,D
9:36:26,MYOR,RG,2280,2,F,KZ,BK,F
9:36:26,MYOR,RG,2280,5,F,KZ,YP,D
9:36:24,MYOR,RG,2280,3,D,CS,EP,D
9:36:24,MYOR,RG,2280,2,F,KZ,EP,D
9:36:24,MYOR,RG,2280,5,D,CS,EP,D
9:36:24,MYOR,RG,2280,7,D,CS,BK,F
9:36:23,MYOR,RG,2280,1,D,CS,BK,F
9:36:23,MYOR,RG,2280,7,D,CS,YP,F
9:35:44,MYOR,RG,2280,1,F,KZ,YP,F
9:35:42,MYOR,RG,2280,21,F,KZ,YP,F
9:35:40,MYOR,RG,2280,27,D,CS,YP,F
9:35:40,MYOR,RG,2280,11,D,CS,YP,F
9:35:40,MYOR,RG,2280,19,F,KZ,YP,F
9:35:39,MYOR,RG,2280,14,D,CS,YP,F
9:35:39,MYOR,RG,2280,50,D,CS,CC,D
9:35:36,MYOR,RG,2280,1,D,XC,CC,D
9:34:25,MYOR,RG,2280,1,D,XC,CC,D
9:33:14,MYOR,RG,2280,21,F,KZ,CC,D
9:33:11,MYOR,RG,2280,2,F,KZ,CC,D
9:33:09,MYOR,RG,2270,7,F,BK,BK,F
9:33:09,MYOR,RG,2270,54,F,BK,GR,D
9:32:58,MYOR,RG,2270,1,F,KZ,GR,D
9:32:57,MYOR,RG,2270,1,D,CC,GR,D
9:32:55,MYOR,RG,2270,7,F,KZ,GR,D
9:32:53,MYOR,RG,2270,26,F,KZ,GR,D
9:32:52,MYOR,RG,2270,11,D,CC,GR,D
9:32:52,MYOR,RG,2270,7,D,CC,BK,F
9:32:52,MYOR,RG,2270,66,D,CC,YP,F
9:32:04,MYOR,RG,2260,1,D,CS,PD,D
9:32:01,MYOR,RG,2270,1,D,XC,YP,F
9:31:44,MYOR,RG,2270,1,F,KZ,YP,F
9:31:37,MYOR,RG,2270,1,D,PD,YP,F
9:31:19,MYOR,RG,2270,31,F,KZ,YP,F
9:31:19,MYOR,RG,2270,2,F,KZ,XC,D
9:31:14,MYOR,RG,2260,10,F,KZ,XC,D
9:31:14,MYOR,RG,2260,2,F,KZ,XC,D
9:31:14,MYOR,RG,2260,11,F,KZ,BK,F
9:31:14,MYOR,RG,2260,4,F,KZ,XC,D
9:31:12,MYOR,RG,2260,6,F,BK,XC,D
9:31:12,MYOR,RG,2260,43,F,BK,BK,F
9:31:12,MYOR,RG,2260,29,F,BK,YP,D
9:31:12,MYOR,RG,2260,10,F,KZ,YP,D
9:31:12,MYOR,RG,2260,6,F,BK,YP,D
9:31:12,MYOR,RG,2260,72,F,BK,YP,D
9:31:11,MYOR,RG,2260,26,F,BK,YP,D
9:31:11,MYOR,RG,2260,22,F,KZ,YP,D
9:31:10,MYOR,RG,2260,78,F,BK,YP,D
9:31:10,MYOR,RG,2260,1,D,NI,YP,D
9:30:51,MYOR,RG,2260,1,D,XC,YP,D
9:30:47,MYOR,RG,2260,9,F,BK,YP,D
9:30:46,MYOR,RG,2260,4,D,PD,YP,D
9:30:46,MYOR,RG,2260,1,D,CS,YP,D
9:30:46,MYOR,RG,2260,3,D,CS,YP,D
9:30:46,MYOR,RG,2260,1,D,NI,YP,D
9:30:46,MYOR,RG,2260,1,D,PD,YP,D
9:30:46,MYOR,RG,2260,3,F,KZ,YP,D
9:30:46,MYOR,RG,2260,8,D,DH,YP,D
9:30:46,MYOR,RG,2260,4,F,KZ,YP,D
9:30:46,MYOR,RG,2260,10,D,NI,YP,D
9:30:46,MYOR,RG,2260,1,D,XC,YP,D
9:30:46,MYOR,RG,2260,37,F,KZ,YP,D
9:30:46,MYOR,RG,2260,2,D,YP,YP,D
9:30:46,MYOR,RG,2260,5,D,YP,YP,D
9:30:46,MYOR,RG,2260,4,D,YP,YP,D
9:30:46,MYOR,RG,2260,1,D,YP,YP,D
9:30:46,MYOR,RG,2260,3,D,YP,YP,D
9:30:46,MYOR,RG,2260,2,D,YP,YP,D
9:30:46,MYOR,RG,2260,2,D,PD,YP,D
9:30:46,MYOR,RG,2260,2,D,PD,YP,D
9:30:46,MYOR,RG,2260,40,D,KK,YP,D
9:30:46,MYOR,RG,2260,20,D,KK,YP,D
9:30:46,MYOR,RG,2260,15,D,DR,YP,D
9:30:46,MYOR,RG,2270,6,D,CS,YP,D
9:30:46,MYOR,RG,2270,3,D,CS,YP,D
9:30:46,MYOR,RG,2270,13,F,KZ,YP,D
9:30:45,MYOR,RG,2270,25,F,KZ,YP,D
9:30:45,MYOR,RG,2270,4,F,KZ,YP,D
9:30:45,MYOR,RG,2270,6,F,BK,YP,D
9:30:44,MYOR,RG,2270,2,D,CC,AT,D
9:30:44,MYOR,RG,2270,8,D,CC,YP,F
9:30:44,MYOR,RG,2270,1,D,DH,YP,F
9:30:44,MYOR,RG,2270,1,D,NI,YP,F
9:30:44,MYOR,RG,2270,10,D,CS,YP,F
9:30:44,MYOR,RG,2270,2,D,PD,YP,F
9:30:44,MYOR,RG,2270,3,D,CC,YP,F
9:30:44,MYOR,RG,2270,5,D,NI,YP,F
9:30:44,MYOR,RG,2270,2,D,YP,YP,F
9:30:44,MYOR,RG,2270,2,F,KZ,YP,F
9:30:44,MYOR,RG,2270,5,D,PD,YP,F
9:30:44,MYOR,RG,2270,1,F,KZ,YP,F
9:30:44,MYOR,RG,2270,2,D,ZP,YP,F
9:30:44,MYOR,RG,2270,2,D,PD,YP,F
9:30:44,MYOR,RG,2270,16,F,KZ,YP,F
9:30:44,MYOR,RG,2270,1,D,YP,YP,F
9:30:44,MYOR,RG,2270,10,D,CC,YP,F
9:30:44,MYOR,RG,2270,1,D,XC,YP,F
9:30:44,MYOR,RG,2270,2,D,XC,YP,F
9:30:44,MYOR,RG,2270,1,D,PD,YP,F
9:30:44,MYOR,RG,2270,20,D,SQ,YP,F
9:30:44,MYOR,RG,2270,5,D,DR,YP,F
9:30:26,MYOR,RG,2280,4,F,KZ,BK,F
9:30:25,MYOR,RG,2280,11,D,CC,BK,F
9:29:54,MYOR,RG,2280,4,F,KZ,XC,D
9:29:54,MYOR,RG,2280,10,D,CC,XC,D
9:29:53,MYOR,RG,2280,1,D,SQ,XC,D
9:29:33,MYOR,RG,2280,4,F,KZ,XC,D
9:29:31,MYOR,RG,2280,5,F,KZ,XC,D
9:29:30,MYOR,RG,2280,6,D,CS,XC,D
9:29:30,MYOR,RG,2280,4,D,CS,XC,D
9:29:30,MYOR,RG,2280,17,D,CS,XC,D
9:29:30,MYOR,RG,2280,3,F,KZ,XC,D
9:29:30,MYOR,RG,2280,4,D,CS,XC,D
9:29:30,MYOR,RG,2280,5,F,BK,XC,D
9:29:30,MYOR,RG,2280,1,D,SQ,XC,D
9:29:30,MYOR,RG,2280,4,D,CS,XC,D
9:29:30,MYOR,RG,2280,3,D,CS,XC,D
9:29:30,MYOR,RG,2280,4,D,CS,XC,D
9:29:30,MYOR,RG,2280,5,F,KZ,XC,D
9:28:58,MYOR,RG,2280,2,F,KZ,PD,D
9:28:32,MYOR,RG,2290,1,D,SQ,YP,F
9:28:21,MYOR,RG,2290,2,F,KZ,YP,F
9:28:19,MYOR,RG,2290,4,F,KZ,YP,F
9:28:15,MYOR,RG,2280,5,D,CS,XC,D
9:28:15,MYOR,RG,2280,9,D,CS,XC,D
9:28:15,MYOR,RG,2280,1,F,KZ,XC,D
9:28:15,MYOR,RG,2280,2,D,PD,XC,D
9:28:15,MYOR,RG,2280,1,D,XC,XC,D
9:28:15,MYOR,RG,2280,1,F,KZ,XC,D
9:28:15,MYOR,RG,2280,2,D,CS,XC,D
9:28:15,MYOR,RG,2280,6,F,KZ,XC,D
9:28:15,MYOR,RG,2280,3,D,CS,XC,D
9:28:15,MYOR,RG,2280,3,D,CS,XC,D
9:28:15,MYOR,RG,2280,5,D,CS,XC,D
9:28:15,MYOR,RG,2280,5,D,YP,XC,D
9:27:45,MYOR,RG,2290,1,D,XC,YP,F
9:27:13,MYOR,RG,2290,19,F,KZ,YP,F
9:27:11,MYOR,RG,2290,2,F,KZ,YP,F
9:27:10,MYOR,RG,2280,2,D,YP,YP,D
9:27:10,MYOR,RG,2280,25,D,YP,YP,D
9:27:10,MYOR,RG,2280,16,D,CS,YP,D
9:27:10,MYOR,RG,2280,4,D,CS,YP,D
9:27:10,MYOR,RG,2280,5,F,KZ,YP,D
9:27:10,MYOR,RG,2280,12,D,CS,YP,D
9:27:10,MYOR,RG,2280,1,F,KZ,YP,D
9:27:10,MYOR,RG,2280,1,D,SQ,YP,D
9:27:10,MYOR,RG,2280,2,D,CS,YP,D
9:27:10,MYOR,RG,2280,1,D,PD,YP,D
9:27:10,MYOR,RG,2280,1,F,KZ,YP,D
9:26:20,MYOR,RG,2280,27,F,KZ,YP,F
9:26:20,MYOR,RG,2280,13,D,CS,YP,F
9:26:20,MYOR,RG,2280,21,D,CS,YP,F
9:26:20,MYOR,RG,2280,5,D,YP,YP,F
9:26:20,MYOR,RG,2280,4,D,CS,YP,F
9:26:20,MYOR,RG,2280,1,D,XC,YP,F
9:26:20,MYOR,RG,2280,1,D,YP,YP,F
9:26:20,MYOR,RG,2280,23,D,DH,YP,F
9:26:20,MYOR,RG,2280,5,D,CC,YP,F
9:25:55,MYOR,RG,2290,1,F,KZ,YP,F
9:25:54,MYOR,RG,2290,3,D,PD,YP,F
9:25:16,MYOR,RG,2290,1,D,YP,YP,F
9:25:03,MYOR,RG,2290,1,F,KZ,YP,F
9:25:03,MYOR,RG,2290,1,D,SQ,YP,F
9:24:33,MYOR,RG,2290,12,F,KZ,YP,F
9:24:31,MYOR,RG,2290,1,F,KZ,YP,F
9:24:31,MYOR,RG,2280,20,D,YP,XC,D
9:24:31,MYOR,RG,2280,9,D,PD,XC,D
9:24:31,MYOR,RG,2280,1,F,KZ,XC,D
9:24:31,MYOR,RG,2280,2,D,PD,XC,D
9:24:31,MYOR,RG,2280,5,F,KZ,XC,D
9:24:31,MYOR,RG,2280,15,D,YP,XC,D
9:24:31,MYOR,RG,2280,1,D,XC,XC,D
9:24:31,MYOR,RG,2280,26,F,KZ,XC,D
9:24:31,MYOR,RG,2280,1,D,YP,XC,D
9:24:31,MYOR,RG,2280,3,D,CC,XC,D
9:24:31,MYOR,RG,2280,2,D,PD,XC,D
9:24:31,MYOR,RG,2280,1,D,PD,XC,D
9:24:31,MYOR,RG,2280,5,D,XC,XC,D
9:24:31,MYOR,RG,2280,5,D,PD,XC,D
9:24:31,MYOR,RG,2280,1,D,XC,XC,D
9:24:31,MYOR,RG,2280,1,D,PD,XC,D
9:24:31,MYOR,RG,2280,2,D,PD,XC,D
9:24:17,MYOR,RG,2280,5,D,PD,YP,D
9:24:17,MYOR,RG,2280,37,D,PD,PD,D
9:24:17,MYOR,RG,2280,2,D,PD,PD,D
9:24:17,MYOR,RG,2280,1,D,PD,PD,D
9:24:07,MYOR,RG,2290,1,D,PD,YP,F
9:23:29,MYOR,RG,2290,15,F,KZ,YP,F
9:23:27,MYOR,RG,2290,4,F,KZ,YP,F
9:23:27,MYOR,RG,2290,1,D,YP,YP,F
9:23:27,MYOR,RG,2290,1,D,DH,YP,F
9:23:27,MYOR,RG,2290,18,D,CS,YP,F
9:23:27,MYOR,RG,2290,3,D,CS,YP,F
9:23:27,MYOR,RG,2290,10,D,YP,YP,F
9:23:27,MYOR,RG,2290,1,D,SQ,YP,F
9:23:27,MYOR,RG,2290,1,D,CS,YP,F
9:23:27,MYOR,RG,2290,3,D,CS,YP,F
9:23:27,MYOR,RG,2290,10,D,NI,YP,F
9:23:27,MYOR,RG,2290,1,F,KZ,YP,F
9:23:27,MYOR,RG,2290,2,D,CS,YP,F
9:23:27,MYOR,RG,2290,1,F,KZ,YP,F
9:23:27,MYOR,RG,2290,2,D,CC,YP,F
9:23:27,MYOR,RG,2290,1,D,CS,YP,F
9:23:27,MYOR,RG,2290,1,F,KZ,YP,F
9:23:27,MYOR,RG,2290,1,D,CS,YP,F
9:23:27,MYOR,RG,2290,1,D,CS,YP,F
9:23:27,MYOR,RG,2290,1,D,CS,YP,F
9:23:27,MYOR,RG,2290,1,D,SQ,YP,F
9:22:18,MYOR,RG,2300,1,F,KZ,ZP,D
9:22:17,MYOR,RG,2300,5,D,DR,ZP,D
9:20:03,MYOR,RG,2300,1,D,YP,ZP,D
9:17:47,MYOR,RG,2310,1,F,KZ,NI,D
9:17:46,MYOR,RG,2300,2,D,CS,XC,D
9:15:43,MYOR,RG,2290,1,D,XC,YP,D
9:15:42,MYOR,RG,2290,1,F,KZ,YP,D
9:15:42,MYOR,RG,2290,2,D,XC,YP,D
9:15:41,MYOR,RG,2290,10,F,KZ,YP,D
9:15:39,MYOR,RG,2290,1,F,KZ,YP,D
9:15:39,MYOR,RG,2290,1,D,CC,YP,D
9:15:39,MYOR,RG,2290,1,D,PD,YP,D
9:15:39,MYOR,RG,2290,2,D,PD,YP,D
9:15:39,MYOR,RG,2290,2,D,CS,YP,D
9:15:39,MYOR,RG,2290,7,D,CS,YP,D
9:15:39,MYOR,RG,2290,2,D,PD,YP,D
9:15:39,MYOR,RG,2290,10,D,CC,YP,D
9:15:39,MYOR,RG,2290,1,D,YB,YP,D
9:15:39,MYOR,RG,2290,1,F,AG,YP,D
9:15:39,MYOR,RG,2290,1,F,KZ,YP,D
9:15:39,MYOR,RG,2290,9,F,KZ,YP,D
9:15:39,MYOR,RG,2290,1,F,KZ,YP,D
9:15:39,MYOR,RG,2290,1,D,AT,YP,D
9:15:39,MYOR,RG,2290,22,D,CC,YP,D
9:15:39,MYOR,RG,2290,5,D,DR,YP,D
9:14:40,MYOR,RG,2310,3,D,CC,NI,D
9:13:59,MYOR,RG,2310,1,D,CS,XC,D
9:13:59,MYOR,RG,2310,1,D,CS,XC,D
9:13:59,MYOR,RG,2300,1,D,CS,PD,D
9:12:01,MYOR,RG,2300,1,F,AG,BK,F
9:12:01,MYOR,RG,2300,3,D,CS,BK,F
9:12:01,MYOR,RG,2300,1,D,DH,BK,F
9:12:01,MYOR,RG,2300,10,D,CC,BK,F
9:12:01,MYOR,RG,2300,2,F,KZ,BK,F
9:12:01,MYOR,RG,2300,10,D,AT,BK,F
9:12:01,MYOR,RG,2300,3,F,KZ,BK,F
9:12:01,MYOR,RG,2300,10,D,AT,BK,F
9:12:01,MYOR,RG,2300,1,F,AG,BK,F
9:12:01,MYOR,RG,2300,2,F,KZ,BK,F
9:11:50,MYOR,RG,2300,2,F,KZ,XC,D
9:10:42,MYOR,RG,2310,1,F,KZ,XC,D
9:10:40,MYOR,RG,2310,1,F,KZ,XC,D
9:10:39,MYOR,RG,2310,1,D,YP,XC,D
9:10:39,MYOR,RG,2310,1,D,YP,XC,D
9:10:39,MYOR,RG,2310,8,D,YP,AK,F
9:09:35,MYOR,RG,2310,5,F,KZ,AK,F
9:09:32,MYOR,RG,2300,20,D,CC,PD,D
9:05:35,MYOR,RG,2300,1,D,PD,NI,D
9:05:07,MYOR,RG,2310,9,F,KZ,AK,F
9:05:06,MYOR,RG,2310,42,D,DH,AK,F
9:05:01,MYOR,RG,2310,1,F,KZ,AK,F
9:05:00,MYOR,RG,2310,5,D,CC,AK,F
9:03:59,MYOR,RG,2310,2,F,KZ,AK,F
9:03:58,MYOR,RG,2310,10,D,CC,AK,F
9:03:31,MYOR,RG,2310,2,F,KZ,AK,F
9:03:30,MYOR,RG,2300,7,D,CC,BK,F
9:03:30,MYOR,RG,2310,1,F,KZ,AK,F
9:03:29,MYOR,RG,2300,3,D,CC,PD,D
9:03:09,MYOR,RG,2300,1,F,KZ,BK,F
9:03:09,MYOR,RG,2300,10,D,DH,BK,F
9:03:09,MYOR,RG,2300,1,F,KZ,BK,F
9:03:09,MYOR,RG,2300,1,D,CC,BK,F
9:03:09,MYOR,RG,2300,4,F,KZ,BK,F
9:03:09,MYOR,RG,2300,18,D,IF,BK,F
9:01:09,MYOR,RG,2310,2,F,KZ,AK,F
9:01:07,MYOR,RG,2310,2,F,KZ,AK,F
9:01:07,MYOR,RG,2310,8,D,XC,AK,F
9:01:07,MYOR,RG,2310,2,D,XC,PD,D
9:01:07,MYOR,RG,2310,8,D,XC,BK,F
9:01:07,MYOR,RG,2310,2,D,XC,CC,D
9:01:02,MYOR,RG,2310,1,F,KZ,CC,D
9:01:00,MYOR,RG,2300,1,D,IF,CC,D
9:00:20,MYOR,RG,2300,2,D,IF,PD,D
9:00:13,MYOR,RG,2300,1,D,IF,XC,D
9:00:11,MYOR,RG,2300,1,D,PD,CC,D