Time,Stock,Brd,Price,Qty,BT,BC,SC,ST
15:14:38,MYOR,RG,2160,10,D,NI,PD,F
15:13:47,MYOR,RG,2160,23,D,DX,PD,F
15:12:52,MYOR,RG,2160,1,D,XC,PD,F
15:12:51,MYOR,RG,2160,5,D,DR,PD,F
15:11:55,MYOR,RG,2160,4,D,NI,PD,F
15:11:36,MYOR,RG,2160,1,D,XC,PD,F
15:10:36,MYOR,RG,2160,15,D,CC,PD,F
15:10:26,MYOR,RG,2160,30,D,YP,PD,F
15:09:16,MYOR,RG,2160,5,D,PD,PD,F
15:09:07,MYOR,RG,2160,20,D,AO,PD,F
15:07:32,MYOR,RG,2160,1,D,XC,PD,F
15:07:27,MYOR,RG,2160,1,D,DH,PD,F
15:07:21,MYOR,RG,2160,50,D,YP,PD,F
15:07:05,MYOR,RG,2160,1,D,PD,PD,F
15:05:40,MYOR,RG,2160,2,D,PD,PD,F
15:05:10,MYOR,RG,2160,1,D,XC,PD,F
15:04:51,MYOR,RG,2160,20,D,PD,PD,F
15:04:50,MYOR,RG,2160,25,D,XC,PD,F
15:04:45,MYOR,RG,2160,1,D,XC,PD,F
15:04:39,MYOR,RG,2160,17,D,NI,PD,F
15:04:36,MYOR,RG,2160,2,D,NI,PD,F
15:04:27,MYOR,RG,2160,10,D,SQ,PD,F
15:04:12,MYOR,RG,2160,1,D,XC,PD,F
15:03:31,MYOR,RG,2160,25,D,AI,PD,F
15:03:04,MYOR,RG,2160,2,D,XC,PD,F
15:02:38,MYOR,RG,2160,1,D,XC,PD,F
15:01:38,MYOR,RG,2160,1,D,PD,PD,F
15:01:23,MYOR,RG,2160,4,D,XA,PD,F
15:01:16,MYOR,RG,2160,45,D,YP,PD,F
15:01:00,MYOR,RG,2160,27,D,SQ,PD,F
15:01:00,MYOR,RG,2160,5,D,PD,PD,F
15:01:00,MYOR,RG,2160,2,D,XC,PD,F
15:00:00,MYOR,RG,2160,5,D,CC,PD,F
15:00:00,MYOR,RG,2160,19,D,KK,PD,F
15:00:00,MYOR,RG,2160,5,D,PD,PD,F
15:00:00,MYOR,RG,2160,1,D,PD,PD,F
15:00:00,MYOR,RG,2160,100,D,AT,PD,F
15:00:00,MYOR,RG,2160,2,D,DH,PD,F
15:00:00,MYOR,RG,2160,1,D,DH,PD,F
15:00:00,MYOR,RG,2160,15,D,PD,PD,F
15:00:00,MYOR,RG,2160,1,D,XC,PD,F
15:00:00,MYOR,RG,2160,1,D,CC,PD,F
15:00:00,MYOR,RG,2160,4,D,YP,PD,F
15:00:00,MYOR,RG,2160,2,D,CC,PD,F
15:00:00,MYOR,RG,2160,12,D,YP,PD,F
15:00:00,MYOR,RG,2160,10,D,YP,PD,F
15:00:00,MYOR,RG,2160,2,D,YP,PD,F
15:00:00,MYOR,RG,2160,50,D,NI,PD,F
15:00:00,MYOR,RG,2160,5,D,PD,PD,F
15:00:00,MYOR,RG,2160,6,D,XC,PD,F
15:00:00,MYOR,RG,2160,10,D,XC,PD,F
15:00:00,MYOR,RG,2160,8,D,GR,PD,F
15:00:00,MYOR,RG,2160,15,D,OD,PD,F
15:00:00,MYOR,RG,2160,50,D,CC,PD,F
15:00:00,MYOR,RG,2160,5,D,XC,PD,F
15:00:00,MYOR,RG,2160,70,D,XC,PD,F
15:00:00,MYOR,RG,2160,1,D,PD,PD,F
15:00:00,MYOR,RG,2160,3,D,XC,PD,F
15:00:00,MYOR,RG,2160,1,D,PD,PD,F
15:00:00,MYOR,RG,2160,2320,D,CC,PD,F
15:00:00,MYOR,RG,2160,1,D,XC,PD,F
15:00:00,MYOR,RG,2160,1,D,SQ,PD,F
15:00:00,MYOR,RG,2160,1,D,AZ,PD,F
15:00:00,MYOR,RG,2160,1,D,CC,PD,F
15:00:00,MYOR,RG,2160,2,D,DH,PD,F
15:00:00,MYOR,RG,2160,3,D,XC,PD,F
15:00:00,MYOR,RG,2160,2,D,PD,PD,F
15:00:00,MYOR,RG,2160,3,D,YP,PD,F
15:00:00,MYOR,RG,2160,7,D,PD,PD,F
15:00:00,MYOR,RG,2160,7,D,CC,PD,F
15:00:00,MYOR,RG,2160,1,D,XC,PD,F
15:00:00,MYOR,RG,2160,3,D,NI,PD,F
15:00:00,MYOR,RG,2160,5,D,YP,PD,F
15:00:00,MYOR,RG,2160,3,D,CC,PD,F
15:00:00,MYOR,RG,2160,2,D,YP,PD,F
15:00:00,MYOR,RG,2160,1,D,NI,PD,F
15:00:00,MYOR,RG,2160,2,D,XC,PD,F
15:00:00,MYOR,RG,2160,3,D,XC,PD,F
15:00:00,MYOR,RG,2160,4,D,CC,PD,F
15:00:00,MYOR,RG,2160,50,D,OD,PD,F
15:00:00,MYOR,RG,2160,1,D,XC,PD,F
15:00:00,MYOR,RG,2160,1,D,XC,PD,F
15:00:00,MYOR,RG,2160,1,D,YP,PD,F
15:00:00,MYOR,RG,2160,10,D,CC,PD,F
15:00:00,MYOR,RG,2160,15,D,XC,PD,F
15:00:00,MYOR,RG,2160,1,D,XC,PD,F
15:00:00,MYOR,RG,2160,1,D,XC,PD,F
15:00:00,MYOR,RG,2160,1,D,YP,PD,F
15:00:00,MYOR,RG,2160,10,D,CC,PD,F
15:00:00,MYOR,RG,2160,2,D,YP,PD,F
15:00:00,MYOR,RG,2160,2,D,XC,PD,F
15:00:00,MYOR,RG,2160,2,D,YP,PD,F
15:00:00,MYOR,RG,2160,1,D,PD,PD,F
15:00:00,MYOR,RG,2160,1,D,CC,PD,F
15:00:00,MYOR,RG,2160,5,D,YP,PD,F
15:00:00,MYOR,RG,2160,1,D,XC,PD,F
15:00:00,MYOR,RG,2160,2,D,PD,PD,F
15:00:00,MYOR,RG,2160,125,D,NI,PD,F
15:00:00,MYOR,RG,2160,1,D,XC,PD,F
15:00:00,MYOR,RG,2160,10,D,YP,PD,F
15:00:00,MYOR,RG,2160,5,D,NI,PD,F
15:00:00,MYOR,RG,2160,1,D,XC,PD,F
15:00:00,MYOR,RG,2160,1,D,PD,PD,F
15:00:00,MYOR,RG,2160,1,D,XC,PD,F
15:00:00,MYOR,RG,2160,20,D,KK,PD,F
15:00:00,MYOR,RG,2160,25,D,HP,PD,F
15:00:00,MYOR,RG,2160,5,D,YP,PD,F
15:00:00,MYOR,RG,2160,1,D,PD,PD,F
15:00:00,MYOR,RG,2160,3,D,YP,PD,F
15:00:00,MYOR,RG,2160,5,D,XC,PD,F
15:00:00,MYOR,RG,2160,1,D,XC,PD,F
15:00:00,MYOR,RG,2160,1,D,XC,PD,F
15:00:00,MYOR,RG,2160,2,D,XC,PD,F
15:00:00,MYOR,RG,2160,6,D,XC,PD,F
15:00:00,MYOR,RG,2160,50,D,YP,PD,F
15:00:00,MYOR,RG,2160,5,D,DH,PD,F
15:00:00,MYOR,RG,2160,5,D,XC,PD,F
15:00:00,MYOR,RG,2160,4,D,XC,PD,F
15:00:00,MYOR,RG,2160,25,D,YP,PD,F
15:00:00,MYOR,RG,2160,5,D,PD,PD,F
15:00:00,MYOR,RG,2160,1,D,PD,PD,F
15:00:00,MYOR,RG,2160,1,D,XC,PD,F
15:00:00,MYOR,RG,2160,1,D,YP,PD,F
15:00:00,MYOR,RG,2160,1,D,XC,PD,F
15:00:00,MYOR,RG,2160,10,D,DR,PD,F
15:00:00,MYOR,RG,2160,25,D,PD,PD,F
15:00:00,MYOR,RG,2160,50,D,YP,PD,F
15:00:00,MYOR,RG,2160,1,D,YP,PD,F
15:00:00,MYOR,RG,2160,1,D,YP,PD,F
15:00:00,MYOR,RG,2160,10,D,NI,PD,F
15:00:00,MYOR,RG,2160,1,D,YP,PD,F
15:00:00,MYOR,RG,2160,5,D,XC,PD,F
15:00:00,MYOR,RG,2160,13,D,CC,PD,F
15:00:00,MYOR,RG,2160,25,D,PD,PD,F
15:00:00,MYOR,RG,2160,1,D,XC,PD,F
15:00:00,MYOR,RG,2160,4,D,XC,PD,F
15:00:00,MYOR,RG,2160,10,D,OD,PD,F
15:00:00,MYOR,RG,2160,1,D,XC,PD,F
15:00:00,MYOR,RG,2160,1,D,XL,PD,F
15:00:00,MYOR,RG,2160,4,D,XC,PD,F
15:00:00,MYOR,RG,2160,3424,D,OD,PD,F
15:00:00,MYOR,RG,2160,30,D,OD,CC,D
15:00:00,MYOR,RG,2160,554,D,OD,KZ,F
15:00:00,MYOR,RG,2160,45,D,XC,KZ,F
15:00:00,MYOR,RG,2160,49,D,PD,KZ,F
15:00:00,MYOR,RG,2160,1,D,PD,KZ,F
15:00:00,MYOR,RG,2160,5,D,ZP,KZ,F
15:00:00,MYOR,RG,2160,1,D,PD,KZ,F
15:00:00,MYOR,RG,2160,100,D,NI,KZ,F
15:00:00,MYOR,RG,2160,1,D,XC,KZ,F
15:00:00,MYOR,RG,2160,30,D,OD,KZ,F
15:00:00,MYOR,RG,2160,1,D,AT,KZ,F
15:00:00,MYOR,RG,2160,50,D,YP,KZ,F
15:00:00,MYOR,RG,2160,100,D,YP,KZ,F
15:00:00,MYOR,RG,2160,140,D,YP,KZ,F
15:00:00,MYOR,RG,2160,8,D,EP,KZ,F
14:49:55,MYOR,RG,2160,14,D,OD,KZ,F
14:49:37,MYOR,RG,2170,25,D,HP,BK,D
14:49:34,MYOR,RG,2170,50,D,PD,BK,D
14:49:28,MYOR,RG,2160,32,D,OD,KZ,F
14:49:26,MYOR,RG,2170,10,D,NI,BK,D
14:49:06,MYOR,RG,2160,12,D,OD,KZ,F
14:49:01,MYOR,RG,2160,31,D,OD,KZ,F
14:48:49,MYOR,RG,2170,276,D,GR,BK,D
14:48:48,MYOR,RG,2170,3,D,XC,BK,D
14:48:41,MYOR,RG,2170,1,D,XC,BK,D
14:48:41,MYOR,RG,2170,50,D,CC,BK,D
14:48:36,MYOR,RG,2160,30,D,OD,KZ,F
14:48:36,MYOR,RG,2160,11,D,OD,KZ,F
14:48:11,MYOR,RG,2160,29,D,OD,KZ,F
14:48:04,MYOR,RG,2160,2,D,OD,KZ,F
14:48:04,MYOR,RG,2160,314,D,OD,KZ,F
14:48:04,MYOR,RG,2160,10,D,OD,KZ,F
14:48:04,MYOR,RG,2160,9,D,OD,KZ,F
14:48:04,MYOR,RG,2160,31,D,OD,KZ,F
14:48:01,MYOR,RG,2160,46,D,OD,KZ,F
14:48:01,MYOR,RG,2160,29,D,OD,KZ,F
14:48:01,MYOR,RG,2160,22,D,OD,KZ,F
14:48:01,MYOR,RG,2160,1,D,XC,KZ,F
14:48:01,MYOR,RG,2160,6,D,YP,KZ,F
14:48:01,MYOR,RG,2160,17,D,YP,KZ,F
14:48:01,MYOR,RG,2160,5,D,SQ,KZ,F
14:48:01,MYOR,RG,2160,2,D,XC,KZ,F
14:48:01,MYOR,RG,2160,1,D,PD,KZ,F
14:48:01,MYOR,RG,2160,1,D,NI,KZ,F
14:48:01,MYOR,RG,2160,4,D,CC,KZ,F
14:47:55,MYOR,RG,2170,41,D,CS,BK,D
14:47:55,MYOR,RG,2170,5,D,CS,BK,D
14:47:53,MYOR,RG,2170,7,D,CS,BK,D
14:47:52,MYOR,RG,2170,14,D,CS,BK,D
14:47:52,MYOR,RG,2170,4,D,CS,BK,D
14:47:52,MYOR,RG,2170,2,D,CS,BK,D
14:47:41,MYOR,RG,2160,6,D,CC,KZ,F
14:47:41,MYOR,RG,2160,20,D,NI,KZ,F
14:47:22,MYOR,RG,2170,2,D,XC,BK,D
14:47:12,MYOR,RG,2170,6,D,CS,BK,D
14:47:12,MYOR,RG,2170,12,D,CS,BK,D
14:47:12,MYOR,RG,2170,1,D,CS,BK,D
14:47:09,MYOR,RG,2170,15,D,CS,BK,D
14:47:09,MYOR,RG,2170,3,D,CS,BK,D
14:47:06,MYOR,RG,2160,30,D,NI,KZ,F
14:47:06,MYOR,RG,2160,3,D,PD,KZ,F
14:46:58,MYOR,RG,2170,8,D,XC,BK,D
14:46:58,MYOR,RG,2170,7,D,XC,SQ,D
14:46:41,MYOR,RG,2170,3,D,CS,SQ,D
14:46:41,MYOR,RG,2170,1,D,CS,YP,D
14:46:41,MYOR,RG,2170,5,D,CS,DR,D
14:46:41,MYOR,RG,2170,2,D,CS,XL,D
14:46:41,MYOR,RG,2170,8,D,CS,XL,D
14:46:41,MYOR,RG,2170,3,D,CS,XL,D
14:45:48,MYOR,RG,2170,17,D,CS,XL,D
14:45:48,MYOR,RG,2170,16,D,CS,XL,D
14:45:22,MYOR,RG,2170,46,D,CS,XL,D
14:45:07,MYOR,RG,2170,6,D,CS,XL,D
14:45:07,MYOR,RG,2170,10,D,CS,XL,D
14:44:47,MYOR,RG,2170,4,D,CS,XL,D
14:44:47,MYOR,RG,2170,4,D,CS,XL,D
14:44:30,MYOR,RG,2170,1,D,PD,XL,D
14:44:29,MYOR,RG,2170,2,D,PD,XL,D
14:44:16,MYOR,RG,2170,3,D,CS,XL,D
14:44:16,MYOR,RG,2170,10,D,CS,XL,D
14:44:12,MYOR,RG,2170,13,D,CS,XL,D
14:44:12,MYOR,RG,2170,8,D,CS,KZ,F
14:44:12,MYOR,RG,2170,15,D,CS,KZ,F
14:44:12,MYOR,RG,2170,13,D,CS,YP,D
14:43:51,MYOR,RG,2160,7,D,PD,YU,D
14:43:51,MYOR,RG,2160,1,D,XC,YU,D
14:43:51,MYOR,RG,2160,5,D,CC,YU,D
14:43:51,MYOR,RG,2160,5,D,XC,YU,D
14:43:51,MYOR,RG,2160,1,D,CC,YU,D
14:43:51,MYOR,RG,2160,11,D,XC,YU,D
14:43:51,MYOR,RG,2160,10,D,PD,YU,D
14:43:51,MYOR,RG,2160,2,D,YP,YU,D
14:43:51,MYOR,RG,2160,1,D,PD,YU,D
14:43:51,MYOR,RG,2160,2,D,PD,YU,D
14:43:51,MYOR,RG,2160,5,D,LS,YU,D
14:43:48,MYOR,RG,2170,27,D,PD,YP,D
14:43:48,MYOR,RG,2170,20,D,PD,KK,D
14:43:48,MYOR,RG,2170,1,D,PD,PD,D
14:43:48,MYOR,RG,2170,2,D,PD,PD,D
14:42:56,MYOR,RG,2170,3,D,CS,PD,D
14:42:56,MYOR,RG,2170,1,D,CS,KK,D
14:42:56,MYOR,RG,2170,34,D,CS,CC,D
14:42:52,MYOR,RG,2170,16,D,CS,CC,D
14:42:52,MYOR,RG,2170,45,D,CS,BK,D
14:41:31,MYOR,RG,2160,44,D,LS,LG,D
14:41:26,MYOR,RG,2170,300,D,SQ,BK,D
14:41:13,MYOR,RG,2170,38,D,CS,BK,D
14:41:05,MYOR,RG,2170,42,D,CS,BK,D
14:41:04,MYOR,RG,2170,1,D,CS,BK,D
14:41:04,MYOR,RG,2170,18,D,CS,BK,D
14:41:04,MYOR,RG,2170,400,D,KK,BK,D
14:39:57,MYOR,RG,2170,32,D,CS,BK,D
14:39:57,MYOR,RG,2170,8,D,CS,BK,D
14:39:28,MYOR,RG,2170,14,D,CS,BK,D
14:39:28,MYOR,RG,2170,3,D,CS,BK,D
14:39:12,MYOR,RG,2170,43,D,CS,BK,D
14:38:47,MYOR,RG,2170,2,D,CS,BK,D
14:38:47,MYOR,RG,2170,14,D,CS,BK,D
14:38:47,MYOR,RG,2170,4,D,CS,BK,D
14:38:07,MYOR,RG,2170,20,D,CS,BK,D
14:37:16,MYOR,RG,2170,4,D,CS,BK,D
14:37:16,MYOR,RG,2170,12,D,CS,BK,D
14:37:16,MYOR,RG,2170,7,D,CS,KZ,F
14:37:07,MYOR,RG,2170,2,D,YP,KZ,F
14:36:56,MYOR,RG,2170,45,D,CS,KZ,F
14:36:40,MYOR,RG,2170,2,D,PD,KZ,F
14:36:28,MYOR,RG,2170,26,D,CS,KZ,F
14:36:20,MYOR,RG,2170,1,D,YP,KZ,F
14:36:07,MYOR,RG,2170,100,D,PD,KZ,F
14:35:44,MYOR,RG,2170,2,D,PD,KZ,F
14:35:04,MYOR,RG,2170,1,D,CS,KZ,F
14:35:04,MYOR,RG,2170,1,D,CS,KZ,F
14:35:04,MYOR,RG,2170,27,D,CS,KZ,F
14:35:04,MYOR,RG,2170,9,D,CS,KZ,F
14:35:04,MYOR,RG,2170,2,D,CS,EP,D
14:35:04,MYOR,RG,2170,5,D,CS,YP,D
14:35:04,MYOR,RG,2170,5,D,CS,YP,D
14:35:02,MYOR,RG,2170,15,D,GR,YP,D
14:34:53,MYOR,RG,2170,1,D,SQ,YP,D
14:34:44,MYOR,RG,2170,3,D,CS,YP,D
14:34:44,MYOR,RG,2170,5,D,CS,PD,D
14:34:44,MYOR,RG,2170,34,D,CS,KZ,F
14:34:44,MYOR,RG,2170,3,D,CS,KZ,F
14:34:07,MYOR,RG,2170,20,D,KK,KZ,F
14:33:38,MYOR,RG,2160,1,D,LS,KK,D
14:33:12,MYOR,RG,2170,11,D,CS,KZ,F
14:33:12,MYOR,RG,2170,29,D,CS,KZ,F
14:32:47,MYOR,RG,2170,5,D,CC,KZ,F
14:32:45,MYOR,RG,2170,11,D,YP,KZ,F
14:32:32,MYOR,RG,2170,34,D,CS,KZ,F
14:32:32,MYOR,RG,2170,2,D,CS,KZ,F
14:32:31,MYOR,RG,2170,25,D,CS,KZ,F
14:32:25,MYOR,RG,2170,20,D,KK,KZ,F
14:31:49,MYOR,RG,2160,8,D,YP,XC,D
14:31:49,MYOR,RG,2160,8,D,XC,XC,D
14:31:37,MYOR,RG,2170,3,D,YP,KZ,F
14:30:53,MYOR,RG,2170,23,D,CS,KZ,F
14:30:53,MYOR,RG,2170,11,D,CS,KZ,F
14:30:48,MYOR,RG,2170,56,D,CS,KZ,F
14:30:45,MYOR,RG,2170,50,D,PD,KZ,F
14:30:29,MYOR,RG,2160,42,D,XC,KZ,F
14:30:29,MYOR,RG,2160,1,D,YP,KZ,F
14:30:29,MYOR,RG,2160,2,D,XC,KZ,F
14:30:29,MYOR,RG,2160,1,D,XC,KZ,F
14:30:29,MYOR,RG,2160,1,D,XC,KZ,F
14:30:29,MYOR,RG,2160,2,D,XC,KZ,F
14:30:29,MYOR,RG,2160,1,D,XC,KZ,F
14:30:29,MYOR,RG,2160,4,D,CC,KZ,F
14:30:29,MYOR,RG,2160,20,D,PD,KZ,F
14:30:29,MYOR,RG,2160,188,D,CC,KZ,F
14:30:02,MYOR,RG,2170,2,D,CS,KZ,F
14:30:02,MYOR,RG,2170,4,D,CS,KZ,F
14:30:02,MYOR,RG,2170,8,D,CS,KZ,F
14:30:02,MYOR,RG,2170,6,D,CS,KZ,F
14:29:47,MYOR,RG,2170,1,D,CS,KZ,F
14:29:47,MYOR,RG,2170,34,D,CS,KZ,F
14:29:36,MYOR,RG,2170,5,D,CS,KZ,F
14:29:21,MYOR,RG,2170,22,D,YP,KZ,F
14:29:21,MYOR,RG,2170,5,D,NI,KZ,F
14:29:13,MYOR,RG,2170,6,D,CS,KZ,F
14:29:13,MYOR,RG,2170,6,D,CS,KZ,F
14:29:13,MYOR,RG,2170,1,D,CS,KZ,F
14:29:13,MYOR,RG,2170,5,D,CS,KZ,F
14:29:05,MYOR,RG,2170,1,D,XC,KZ,F
14:28:56,MYOR,RG,2170,23,D,CS,KZ,F
14:28:21,MYOR,RG,2170,15,D,CS,KZ,F
14:28:21,MYOR,RG,2170,1,D,CS,KZ,F
14:28:16,MYOR,RG,2170,13,D,PD,KZ,F
14:28:06,MYOR,RG,2160,10,D,CC,PD,D
14:27:36,MYOR,RG,2170,23,D,CS,KZ,F
14:27:36,MYOR,RG,2170,8,D,CS,KZ,F
14:27:36,MYOR,RG,2170,11,D,CS,KZ,F
14:27:32,MYOR,RG,2170,1,D,CS,KZ,F
14:27:32,MYOR,RG,2170,2,D,CS,KZ,F
14:27:32,MYOR,RG,2170,13,D,CS,SQ,D
14:26:50,MYOR,RG,2170,2,D,XC,SQ,D
14:26:27,MYOR,RG,2160,24,D,CC,LG,D
14:25:33,MYOR,RG,2160,2,D,CC,YP,D
14:25:32,MYOR,RG,2170,37,D,CS,SQ,D
14:25:32,MYOR,RG,2170,20,D,CS,XC,D
14:25:32,MYOR,RG,2170,1,D,CS,PD,D
14:25:32,MYOR,RG,2170,38,D,CS,KZ,F
14:25:26,MYOR,RG,2170,1,D,XC,KZ,F
14:25:04,MYOR,RG,2170,200,D,NI,KZ,F
14:24:28,MYOR,RG,2160,23,D,CC,KZ,F
14:24:27,MYOR,RG,2170,2,D,PD,KZ,F
14:24:08,MYOR,RG,2170,1,D,PD,KZ,F
14:23:39,MYOR,RG,2170,5,D,NI,KZ,F
14:23:23,MYOR,RG,2170,44,D,CS,KZ,F
14:23:19,MYOR,RG,2170,28,D,CS,KZ,F
14:23:19,MYOR,RG,2170,3,D,CS,PD,D
14:23:19,MYOR,RG,2170,1,D,CS,DH,D
14:23:19,MYOR,RG,2170,25,D,CS,EP,D
14:23:19,MYOR,RG,2170,11,D,CS,LG,D
14:23:05,MYOR,RG,2160,35,D,CC,KZ,F
14:22:58,MYOR,RG,2160,1,D,CC,XC,D
14:22:10,MYOR,RG,2170,1,D,KK,LG,D
14:22:10,MYOR,RG,2170,23,D,KK,KZ,F
14:22:10,MYOR,RG,2170,66,D,KK,BK,D
14:22:08,MYOR,RG,2160,177,D,CC,KZ,F
14:22:08,MYOR,RG,2160,4,D,XC,KZ,F
14:22:08,MYOR,RG,2160,30,D,AO,KZ,F
14:22:08,MYOR,RG,2160,4,D,XC,KZ,F
14:22:08,MYOR,RG,2160,10,D,CC,KZ,F
14:22:08,MYOR,RG,2160,1,D,PD,KZ,F
14:22:08,MYOR,RG,2160,1,D,XC,KZ,F
14:22:08,MYOR,RG,2160,1,D,XC,KZ,F
14:22:08,MYOR,RG,2160,6,D,XC,KZ,F
14:22:08,MYOR,RG,2160,10,D,YP,KZ,F
14:22:08,MYOR,RG,2160,1,D,YP,KZ,F
14:22:08,MYOR,RG,2160,155,D,EP,KZ,F
14:21:30,MYOR,RG,2160,95,D,EP,KZ,F
14:21:30,MYOR,RG,2160,1,D,NI,KZ,F
14:21:30,MYOR,RG,2160,21,D,YP,KZ,F
14:21:30,MYOR,RG,2160,3,D,KK,KZ,F
14:21:30,MYOR,RG,2160,2,D,PD,KZ,F
14:21:30,MYOR,RG,2160,1,D,YP,KZ,F
14:21:30,MYOR,RG,2160,1,D,YP,KZ,F
14:21:30,MYOR,RG,2160,4,D,YP,KZ,F
14:21:30,MYOR,RG,2160,1,D,YP,KZ,F
14:21:30,MYOR,RG,2160,1,D,YP,KZ,F
14:21:30,MYOR,RG,2160,8,D,CC,KZ,F
14:21:30,MYOR,RG,2160,21,D,YP,KZ,F
14:21:30,MYOR,RG,2160,2,D,XC,KZ,F
14:21:30,MYOR,RG,2160,1,D,PD,KZ,F
14:21:30,MYOR,RG,2160,2,D,XC,KZ,F
14:21:30,MYOR,RG,2160,10,D,XC,KZ,F
14:21:30,MYOR,RG,2160,1,D,YP,KZ,F
14:21:27,MYOR,RG,2160,35,D,YP,KZ,F
14:21:27,MYOR,RG,2160,1,D,YP,KZ,F
14:21:19,MYOR,RG,2160,1,D,CC,KZ,F
14:21:19,MYOR,RG,2160,4,D,XC,KZ,F
14:21:19,MYOR,RG,2160,1,D,CC,KZ,F
14:21:19,MYOR,RG,2160,1,D,PD,KZ,F
14:21:19,MYOR,RG,2160,1,D,YP,KZ,F
14:21:19,MYOR,RG,2160,2,D,PD,KZ,F
14:21:19,MYOR,RG,2160,1,D,PD,KZ,F
14:21:19,MYOR,RG,2160,1,D,PD,KZ,F
14:21:19,MYOR,RG,2160,25,D,IF,KZ,F
14:21:19,MYOR,RG,2160,78,D,IF,KZ,F
14:21:16,MYOR,RG,2170,68,D,CS,BK,D
14:21:14,MYOR,RG,2160,66,D,IF,KZ,F
14:21:08,MYOR,RG,2170,43,D,CS,BK,D
14:21:00,MYOR,RG,2170,5,D,DH,BK,D
14:20:55,MYOR,RG,2160,40,D,IF,YB,D
14:20:46,MYOR,RG,2170,2,D,YP,BK,D
14:19:53,MYOR,RG,2170,200,D,YP,BK,D
14:18:36,MYOR,RG,2170,1,D,XC,BK,D
14:18:29,MYOR,RG,2160,246,D,IF,KZ,F
14:18:01,MYOR,RG,2160,1,D,IF,PD,D
14:17:53,MYOR,RG,2170,1,D,PD,BK,D
14:16:54,MYOR,RG,2170,11,D,CS,BK,D
14:16:54,MYOR,RG,2170,12,D,CS,BK,D
14:16:54,MYOR,RG,2170,21,D,CS,BK,D
14:16:54,MYOR,RG,2170,5,D,CS,BK,D
14:16:54,MYOR,RG,2170,23,D,CS,BK,D
14:16:53,MYOR,RG,2170,35,D,CS,BK,D
14:16:53,MYOR,RG,2170,4,D,CS,BK,D
14:16:53,MYOR,RG,2170,7,D,CS,BK,D
14:15:19,MYOR,RG,2170,14,D,CS,BK,D
14:15:05,MYOR,RG,2160,6,D,IF,KZ,F
14:15:05,MYOR,RG,2160,1,D,PD,KZ,F
14:15:05,MYOR,RG,2160,1,D,XC,KZ,F
14:15:05,MYOR,RG,2160,1,D,PD,KZ,F
14:15:05,MYOR,RG,2160,1,D,XL,KZ,F
14:15:05,MYOR,RG,2160,14,D,XC,KZ,F
14:15:05,MYOR,RG,2160,6,D,XL,KZ,F
14:14:09,MYOR,RG,2160,89,D,XL,KZ,F
14:14:09,MYOR,RG,2160,1,D,XC,KZ,F
14:14:09,MYOR,RG,2160,1,D,PD,KZ,F
14:14:09,MYOR,RG,2160,2,D,XC,KZ,F
14:14:00,MYOR,RG,2160,1,D,XC,KZ,F
14:14:00,MYOR,RG,2160,1,D,XC,KZ,F
14:13:16,MYOR,RG,2160,4,D,XC,XC,D
14:13:16,MYOR,RG,2160,36,D,KK,XC,D
14:13:12,MYOR,RG,2170,5,D,CS,BK,D
14:13:12,MYOR,RG,2170,3,D,CS,BK,D
14:13:12,MYOR,RG,2170,10,D,CS,BK,D
14:13:12,MYOR,RG,2170,12,D,CS,BK,D
14:13:12,MYOR,RG,2170,13,D,CS,BK,D
14:13:12,MYOR,RG,2170,8,D,CS,BK,D
14:13:07,MYOR,RG,2170,1,D,YP,BK,D
14:13:02,MYOR,RG,2170,1,D,YP,BK,D
14:11:25,MYOR,RG,2160,2,D,KK,PD,D
14:10:50,MYOR,RG,2170,5,D,PD,BK,D
14:10:43,MYOR,RG,2170,1,D,XC,BK,D
14:10:21,MYOR,RG,2170,3,D,NI,BK,D
14:10:20,MYOR,RG,2170,5,D,PD,BK,D
14:09:58,MYOR,RG,2170,50,D,CC,BK,D
14:09:44,MYOR,RG,2170,27,D,CS,BK,D
14:09:44,MYOR,RG,2170,13,D,CS,BK,D
14:09:44,MYOR,RG,2170,7,D,CS,BK,D
14:08:30,MYOR,RG,2170,14,D,XC,BK,D
14:07:34,MYOR,RG,2170,74,D,CS,BK,D
14:07:34,MYOR,RG,2170,2,D,CS,BK,D
14:07:23,MYOR,RG,2170,1,D,CS,BK,D
14:06:24,MYOR,RG,2160,10,D,KK,KZ,F
14:06:24,MYOR,RG,2160,25,D,BQ,KZ,F
14:06:24,MYOR,RG,2160,1,D,DH,KZ,F
14:06:24,MYOR,RG,2160,1,D,PD,KZ,F
14:06:24,MYOR,RG,2160,1,D,PD,KZ,F
14:06:24,MYOR,RG,2160,11,D,EP,KZ,F
14:06:24,MYOR,RG,2160,1,D,DR,KZ,F
14:06:24,MYOR,RG,2160,100,D,HP,KZ,F
14:06:24,MYOR,RG,2160,20,D,ZP,KZ,F
14:06:24,MYOR,RG,2160,10,D,PD,KZ,F
14:06:24,MYOR,RG,2160,17,D,YP,KZ,F
14:04:56,MYOR,RG,2170,18,D,CS,BK,D
14:04:56,MYOR,RG,2170,20,D,CS,BK,D
14:04:41,MYOR,RG,2160,1,D,YP,GR,D
14:04:05,MYOR,RG,2160,2,D,YP,GR,D
14:04:05,MYOR,RG,2160,1,D,YP,GR,D
14:03:29,MYOR,RG,2170,50,D,YP,BK,D
14:01:05,MYOR,RG,2170,2,D,CC,BK,D
14:01:05,MYOR,RG,2170,47,D,CS,BK,D
14:01:05,MYOR,RG,2170,14,D,CS,BK,D
14:00:41,MYOR,RG,2170,14,D,CS,BK,D
14:00:41,MYOR,RG,2170,10,D,CS,BK,D
14:00:21,MYOR,RG,2170,1,D,NI,BK,D
13:58:57,MYOR,RG,2170,2,D,YP,BK,D
13:58:55,MYOR,RG,2170,10,D,CC,BK,D
13:58:47,MYOR,RG,2170,2,D,YP,BK,D
13:58:45,MYOR,RG,2170,10,D,CC,BK,D
13:58:41,MYOR,RG,2170,2,D,YP,BK,D
13:58:34,MYOR,RG,2170,20,D,PD,BK,D
13:58:25,MYOR,RG,2170,25,D,CS,BK,D
13:58:24,MYOR,RG,2170,10,D,CS,BK,D
13:56:56,MYOR,RG,2170,1,D,CC,BK,D
13:56:37,MYOR,RG,2170,5,D,PD,BK,D
13:55:41,MYOR,RG,2170,42,D,CS,BK,D
13:55:41,MYOR,RG,2170,35,D,CS,BK,D
13:54:19,MYOR,RG,2160,4,D,YP,KZ,F
13:54:19,MYOR,RG,2160,25,D,XC,KZ,F
13:54:19,MYOR,RG,2160,5,D,XL,KZ,F
13:54:19,MYOR,RG,2160,10,D,PD,KZ,F
13:54:19,MYOR,RG,2160,10,D,PD,KZ,F
13:54:19,MYOR,RG,2160,3,D,XC,KZ,F
13:54:19,MYOR,RG,2160,2,D,YP,KZ,F
13:54:19,MYOR,RG,2160,3,D,YP,KZ,F
13:54:19,MYOR,RG,2160,5,D,NI,KZ,F
13:54:19,MYOR,RG,2160,1,D,CS,KZ,F
13:54:19,MYOR,RG,2160,7,D,CS,KZ,F
13:54:19,MYOR,RG,2160,3,D,CS,KZ,F
13:54:19,MYOR,RG,2160,2,D,PD,KZ,F
13:54:19,MYOR,RG,2160,1,D,XC,KZ,F
13:54:19,MYOR,RG,2160,2,D,YP,KZ,F
13:54:19,MYOR,RG,2160,27,D,CS,KZ,F
13:54:19,MYOR,RG,2160,25,D,PD,KZ,F
13:54:19,MYOR,RG,2160,12,D,CS,KZ,F
13:54:19,MYOR,RG,2160,1,D,CS,KZ,F
13:54:19,MYOR,RG,2160,31,D,CS,KZ,F
13:53:38,MYOR,RG,2160,2,D,CS,NI,D
13:52:40,MYOR,RG,2160,2,D,CS,NI,D
13:52:37,MYOR,RG,2170,2,D,PD,BK,D
13:52:12,MYOR,RG,2170,155,D,CC,BK,D
13:51:09,MYOR,RG,2170,2,D,CS,BK,D
13:51:09,MYOR,RG,2170,2,D,CS,BK,D
13:51:09,MYOR,RG,2170,20,D,CS,BK,D
13:51:09,MYOR,RG,2170,22,D,CS,BK,D
13:48:08,MYOR,RG,2170,1,D,CC,BK,D
13:47:37,MYOR,RG,2170,1,D,NI,BK,D
13:47:03,MYOR,RG,2170,20,D,XC,BK,D
13:45:24,MYOR,RG,2170,21,D,CS,BK,D
13:45:24,MYOR,RG,2170,7,D,CS,BK,D
13:45:24,MYOR,RG,2170,3,D,CS,BK,D
13:45:24,MYOR,RG,2170,7,D,CS,BK,D
13:45:24,MYOR,RG,2170,19,D,CS,BK,D
13:45:24,MYOR,RG,2170,14,D,CS,BK,D
13:45:24,MYOR,RG,2170,4,D,CS,BK,D
13:45:24,MYOR,RG,2170,35,D,CS,BK,D
13:44:52,MYOR,RG,2170,1,D,PD,BK,D
13:41:47,MYOR,RG,2170,51,D,CS,BK,D
13:41:47,MYOR,RG,2170,27,D,CS,BK,D
13:39:32,MYOR,RG,2160,2,D,CS,XC,D
13:38:08,MYOR,RG,2170,131,D,CS,BK,D
13:38:07,MYOR,RG,2170,150,D,XL,BK,D
13:37:24,MYOR,RG,2170,1,D,CC,BK,D
13:36:36,MYOR,RG,2170,8,D,CS,BK,D
13:36:36,MYOR,RG,2170,11,D,CS,BK,D
13:36:36,MYOR,RG,2170,11,D,CS,BK,D
13:36:36,MYOR,RG,2170,37,D,CS,BK,D
13:36:36,MYOR,RG,2170,11,D,CS,BK,D
13:36:26,MYOR,RG,2170,16,D,CS,BK,D
13:36:25,MYOR,RG,2170,33,D,CS,BK,D
13:35:13,MYOR,RG,2160,1,D,CS,XC,D
13:34:15,MYOR,RG,2170,40,D,CC,BK,D
13:33:40,MYOR,RG,2170,10,D,XL,BK,D
13:33:39,MYOR,RG,2170,1,D,NI,BK,D
13:31:06,MYOR,RG,2170,13,D,CS,BK,D
13:31:06,MYOR,RG,2170,2,D,CS,KZ,F
13:31:06,MYOR,RG,2170,2,D,CS,KZ,F
13:31:06,MYOR,RG,2170,2,D,CS,DH,D
13:31:06,MYOR,RG,2170,130,D,CS,LG,D
13:31:05,MYOR,RG,2170,12,D,CS,LG,D
13:31:01,MYOR,RG,2170,106,D,CS,LG,D
13:30:56,MYOR,RG,2170,1,D,PD,LG,D
13:30:13,MYOR,RG,2170,5,D,YP,LG,D
13:30:12,MYOR,RG,2170,1,D,YP,LG,D
13:30:11,MYOR,RG,2170,1,D,CC,LG,D
13:30:10,MYOR,RG,2160,2,D,CS,XC,D
13:30:10,MYOR,RG,2160,10,D,PD,XC,D
13:30:10,MYOR,RG,2160,5,D,CS,XC,D
13:30:10,MYOR,RG,2160,1,D,CS,XC,D
13:30:10,MYOR,RG,2160,2,D,CS,XC,D
13:30:10,MYOR,RG,2160,1,D,CS,XC,D
13:30:10,MYOR,RG,2160,1,D,CS,XC,D
13:30:10,MYOR,RG,2160,3,D,CS,XC,D
13:30:09,MYOR,RG,2170,1,D,CC,LG,D
13:30:08,MYOR,RG,2170,1,D,NI,LG,D
13:30:07,MYOR,RG,2170,42,D,XC,LG,D
13:30:07,MYOR,RG,2170,1,D,XC,XC,D
13:30:07,MYOR,RG,2170,52,D,XC,KZ,F
13:30:07,MYOR,RG,2170,1,D,XC,NI,D
13:30:07,MYOR,RG,2170,104,D,XC,KZ,F
13:30:07,MYOR,RG,2170,3,D,PD,KZ,F
13:30:06,MYOR,RG,2170,17,D,CC,KZ,F
13:30:06,MYOR,RG,2170,2,D,CC,KZ,F
13:30:05,MYOR,RG,2170,4,D,PD,KZ,F
13:30:05,MYOR,RG,2170,1,D,PD,YP,D
13:30:05,MYOR,RG,2170,5,D,PD,YP,D
13:30:05,MYOR,RG,2170,32,D,PD,KZ,F
13:30:05,MYOR,RG,2170,1,D,CC,KZ,F
13:30:05,MYOR,RG,2160,3,D,CS,PD,D
13:30:05,MYOR,RG,2170,2,D,PD,KZ,F
13:30:04,MYOR,RG,2170,4,D,PD,KZ,F
13:30:04,MYOR,RG,2170,1,D,PD,KZ,F
13:30:04,MYOR,RG,2170,1,D,YP,KZ,F
13:30:04,MYOR,RG,2170,1,D,PD,KZ,F
13:30:03,MYOR,RG,2160,1,D,CS,XL,D
13:30:03,MYOR,RG,2170,15,D,PD,KZ,F
13:30:03,MYOR,RG,2170,20,D,AG,KZ,F
13:30:03,MYOR,RG,2170,30,D,AG,PD,F
13:30:01,MYOR,RG,2160,1,D,CS,DH,D
11:29:31,MYOR,RG,2170,21,D,CS,PD,F
11:29:31,MYOR,RG,2170,2,D,CS,PD,F
11:29:31,MYOR,RG,2170,13,D,CS,PD,F
11:26:49,MYOR,RG,2170,1,D,KK,PD,F
11:26:12,MYOR,RG,2170,2,D,RG,PD,F
11:25:32,MYOR,RG,2170,209,D,CS,PD,F
11:25:09,MYOR,RG,2170,12,D,CS,PD,F
11:25:09,MYOR,RG,2170,9,D,CS,PD,F
11:25:09,MYOR,RG,2170,3,D,CS,PD,F
11:25:09,MYOR,RG,2170,4,D,CS,PD,F
11:25:09,MYOR,RG,2170,1,D,CS,PD,F
11:25:09,MYOR,RG,2170,14,D,CS,PD,F
11:25:09,MYOR,RG,2170,17,D,CS,PD,F
11:25:09,MYOR,RG,2170,18,D,CS,PD,F
11:25:09,MYOR,RG,2170,7,D,CS,PD,F
11:25:04,MYOR,RG,2160,2,D,CS,XC,D
11:24:56,MYOR,RG,2160,1,D,CS,KZ,F
11:24:56,MYOR,RG,2160,1,D,CS,KZ,F
11:24:56,MYOR,RG,2160,5,D,CS,KZ,F
11:24:56,MYOR,RG,2160,40,D,NI,KZ,F
11:24:55,MYOR,RG,2160,1,D,NI,CC,D
11:24:18,MYOR,RG,2160,9,D,NI,CC,D
11:24:18,MYOR,RG,2160,5,D,CS,CC,D
11:24:18,MYOR,RG,2160,5,D,YP,CC,D
11:24:18,MYOR,RG,2160,1,D,CS,CC,D
11:24:18,MYOR,RG,2160,1,D,CS,CC,D
11:24:18,MYOR,RG,2160,3,D,CS,CC,D
11:24:18,MYOR,RG,2160,5,D,XL,CC,D
11:24:18,MYOR,RG,2160,1,D,DH,CC,D
11:24:06,MYOR,RG,2170,4,D,XL,PD,F
11:22:59,MYOR,RG,2170,5,D,XC,PD,F
11:22:30,MYOR,RG,2170,20,D,CC,PD,F
11:21:04,MYOR,RG,2170,10,D,CC,PD,F
11:20:46,MYOR,RG,2170,208,D,CS,PD,F
11:20:36,MYOR,RG,2170,130,D,CS,PD,F
11:17:15,MYOR,RG,2160,3,D,CS,KZ,F
11:17:15,MYOR,RG,2160,7,D,CS,KZ,F
11:17:15,MYOR,RG,2160,4,D,CS,KZ,F
11:17:15,MYOR,RG,2160,7,D,XC,KZ,F
11:17:07,MYOR,RG,2170,4,D,KK,PD,F
11:16:20,MYOR,RG,2150,1,D,DR,PD,D
11:15:55,MYOR,RG,2170,2,D,CS,PD,F
11:15:55,MYOR,RG,2160,2,D,CS,NI,D
11:15:55,MYOR,RG,2160,3,D,CS,NI,D
11:15:55,MYOR,RG,2160,5,D,NI,NI,D
11:15:55,MYOR,RG,2160,8,D,NI,KZ,F
11:15:55,MYOR,RG,2160,1,D,NI,KZ,F
11:15:55,MYOR,RG,2160,36,D,NI,KZ,F
11:15:50,MYOR,RG,2160,2,D,CS,KZ,F
11:15:49,MYOR,RG,2160,8,D,CS,KZ,F
11:15:45,MYOR,RG,2160,5,D,CS,KZ,F
11:15:38,MYOR,RG,2160,9,D,CS,KZ,F
11:15:35,MYOR,RG,2160,3,D,CS,KZ,F
11:15:28,MYOR,RG,2160,4,D,CS,KZ,F
11:15:27,MYOR,RG,2160,8,D,CS,KZ,F
11:15:21,MYOR,RG,2160,4,D,CS,KZ,F
11:15:20,MYOR,RG,2160,2,D,CC,KZ,F
11:15:17,MYOR,RG,2160,7,D,CS,KZ,F
11:15:12,MYOR,RG,2160,4,D,CS,KZ,F
11:15:12,MYOR,RG,2160,25,D,PD,KZ,F
11:15:06,MYOR,RG,2160,8,D,CS,KZ,F
11:15:03,MYOR,RG,2160,9,D,CS,KZ,F
11:15:02,MYOR,RG,2160,5,D,XL,KZ,F
11:14:55,MYOR,RG,2160,2,D,CS,KZ,F
11:14:55,MYOR,RG,2160,7,D,CS,KZ,F
11:14:49,MYOR,RG,2150,8,D,DR,PD,D
11:14:49,MYOR,RG,2150,7,D,CC,PD,D
11:14:41,MYOR,RG,2160,1,D,EP,KZ,F
11:14:25,MYOR,RG,2160,1,D,PD,KZ,F
11:14:19,MYOR,RG,2150,3,D,CC,XC,D
11:14:19,MYOR,RG,2150,2,D,EP,XC,D
11:14:10,MYOR,RG,2160,14,D,PD,KZ,F
11:14:06,MYOR,RG,2150,2,D,EP,XC,D
11:14:02,MYOR,RG,2150,1,D,EP,XC,D
11:14:02,MYOR,RG,2150,4,D,AT,XC,D
11:14:02,MYOR,RG,2150,2,D,PD,XC,D
11:13:24,MYOR,RG,2160,50,D,PD,KZ,F
11:13:01,MYOR,RG,2160,1,D,XC,KZ,F
11:12:36,MYOR,RG,2160,11,D,CS,KZ,F
11:12:36,MYOR,RG,2160,11,D,CS,KZ,F
11:12:36,MYOR,RG,2160,6,D,CS,KZ,F
11:12:36,MYOR,RG,2160,7,D,CS,KZ,F
11:12:36,MYOR,RG,2160,10,D,CS,KZ,F
11:12:36,MYOR,RG,2160,1,D,PD,KZ,F
11:12:27,MYOR,RG,2160,15,D,CS,KZ,F
11:12:27,MYOR,RG,2160,19,D,CS,KZ,F
11:12:27,MYOR,RG,2160,19,D,CS,KZ,F
11:12:27,MYOR,RG,2160,9,D,EP,KZ,F
11:12:27,MYOR,RG,2160,39,D,CS,KZ,F
11:12:27,MYOR,RG,2160,5,D,CC,KZ,F
11:12:27,MYOR,RG,2160,10,D,CS,KZ,F
11:12:27,MYOR,RG,2160,25,D,KK,KZ,F
11:12:27,MYOR,RG,2160,21,D,CS,KZ,F
11:12:27,MYOR,RG,2160,101,D,CS,KZ,F
11:12:27,MYOR,RG,2160,10,D,CS,KZ,F
11:12:27,MYOR,RG,2160,7,D,CS,KZ,F
11:12:27,MYOR,RG,2160,10,D,CS,KZ,F
11:12:27,MYOR,RG,2160,19,D,CS,KZ,F
11:12:27,MYOR,RG,2160,2,D,KK,KZ,F
11:12:27,MYOR,RG,2160,10,D,CC,KZ,F
11:12:27,MYOR,RG,2160,4,D,CS,KZ,F
11:12:27,MYOR,RG,2160,15,D,KK,KZ,F
11:12:27,MYOR,RG,2160,1,D,YP,KZ,F
11:12:27,MYOR,RG,2160,5,D,XL,KZ,F
11:12:27,MYOR,RG,2160,10,D,XC,KZ,F
11:12:27,MYOR,RG,2160,5,D,NI,KZ,F
11:12:27,MYOR,RG,2160,26,D,CS,KZ,F
11:12:27,MYOR,RG,2160,50,D,YP,KZ,F
11:12:27,MYOR,RG,2160,13,D,CS,KZ,F
11:12:27,MYOR,RG,2160,7,D,CS,KZ,F
11:12:27,MYOR,RG,2160,10,D,KK,KZ,F
11:12:27,MYOR,RG,2160,1,D,CC,KZ,F
11:12:27,MYOR,RG,2160,1,D,KK,KZ,F
11:12:27,MYOR,RG,2160,4,D,NI,KZ,F
11:12:27,MYOR,RG,2160,3,D,DH,KZ,F
11:12:27,MYOR,RG,2160,6,D,CS,KZ,F
11:12:27,MYOR,RG,2160,6,D,CS,KZ,F
11:12:27,MYOR,RG,2160,9,D,CS,KZ,F
11:12:27,MYOR,RG,2160,15,D,NI,KZ,F
11:10:37,MYOR,RG,2170,250,D,CD,PD,F
11:09:08,MYOR,RG,2170,4,D,CS,PD,F
11:09:08,MYOR,RG,2170,44,D,CS,KZ,F
11:09:08,MYOR,RG,2170,6,D,CS,LG,D
11:09:08,MYOR,RG,2170,1,D,CS,XC,D
11:09:08,MYOR,RG,2170,2,D,CS,KZ,F
11:09:08,MYOR,RG,2170,133,D,CS,KZ,F
11:09:08,MYOR,RG,2170,12,D,CS,KZ,F
11:08:40,MYOR,RG,2170,18,D,CS,KZ,F
11:08:40,MYOR,RG,2170,46,D,CS,KZ,F
11:08:40,MYOR,RG,2170,30,D,CS,KZ,F
11:08:40,MYOR,RG,2170,23,D,CS,KZ,F
11:08:31,MYOR,RG,2170,5,D,XC,KZ,F
11:06:12,MYOR,RG,2170,10,D,PD,KZ,F
11:04:19,MYOR,RG,2170,3,D,XC,KZ,F
11:03:46,MYOR,RG,2170,23,D,CS,KZ,F
11:03:46,MYOR,RG,2170,98,D,CS,KZ,F
11:03:46,MYOR,RG,2170,66,D,CS,BK,D
11:03:46,MYOR,RG,2170,119,D,CS,BK,D
11:03:15,MYOR,RG,2170,23,D,OD,BK,D
11:02:42,MYOR,RG,2170,1,D,EP,BK,D
11:02:02,MYOR,RG,2170,1599,D,NI,BK,D
11:01:08,MYOR,RG,2170,2,D,XC,BK,D
11:01:04,MYOR,RG,2170,15,D,KK,BK,D
11:00:21,MYOR,RG,2170,4,D,CC,BK,D
10:59:44,MYOR,RG,2170,93,D,SQ,BK,D
10:58:53,MYOR,RG,2170,1,D,CS,BK,D
10:58:53,MYOR,RG,2170,1,D,CS,BK,D
10:58:52,MYOR,RG,2160,1,D,CS,KZ,F
10:58:52,MYOR,RG,2160,4,D,CS,KZ,F
10:58:52,MYOR,RG,2160,6,D,CS,KZ,F
10:58:52,MYOR,RG,2160,7,D,CS,KZ,F
10:58:52,MYOR,RG,2160,10,D,CC,KZ,F
10:58:52,MYOR,RG,2160,2,D,CS,KZ,F
10:58:52,MYOR,RG,2160,2,D,CS,KZ,F
10:58:52,MYOR,RG,2160,2,D,CS,KZ,F
10:58:52,MYOR,RG,2160,3,D,CS,KZ,F
10:58:52,MYOR,RG,2160,2,D,CS,KZ,F
10:58:52,MYOR,RG,2160,5,D,PD,KZ,F
10:58:05,MYOR,RG,2160,2,D,CS,KZ,F
10:58:05,MYOR,RG,2160,1,D,CS,KZ,F
10:58:04,MYOR,RG,2160,6,D,CS,KZ,F
10:57:58,MYOR,RG,2160,1,D,CS,KZ,F
10:57:55,MYOR,RG,2160,4,D,CS,KZ,F
10:57:54,MYOR,RG,2160,6,D,CS,KZ,F
10:57:43,MYOR,RG,2160,4,D,CS,KZ,F
10:57:43,MYOR,RG,2160,4,D,CS,KZ,F
10:57:43,MYOR,RG,2160,1,D,CS,KZ,F
10:57:43,MYOR,RG,2160,1,D,CS,KZ,F
10:57:41,MYOR,RG,2160,1,D,CC,KZ,F
10:57:40,MYOR,RG,2160,37,D,CS,KZ,F
10:57:40,MYOR,RG,2160,59,D,CS,PD,F
10:57:40,MYOR,RG,2160,149,D,CS,PD,F
10:57:34,MYOR,RG,2160,13,D,CS,PD,F
10:57:34,MYOR,RG,2160,50,D,PD,PD,F
10:57:29,MYOR,RG,2160,2,D,YP,PD,F
10:57:24,MYOR,RG,2160,26,D,CS,PD,F
10:56:59,MYOR,RG,2160,17,D,CS,PD,F
10:56:41,MYOR,RG,2160,26,D,CS,PD,F
10:56:34,MYOR,RG,2160,4,D,PD,PD,F
10:56:23,MYOR,RG,2160,3,D,PD,PD,F
10:56:23,MYOR,RG,2160,2,D,CS,PD,F
10:56:23,MYOR,RG,2160,20,D,NI,PD,F
10:56:23,MYOR,RG,2160,1,D,EP,PD,F
10:56:23,MYOR,RG,2160,6,D,PD,PD,F
10:56:23,MYOR,RG,2160,14,D,CS,PD,F
10:56:23,MYOR,RG,2160,20,D,CC,PD,F
10:56:23,MYOR,RG,2160,18,D,YP,PD,F
10:56:23,MYOR,RG,2160,2,D,PD,PD,F
10:56:23,MYOR,RG,2160,1,D,CS,PD,F
10:56:23,MYOR,RG,2160,15,D,CS,PD,F
10:56:23,MYOR,RG,2160,1,D,PD,PD,F
10:56:23,MYOR,RG,2160,5,D,GR,PD,F
10:56:23,MYOR,RG,2160,2,D,YP,PD,F
10:56:23,MYOR,RG,2160,1,D,XL,PD,F
10:56:23,MYOR,RG,2160,1,D,XC,PD,F
10:56:23,MYOR,RG,2160,8,D,NI,PD,F
10:56:23,MYOR,RG,2160,1,D,XC,PD,F
10:56:23,MYOR,RG,2160,1,D,PD,PD,F
10:56:23,MYOR,RG,2160,4,D,YP,PD,F
10:56:23,MYOR,RG,2160,13,D,NI,PD,F
10:56:23,MYOR,RG,2160,1,D,YP,PD,F
10:56:23,MYOR,RG,2160,1,D,XC,PD,F
10:56:23,MYOR,RG,2160,10,D,HP,PD,F
10:56:23,MYOR,RG,2160,5,D,NI,PD,F
10:56:23,MYOR,RG,2160,10,D,PD,PD,F
10:56:23,MYOR,RG,2160,1,D,NI,PD,F
10:56:23,MYOR,RG,2160,2,D,KK,PD,F
10:56:23,MYOR,RG,2160,20,D,PD,PD,F
10:56:23,MYOR,RG,2160,1,D,XC,PD,F
10:56:23,MYOR,RG,2160,5,D,CC,PD,F
10:56:23,MYOR,RG,2160,200,D,NI,PD,F
10:56:23,MYOR,RG,2160,2,D,XC,PD,F
10:56:23,MYOR,RG,2160,1,D,XC,PD,F
10:56:23,MYOR,RG,2160,1,D,PD,PD,F
10:56:23,MYOR,RG,2160,10,D,PD,PD,F
10:56:23,MYOR,RG,2160,5,D,NI,PD,F
10:56:23,MYOR,RG,2160,1,D,KK,PD,F
10:56:23,MYOR,RG,2160,5,D,CC,PD,F
10:56:23,MYOR,RG,2160,1,D,KK,PD,F
10:56:23,MYOR,RG,2160,3,D,NI,PD,F
10:56:23,MYOR,RG,2160,1,D,GR,PD,F
10:56:23,MYOR,RG,2160,10,D,PD,PD,F
10:56:23,MYOR,RG,2160,1,D,KK,PD,F
10:56:23,MYOR,RG,2160,2,D,XC,PD,F
10:56:23,MYOR,RG,2160,5,D,XC,PD,F
10:56:23,MYOR,RG,2160,145,D,XL,PD,F
10:56:23,MYOR,RG,2160,6,D,XC,PD,F
10:56:23,MYOR,RG,2160,20,D,NI,PD,F
10:56:23,MYOR,RG,2160,5,D,PD,PD,F
10:56:23,MYOR,RG,2160,15,D,XC,PD,F
10:56:23,MYOR,RG,2160,5,D,PD,PD,F
10:56:23,MYOR,RG,2160,8,D,XC,PD,F
10:56:23,MYOR,RG,2160,2,D,YP,PD,F
10:56:23,MYOR,RG,2160,10,D,NI,PD,F
10:56:23,MYOR,RG,2160,45,D,YP,PD,F
10:56:23,MYOR,RG,2160,20,D,ZP,PD,F
10:56:23,MYOR,RG,2160,5,D,PD,PD,F
10:56:23,MYOR,RG,2160,5,D,KK,PD,F
10:56:23,MYOR,RG,2160,2,D,NI,PD,F
10:56:23,MYOR,RG,2160,1,D,YP,PD,F
10:56:23,MYOR,RG,2160,1,D,PD,PD,F
10:56:23,MYOR,RG,2160,10,D,KK,PD,F
10:56:23,MYOR,RG,2160,3,D,OD,PD,F
10:56:23,MYOR,RG,2160,2,D,OD,PD,F
10:56:23,MYOR,RG,2160,1,D,YP,PD,F
10:56:23,MYOR,RG,2160,1,D,XC,PD,F
10:56:23,MYOR,RG,2160,2,D,XC,PD,F
10:56:23,MYOR,RG,2160,5,D,XC,PD,F
10:56:23,MYOR,RG,2160,2,D,CC,PD,F
10:56:23,MYOR,RG,2160,100,D,YP,PD,F
10:56:23,MYOR,RG,2160,1,D,XC,PD,F
10:56:23,MYOR,RG,2160,3,D,NI,PD,F
10:56:23,MYOR,RG,2160,2,D,XC,PD,F
10:56:23,MYOR,RG,2160,5,D,PD,PD,F
10:56:23,MYOR,RG,2160,1,D,XL,PD,F
10:56:23,MYOR,RG,2160,3,D,PD,PD,F
10:56:23,MYOR,RG,2160,1,D,PD,PD,F
10:56:23,MYOR,RG,2160,425,D,CC,PD,F
10:56:23,MYOR,RG,2160,10,D,PD,PD,F
10:56:23,MYOR,RG,2160,2,D,XC,PD,F
10:56:23,MYOR,RG,2160,1,D,PC,PD,F
10:56:23,MYOR,RG,2160,2,D,XC,PD,F
10:56:23,MYOR,RG,2160,2,D,AT,PD,F
10:56:23,MYOR,RG,2160,30,D,PD,PD,F
10:56:23,MYOR,RG,2160,5,D,YP,PD,F
10:56:23,MYOR,RG,2160,1,D,XC,PD,F
10:56:23,MYOR,RG,2160,2,D,EP,PD,F
10:56:23,MYOR,RG,2160,1,D,DR,PD,F
10:56:23,MYOR,RG,2160,10,D,XC,PD,F
10:56:23,MYOR,RG,2160,10,D,PD,PD,F
10:56:23,MYOR,RG,2160,5,D,PD,PD,F
10:56:23,MYOR,RG,2160,5,D,YP,PD,F
10:56:23,MYOR,RG,2160,1,D,YP,PD,F
10:56:23,MYOR,RG,2160,10,D,PD,PD,F
10:56:23,MYOR,RG,2160,50,D,CC,PD,F
10:56:23,MYOR,RG,2160,2,D,XC,PD,F
10:56:23,MYOR,RG,2160,300,D,PD,PD,F
10:56:23,MYOR,RG,2160,2,D,PD,PD,F
10:56:23,MYOR,RG,2160,5,D,YP,PD,F
10:56:23,MYOR,RG,2160,10,D,YP,PD,F
10:56:23,MYOR,RG,2160,2,D,PD,PD,F
10:56:23,MYOR,RG,2160,14,D,PD,PD,F
10:56:23,MYOR,RG,2160,2,D,YP,PD,F
10:56:23,MYOR,RG,2160,4,D,NI,PD,F
10:56:23,MYOR,RG,2160,1,D,KK,PD,F
10:56:23,MYOR,RG,2160,100,D,AT,PD,F
10:56:23,MYOR,RG,2160,5,D,XC,PD,F
10:56:23,MYOR,RG,2160,1,D,DH,PD,F
10:56:23,MYOR,RG,2160,400,D,CC,PD,F
10:56:23,MYOR,RG,2160,4,D,NI,PD,F
10:56:23,MYOR,RG,2160,1,D,NI,PD,F
10:56:23,MYOR,RG,2160,3,D,PD,PD,F
10:56:23,MYOR,RG,2160,1,D,PD,PD,F
10:56:23,MYOR,RG,2160,2,D,PD,PD,F
10:56:23,MYOR,RG,2160,10,D,HP,PD,F
10:56:23,MYOR,RG,2160,8,D,XC,PD,F
10:56:23,MYOR,RG,2160,2,D,EP,PD,F
10:56:23,MYOR,RG,2160,10,D,YP,PD,F
10:56:23,MYOR,RG,2160,5,D,YP,PD,F
10:56:23,MYOR,RG,2160,50,D,YP,PD,F
10:56:23,MYOR,RG,2160,1,D,YP,PD,F
10:56:23,MYOR,RG,2160,5,D,YP,PD,F
10:56:23,MYOR,RG,2160,2,D,XC,PD,F
10:56:23,MYOR,RG,2160,2,D,XC,PD,F
10:56:23,MYOR,RG,2160,50,D,MG,PD,F
10:56:23,MYOR,RG,2160,1,D,PD,PD,F
10:56:23,MYOR,RG,2160,2,D,XC,PD,F
10:56:23,MYOR,RG,2160,3,D,XC,PD,F
10:56:23,MYOR,RG,2160,23,D,KK,PD,F
10:56:23,MYOR,RG,2160,50,D,GR,PD,F
10:56:23,MYOR,RG,2160,1,D,NI,PD,F
10:56:23,MYOR,RG,2160,8,D,PD,PD,F
10:56:23,MYOR,RG,2160,4,D,SQ,PD,F
10:56:23,MYOR,RG,2160,5,D,LG,PD,F
10:56:23,MYOR,RG,2160,1,D,PD,PD,F
10:56:23,MYOR,RG,2160,1,D,SQ,PD,F
10:56:23,MYOR,RG,2160,20,D,YP,PD,F
10:56:23,MYOR,RG,2160,1,D,CC,PD,F
10:56:23,MYOR,RG,2160,2,D,XL,PD,F
10:56:23,MYOR,RG,2160,2,D,DH,PD,F
10:56:23,MYOR,RG,2160,5,D,CC,PD,F
10:56:23,MYOR,RG,2160,2,D,SQ,PD,F
10:56:23,MYOR,RG,2160,3,D,XC,PD,F
10:56:23,MYOR,RG,2160,1,D,XC,PD,F
10:56:23,MYOR,RG,2160,2,D,XC,PD,F
10:56:23,MYOR,RG,2160,5,D,YP,PD,F
10:56:23,MYOR,RG,2160,55,D,PD,PD,F
10:56:23,MYOR,RG,2160,1,D,PD,PD,F
10:56:18,MYOR,RG,2160,5,D,NI,YP,D
10:56:18,MYOR,RG,2160,1,D,NI,YP,D
10:56:18,MYOR,RG,2160,3,D,XC,YP,D
10:56:18,MYOR,RG,2160,2,D,YP,YP,D
10:56:18,MYOR,RG,2160,2,D,NI,YP,D
10:56:18,MYOR,RG,2160,1,D,XC,YP,D
10:56:18,MYOR,RG,2160,1,D,PD,YP,D
10:55:26,MYOR,RG,2160,1,D,PD,YP,D
10:55:26,MYOR,RG,2160,2,D,PD,YP,D
10:55:26,MYOR,RG,2160,7,D,NI,YP,D
10:55:15,MYOR,RG,2160,2,D,NI,PD,D
10:54:12,MYOR,RG,2170,70,D,XC,BK,D
10:54:04,MYOR,RG,2170,6,D,NI,BK,D
10:54:04,MYOR,RG,2170,14,D,NI,KZ,F
10:53:53,MYOR,RG,2170,1,D,XC,KZ,F
10:52:22,MYOR,RG,2170,1,D,CS,KZ,F
10:52:22,MYOR,RG,2170,3,D,CS,KZ,F
10:52:09,MYOR,RG,2170,3,D,YP,KZ,F
10:52:09,MYOR,RG,2170,7,D,YP,KZ,F
10:52:08,MYOR,RG,2170,2,D,CS,KZ,F
10:52:01,MYOR,RG,2170,3,D,CS,KZ,F
10:51:43,MYOR,RG,2170,1,D,CS,KZ,F
10:51:42,MYOR,RG,2170,2,D,CS,KZ,F
10:51:25,MYOR,RG,2170,2,D,CS,KZ,F
10:51:25,MYOR,RG,2170,2,D,CS,KZ,F
10:51:24,MYOR,RG,2170,2,D,PD,KZ,F
10:51:21,MYOR,RG,2170,2,D,CC,KZ,F
10:51:12,MYOR,RG,2170,7,D,CC,KZ,F
10:51:12,MYOR,RG,2170,12,D,CC,LG,D
10:51:12,MYOR,RG,2170,26,D,CC,KZ,F
10:51:12,MYOR,RG,2170,55,D,CC,KZ,F
10:51:09,MYOR,RG,2170,1,D,PD,KZ,F
10:50:59,MYOR,RG,2170,35,D,YP,KZ,F
10:50:53,MYOR,RG,2170,2,D,XC,KZ,F
10:49:59,MYOR,RG,2170,12,D,CC,KZ,F
10:49:59,MYOR,RG,2170,6,D,CC,KZ,F
10:49:59,MYOR,RG,2170,18,D,CC,YP,D
10:49:59,MYOR,RG,2170,20,D,CC,KZ,F
10:49:59,MYOR,RG,2170,1,D,CC,KZ,F
10:49:59,MYOR,RG,2170,143,D,CC,KZ,F
10:49:58,MYOR,RG,2160,1,D,SQ,CC,D
10:49:27,MYOR,RG,2170,1,D,PD,KZ,F
10:49:07,MYOR,RG,2170,9,D,NI,KZ,F
10:49:07,MYOR,RG,2170,15,D,NI,KZ,F
10:48:23,MYOR,RG,2170,5,D,YP,KZ,F
10:47:35,MYOR,RG,2170,1,D,PD,KZ,F
10:46:39,MYOR,RG,2170,1,D,KK,KZ,F
10:45:45,MYOR,RG,2170,3,D,XL,KZ,F
10:45:45,MYOR,RG,2170,97,D,XL,KZ,F
10:45:36,MYOR,RG,2170,1,D,YP,KZ,F
10:44:40,MYOR,RG,2160,2,D,PD,PD,D
10:44:40,MYOR,RG,2160,10,D,KK,PD,D
10:44:40,MYOR,RG,2160,4,D,SQ,PD,D
10:44:40,MYOR,RG,2160,1,D,NI,PD,D
10:44:40,MYOR,RG,2160,1,D,PD,PD,D
10:44:40,MYOR,RG,2160,1,D,XC,PD,D
10:44:40,MYOR,RG,2160,1,D,YP,PD,D
10:44:40,MYOR,RG,2160,2,D,AZ,PD,D
10:44:40,MYOR,RG,2160,1,D,XC,PD,D
10:42:03,MYOR,RG,2170,1,D,PD,KZ,F
10:40:58,MYOR,RG,2170,30,D,XC,KZ,F
10:40:24,MYOR,RG,2170,2,D,CC,KZ,F
10:38:34,MYOR,RG,2160,4,D,XC,YP,D
10:38:34,MYOR,RG,2160,2,D,PD,YP,D
10:38:21,MYOR,RG,2170,23,D,PD,KZ,F
10:37:25,MYOR,RG,2170,5,D,PD,KZ,F
10:36:59,MYOR,RG,2170,1,D,PD,KZ,F
10:36:17,MYOR,RG,2170,2,D,DR,KZ,F
10:36:15,MYOR,RG,2170,10,D,PD,KZ,F
10:35:54,MYOR,RG,2170,62,D,CC,KZ,F
10:35:34,MYOR,RG,2170,23,D,CC,KZ,F
10:35:33,MYOR,RG,2170,4,D,CC,KZ,F
10:35:33,MYOR,RG,2170,12,D,CC,LG,D
10:35:33,MYOR,RG,2170,3,D,CC,KZ,F
10:35:33,MYOR,RG,2170,91,D,CC,KZ,F
10:35:33,MYOR,RG,2170,14,D,CC,KZ,F
10:35:33,MYOR,RG,2170,6,D,CC,KZ,F
10:35:33,MYOR,RG,2170,11,D,CC,PD,D
10:35:33,MYOR,RG,2170,29,D,CC,KZ,F
10:35:33,MYOR,RG,2170,1,D,CC,KZ,F
10:35:33,MYOR,RG,2170,45,D,CC,KZ,F
10:35:30,MYOR,RG,2170,2,D,EP,KZ,F
10:35:27,MYOR,RG,2170,1,D,NI,KZ,F
10:33:14,MYOR,RG,2170,1,D,PD,KZ,F
10:31:41,MYOR,RG,2170,5,D,XC,KZ,F
10:30:03,MYOR,RG,2170,2,D,PD,KZ,F
10:29:22,MYOR,RG,2170,79,D,YB,KZ,F
10:29:22,MYOR,RG,2170,12,D,YB,LG,D
10:29:22,MYOR,RG,2170,25,D,YB,KZ,F
10:29:22,MYOR,RG,2170,57,D,YB,KZ,F
10:29:22,MYOR,RG,2170,27,D,YB,KK,D
10:29:20,MYOR,RG,2170,1,D,YP,KK,D
10:28:07,MYOR,RG,2170,2,D,NI,KK,D
10:27:51,MYOR,RG,2170,5,D,DX,KK,D
10:27:32,MYOR,RG,2170,65,D,DX,KK,D
10:27:32,MYOR,RG,2170,10,D,DX,PD,D
10:27:32,MYOR,RG,2170,1,D,DX,XC,D
10:27:32,MYOR,RG,2170,2,D,DX,XC,D
10:27:32,MYOR,RG,2170,22,D,DX,GR,D
10:27:16,MYOR,RG,2170,1,D,PC,GR,D
10:26:31,MYOR,RG,2170,1,D,XC,GR,D
10:25:55,MYOR,RG,2170,76,D,SQ,GR,D
10:25:55,MYOR,RG,2170,31,D,SQ,YP,D
10:25:55,MYOR,RG,2170,15,D,SQ,DH,D
10:25:55,MYOR,RG,2170,9,D,SQ,OD,D
10:25:55,MYOR,RG,2170,28,D,SQ,KZ,F
10:25:55,MYOR,RG,2170,71,D,SQ,KZ,F
10:25:55,MYOR,RG,2170,79,D,SQ,KZ,F
10:25:55,MYOR,RG,2170,150,D,SQ,KZ,F
10:25:55,MYOR,RG,2170,8,D,SQ,KZ,F
10:25:55,MYOR,RG,2170,33,D,SQ,KZ,F
10:25:44,MYOR,RG,2170,4,D,EP,KZ,F
10:25:29,MYOR,RG,2170,1,D,KK,KZ,F
10:25:19,MYOR,RG,2170,2,D,XC,KZ,F
10:24:42,MYOR,RG,2170,3,D,XL,KZ,F
10:24:42,MYOR,RG,2170,2,D,XL,KZ,F
10:24:11,MYOR,RG,2160,18,D,PD,KZ,F
10:24:11,MYOR,RG,2160,2,D,PD,KZ,F
10:24:11,MYOR,RG,2160,5,D,EP,KZ,F
10:24:11,MYOR,RG,2160,5,D,PD,KZ,F
10:24:11,MYOR,RG,2160,83,D,PD,KZ,F
10:24:07,MYOR,RG,2170,5,D,EP,KZ,F
10:23:10,MYOR,RG,2170,3,D,OD,KZ,F
10:21:30,MYOR,RG,2170,1,D,XC,KZ,F
10:21:05,MYOR,RG,2170,4,D,XC,KZ,F
10:18:58,MYOR,RG,2170,3,D,ZP,KZ,F
10:18:58,MYOR,RG,2170,47,D,ZP,KZ,F
10:18:24,MYOR,RG,2170,1,D,XC,KZ,F
10:17:34,MYOR,RG,2170,10,D,YP,KZ,F
10:16:43,MYOR,RG,2170,10,D,KK,KZ,F
10:15:15,MYOR,RG,2170,5,D,XC,KZ,F
10:13:17,MYOR,RG,2170,1,D,PD,KZ,F
10:12:21,MYOR,RG,2160,102,D,PD,KZ,F
10:11:32,MYOR,RG,2170,3,D,YP,KZ,F
10:09:35,MYOR,RG,2170,5,D,KK,KZ,F
10:09:04,MYOR,RG,2170,10,D,YP,KZ,F
10:08:44,MYOR,RG,2170,1,D,YP,KZ,F
10:07:45,MYOR,RG,2170,12,D,YP,KZ,F
10:07:44,MYOR,RG,2170,100,D,EP,KZ,F
10:07:39,MYOR,RG,2160,5,D,PD,PD,D
10:06:19,MYOR,RG,2170,1,D,EP,KZ,F
10:06:06,MYOR,RG,2160,2,D,PD,PD,D
10:04:04,MYOR,RG,2160,14,D,PD,XL,D
10:03:27,MYOR,RG,2160,100,D,PD,PD,D
10:03:27,MYOR,RG,2170,15,D,PD,KZ,F
10:02:51,MYOR,RG,2170,9,D,SQ,KZ,F
10:02:36,MYOR,RG,2170,31,D,PD,KZ,F
10:02:36,MYOR,RG,2170,19,D,PD,KZ,F
10:02:35,MYOR,RG,2170,8,D,XC,KZ,F
10:01:48,MYOR,RG,2170,1,D,YP,KZ,F
10:01:33,MYOR,RG,2170,1,D,YP,KZ,F
10:01:18,MYOR,RG,2170,10,D,CC,KZ,F
10:01:12,MYOR,RG,2160,194,D,PD,DR,D
10:01:12,MYOR,RG,2160,1,D,YP,DR,D
10:01:12,MYOR,RG,2160,2,D,KK,DR,D
10:01:12,MYOR,RG,2160,1,D,YB,DR,D
10:01:12,MYOR,RG,2160,102,D,PD,DR,D
10:00:54,MYOR,RG,2170,10,D,YP,KZ,F
10:00:25,MYOR,RG,2170,9,D,XC,KZ,F
9:59:56,MYOR,RG,2160,121,D,PD,KZ,F
9:59:51,MYOR,RG,2160,10,D,PD,SQ,D
9:59:51,MYOR,RG,2160,3,D,PD,SQ,D
9:59:51,MYOR,RG,2160,25,D,CC,SQ,D
9:59:51,MYOR,RG,2160,47,D,CC,SQ,D
9:59:51,MYOR,RG,2160,1,D,XC,SQ,D
9:59:51,MYOR,RG,2160,1,D,KK,SQ,D
9:59:51,MYOR,RG,2160,1,D,YP,SQ,D
9:59:51,MYOR,RG,2160,1,D,YP,SQ,D
9:59:51,MYOR,RG,2160,1,D,XC,SQ,D
9:59:51,MYOR,RG,2160,1,D,XC,SQ,D
9:59:51,MYOR,RG,2160,10,D,CC,SQ,D
9:59:51,MYOR,RG,2160,50,D,PD,SQ,D
9:59:51,MYOR,RG,2160,1,D,XC,SQ,D
9:59:51,MYOR,RG,2160,35,D,KK,SQ,D
9:59:51,MYOR,RG,2160,5,D,NI,SQ,D
9:59:51,MYOR,RG,2160,1,D,ZP,SQ,D
9:59:51,MYOR,RG,2160,1,D,NI,SQ,D
9:59:51,MYOR,RG,2160,2,D,NI,SQ,D
9:59:51,MYOR,RG,2160,2,F,OD,SQ,D
9:59:51,MYOR,RG,2160,1,D,YP,SQ,D
9:59:51,MYOR,RG,2160,25,D,EP,SQ,D
9:59:51,MYOR,RG,2160,5,D,XC,SQ,D
9:59:51,MYOR,RG,2160,2,D,PD,SQ,D
9:59:51,MYOR,RG,2160,100,D,YP,SQ,D
9:59:51,MYOR,RG,2160,1,D,PD,SQ,D
9:59:51,MYOR,RG,2160,5,D,XC,SQ,D
9:59:51,MYOR,RG,2160,30,D,LG,SQ,D
9:59:51,MYOR,RG,2160,33,D,YP,SQ,D
9:57:57,MYOR,RG,2170,20,D,XC,KZ,F
9:57:56,MYOR,RG,2170,2,D,XC,KZ,F
9:56:01,MYOR,RG,2170,8,D,XC,KZ,F
9:56:01,MYOR,RG,2170,30,D,XC,PD,F
9:56:00,MYOR,RG,2170,10,D,PD,PD,F
9:54:44,MYOR,RG,2170,20,D,LG,PD,F
9:53:24,MYOR,RG,2170,7,D,EP,PD,F
9:52:10,MYOR,RG,2160,17,D,YP,KZ,F
9:52:10,MYOR,RG,2160,10,D,PD,KZ,F
9:52:10,MYOR,RG,2160,10,D,XC,KZ,F
9:52:10,MYOR,RG,2160,1,D,KK,KZ,F
9:52:10,MYOR,RG,2160,1,D,XC,KZ,F
9:52:10,MYOR,RG,2160,2,D,NI,KZ,F
9:52:10,MYOR,RG,2160,2,D,CC,KZ,F
9:52:10,MYOR,RG,2160,10,D,CC,KZ,F
9:52:10,MYOR,RG,2160,10,D,YP,KZ,F
9:52:10,MYOR,RG,2160,20,D,PD,KZ,F
9:52:10,MYOR,RG,2160,1,D,XC,KZ,F
9:52:10,MYOR,RG,2160,50,D,SQ,KZ,F
9:52:10,MYOR,RG,2160,1,D,PD,KZ,F
9:52:10,MYOR,RG,2160,10,D,XC,KZ,F
9:52:10,MYOR,RG,2160,1,D,PD,KZ,F
9:52:10,MYOR,RG,2160,5,D,PD,KZ,F
9:52:10,MYOR,RG,2160,10,D,PD,KZ,F
9:52:10,MYOR,RG,2160,2,D,PD,KZ,F
9:52:10,MYOR,RG,2160,1,D,DH,KZ,F
9:52:10,MYOR,RG,2160,1,D,KK,KZ,F
9:52:10,MYOR,RG,2160,2,D,PD,KZ,F
9:52:10,MYOR,RG,2160,1,D,PD,KZ,F
9:52:10,MYOR,RG,2160,1,D,XC,KZ,F
9:52:10,MYOR,RG,2160,3,D,PD,KZ,F
9:52:10,MYOR,RG,2160,20,D,OD,KZ,F
9:52:10,MYOR,RG,2160,1,D,XC,KZ,F
9:52:10,MYOR,RG,2160,5,D,LG,KZ,F
9:52:10,MYOR,RG,2160,5,D,XL,KZ,F
9:52:10,MYOR,RG,2160,2,D,KK,KZ,F
9:52:10,MYOR,RG,2170,6,D,XC,PD,F
9:52:10,MYOR,RG,2170,47,D,XC,PD,F
9:52:10,MYOR,RG,2170,3,D,EP,PD,F
9:52:10,MYOR,RG,2170,10,D,YP,PD,F
9:52:10,MYOR,RG,2170,10,D,XC,PD,F
9:52:10,MYOR,RG,2170,2,D,YP,PD,F
9:52:10,MYOR,RG,2170,10,D,YP,PD,F
9:52:10,MYOR,RG,2170,200,D,YU,PD,F
9:52:10,MYOR,RG,2170,50,D,CC,PD,F
9:52:10,MYOR,RG,2170,10,D,PD,PD,F
9:52:10,MYOR,RG,2170,7,D,PD,PD,F
9:52:10,MYOR,RG,2170,10,D,EP,PD,F
9:52:10,MYOR,RG,2170,20,D,NI,PD,F
9:52:10,MYOR,RG,2170,5,D,XC,PD,F
9:52:10,MYOR,RG,2170,1,D,CC,PD,F
9:52:10,MYOR,RG,2170,10,D,PD,PD,F
9:52:10,MYOR,RG,2170,1,D,TF,PD,F
9:52:10,MYOR,RG,2170,100,D,YB,PD,F
9:52:10,MYOR,RG,2170,1,D,PD,PD,F
9:52:10,MYOR,RG,2170,5,D,XC,PD,F
9:52:10,MYOR,RG,2170,18,D,PD,PD,F
9:52:10,MYOR,RG,2170,10,D,PD,PD,F
9:52:10,MYOR,RG,2170,50,D,PD,PD,F
9:52:10,MYOR,RG,2170,10,D,CC,PD,F
9:52:10,MYOR,RG,2170,50,D,PD,PD,F
9:52:10,MYOR,RG,2170,10,D,PD,PD,F
9:52:10,MYOR,RG,2170,100,D,YP,PD,F
9:52:10,MYOR,RG,2170,3,D,SS,PD,F
9:52:10,MYOR,RG,2170,174,D,CC,PD,F
9:51:46,MYOR,RG,2170,1,D,CC,KZ,F
9:51:44,MYOR,RG,2170,5,D,CC,PD,D
9:49:50,MYOR,RG,2180,2,D,PD,KZ,F
9:48:39,MYOR,RG,2180,5,D,PD,KZ,F
9:48:24,MYOR,RG,2180,1,D,XC,KZ,F
9:47:38,MYOR,RG,2170,1,D,CC,KZ,F
9:47:36,MYOR,RG,2180,1,D,XC,KZ,F
9:47:03,MYOR,RG,2170,3,D,CC,XC,D
9:46:45,MYOR,RG,2170,1,D,CC,KZ,F
9:46:44,MYOR,RG,2170,8,D,CC,SQ,D
9:46:22,MYOR,RG,2180,5,D,XC,KZ,F
9:42:45,MYOR,RG,2170,1,D,CC,KZ,F
9:42:44,MYOR,RG,2170,1,D,CC,KZ,F
9:42:44,MYOR,RG,2180,10,D,KK,KZ,F
9:42:42,MYOR,RG,2180,1,D,XC,KZ,F
9:40:53,MYOR,RG,2170,1,D,CC,KZ,F
9:40:51,MYOR,RG,2180,10,D,EP,KZ,F
9:40:09,MYOR,RG,2180,4,D,NI,KZ,F
9:37:41,MYOR,RG,2170,2,D,CC,SQ,D
9:35:30,MYOR,RG,2170,4,D,CC,KZ,F
9:35:29,MYOR,RG,2170,17,D,CC,YP,D
9:35:29,MYOR,RG,2170,1,D,CC,KZ,F
9:35:29,MYOR,RG,2170,1,D,CC,ZP,D
9:35:29,MYOR,RG,2170,17,D,CC,KZ,F
9:35:29,MYOR,RG,2170,1,D,CC,KZ,F
9:35:29,MYOR,RG,2170,2,D,CC,KZ,F
9:35:29,MYOR,RG,2170,8,D,CC,KZ,F
9:35:29,MYOR,RG,2170,1,D,CC,KZ,F
9:35:02,MYOR,RG,2170,10,D,CC,KZ,F
9:33:58,MYOR,RG,2170,68,D,XC,KZ,F
9:33:55,MYOR,RG,2170,2,D,DR,KZ,F
9:33:55,MYOR,RG,2170,9,D,DR,KZ,F
9:33:33,MYOR,RG,2170,65,D,PD,KZ,F
9:33:32,MYOR,RG,2170,30,D,PD,KZ,F
9:33:31,MYOR,RG,2170,5,D,PD,KZ,F
9:33:31,MYOR,RG,2170,1,D,XC,KZ,F
9:33:31,MYOR,RG,2170,5,D,LG,KZ,F
9:33:31,MYOR,RG,2170,26,D,CC,KZ,F
9:33:31,MYOR,RG,2170,1,D,PD,KZ,F
9:33:31,MYOR,RG,2170,10,D,PD,KZ,F
9:33:31,MYOR,RG,2170,2,D,XL,KZ,F
9:33:31,MYOR,RG,2170,50,D,SQ,KZ,F
9:33:31,MYOR,RG,2170,2,D,SQ,KZ,F
9:33:31,MYOR,RG,2170,1,D,XC,KZ,F
9:33:31,MYOR,RG,2170,75,D,CD,KZ,F
9:33:31,MYOR,RG,2170,1,D,DH,KZ,F
9:33:31,MYOR,RG,2170,10,D,PD,KZ,F
9:33:31,MYOR,RG,2170,10,D,PD,KZ,F
9:33:31,MYOR,RG,2170,20,D,EP,KZ,F
9:33:31,MYOR,RG,2170,10,D,PD,KZ,F
9:33:31,MYOR,RG,2170,2,D,XL,KZ,F
9:33:31,MYOR,RG,2170,25,D,PD,KZ,F
9:33:31,MYOR,RG,2170,1,D,NI,KZ,F
9:33:31,MYOR,RG,2170,1,D,BQ,KZ,F
9:33:31,MYOR,RG,2170,3,D,XC,KZ,F
9:33:31,MYOR,RG,2170,3,D,PD,KZ,F
9:33:30,MYOR,RG,2180,4,D,XC,KZ,F
9:33:29,MYOR,RG,2170,2,D,PD,KZ,F
9:33:29,MYOR,RG,2170,1,D,PD,KZ,F
9:33:28,MYOR,RG,2170,1,D,PD,KZ,F
9:33:28,MYOR,RG,2170,10,D,KK,KZ,F
9:33:28,MYOR,RG,2170,8,D,XL,KZ,F
9:33:27,MYOR,RG,2170,15,D,HP,KZ,F
9:33:27,MYOR,RG,2170,2,D,DH,KZ,F
9:33:27,MYOR,RG,2170,1,D,AT,KZ,F
9:33:27,MYOR,RG,2170,16,D,XA,KZ,F
9:33:27,MYOR,RG,2170,2,D,XA,CC,D
9:33:27,MYOR,RG,2170,4,D,YP,CC,D
9:33:27,MYOR,RG,2170,19,D,NI,CC,D
9:33:27,MYOR,RG,2170,2,F,OD,CC,D
9:33:27,MYOR,RG,2170,10,D,DR,CC,D
9:33:27,MYOR,RG,2170,3,D,SQ,CC,D
9:33:27,MYOR,RG,2170,1,D,PD,CC,D
9:33:27,MYOR,RG,2170,100,D,CC,CC,D
9:33:27,MYOR,RG,2170,2,D,XL,CC,D
9:33:27,MYOR,RG,2170,2,D,NI,CC,D
9:33:27,MYOR,RG,2170,24,D,GR,CC,D
9:32:21,MYOR,RG,2170,1,D,GR,KZ,F
9:32:19,MYOR,RG,2170,5,D,GR,YP,D
9:32:16,MYOR,RG,2180,2,D,XC,KZ,F
9:31:40,MYOR,RG,2170,13,D,GR,KZ,F
9:31:38,MYOR,RG,2180,18,D,YP,KZ,F
9:31:38,MYOR,RG,2180,5,D,YP,CC,D
9:31:38,MYOR,RG,2180,3,D,YP,KZ,F
9:31:38,MYOR,RG,2180,1,D,YP,YP,D
9:31:38,MYOR,RG,2180,1,D,YP,PD,D
9:31:38,MYOR,RG,2180,3,D,YP,XC,D
9:31:38,MYOR,RG,2180,50,D,YP,XC,D
9:31:38,MYOR,RG,2180,33,D,YP,YU,F
9:31:09,MYOR,RG,2180,1,D,XL,YU,F
9:30:18,MYOR,RG,2170,3,D,GR,KZ,F
9:30:14,MYOR,RG,2170,29,D,GR,YP,D
9:30:14,MYOR,RG,2170,1,D,NI,YP,D
9:30:14,MYOR,RG,2170,1,D,NI,YP,D
9:30:14,MYOR,RG,2170,2,D,NI,YP,D
9:29:37,MYOR,RG,2170,1,D,NI,KZ,F
9:29:35,MYOR,RG,2180,3,D,CP,YU,F
9:28:03,MYOR,RG,2170,1,D,NI,KZ,F
9:28:01,MYOR,RG,2170,2,D,NI,KZ,F
9:28:01,MYOR,RG,2170,5,D,CC,KZ,F
9:28:01,MYOR,RG,2170,5,D,XL,KZ,F
9:28:01,MYOR,RG,2170,1,D,PD,KZ,F
9:28:01,MYOR,RG,2170,1,D,PD,KZ,F
9:27:42,MYOR,RG,2170,1,D,PD,XC,D
9:27:39,MYOR,RG,2170,1,D,PD,KZ,F
9:27:37,MYOR,RG,2170,1,D,PD,KZ,F
9:27:37,MYOR,RG,2170,5,D,PD,KZ,F
9:27:37,MYOR,RG,2170,2,D,PD,KZ,F
9:27:36,MYOR,RG,2170,5,D,PD,KZ,F
9:27:36,MYOR,RG,2170,6,D,NI,KZ,F
9:27:35,MYOR,RG,2180,100,D,YP,YU,F
9:27:16,MYOR,RG,2170,1,D,NI,KZ,F
9:27:15,MYOR,RG,2170,3,D,NI,PD,D
9:26:08,MYOR,RG,2170,3,D,NI,PD,D
9:25:30,MYOR,RG,2170,1,D,NI,XC,D
9:24:44,MYOR,RG,2170,1,D,NI,KZ,F
9:24:44,MYOR,RG,2170,2,D,XC,KZ,F
9:24:43,MYOR,RG,2180,25,D,PD,YU,F
9:24:24,MYOR,RG,2170,3,D,XC,KZ,F
9:24:22,MYOR,RG,2180,25,D,PD,YU,F
9:24:17,MYOR,RG,2180,1,D,AT,YU,F
9:23:59,MYOR,RG,2180,5,D,XC,YU,F
9:23:56,MYOR,RG,2170,1,D,YP,KZ,F
9:23:55,MYOR,RG,2170,3,D,XL,KZ,F
9:23:55,MYOR,RG,2170,1,D,XL,KZ,F
9:23:55,MYOR,RG,2170,3,D,PD,KZ,F
9:23:54,MYOR,RG,2170,4,D,PD,KZ,F
9:23:53,MYOR,RG,2180,30,D,CC,YU,F
9:23:38,MYOR,RG,2180,5,D,CC,YU,F
9:23:15,MYOR,RG,2180,3,D,XC,YU,F
9:22:56,MYOR,RG,2170,1,D,PD,KZ,F
9:22:55,MYOR,RG,2180,1,D,XC,YU,F
9:22:31,MYOR,RG,2180,5,D,PD,YU,F
9:22:05,MYOR,RG,2170,1,D,PD,YP,D
9:20:57,MYOR,RG,2170,2,D,PD,XC,D
9:18:16,MYOR,RG,2170,1,D,PD,KZ,F
9:18:15,MYOR,RG,2170,3,D,PD,PD,D
9:17:55,MYOR,RG,2180,1,D,XC,YU,F
9:17:17,MYOR,RG,2170,2,D,PD,KZ,F
9:17:15,MYOR,RG,2180,15,D,NI,YU,F
9:16:07,MYOR,RG,2170,1,D,PD,YP,D
9:15:49,MYOR,RG,2170,1,D,PD,KZ,F
9:15:49,MYOR,RG,2170,1,D,PD,KZ,F
9:15:48,MYOR,RG,2180,5,D,KK,YU,F
9:15:20,MYOR,RG,2170,4,D,PD,KZ,F
9:15:19,MYOR,RG,2170,32,D,PD,XC,D
9:15:11,MYOR,RG,2170,1,D,PD,KZ,F
9:14:53,MYOR,RG,2180,1,D,PD,YU,F
9:14:17,MYOR,RG,2170,1,D,PD,KZ,F
9:14:16,MYOR,RG,2170,3,D,PD,KZ,F
9:13:51,MYOR,RG,2180,5,D,PD,YU,F
9:13:39,MYOR,RG,2180,1,D,XC,YU,F
9:13:22,MYOR,RG,2170,1,D,PD,KZ,F
9:13:21,MYOR,RG,2170,11,D,PD,KZ,F
9:13:06,MYOR,RG,2170,1,D,PD,KZ,F
9:13:04,MYOR,RG,2180,2,D,PD,YU,F
9:12:28,MYOR,RG,2170,1,D,PD,KZ,F
9:12:27,MYOR,RG,2170,6,D,PD,KZ,F
9:12:27,MYOR,RG,2170,13,D,PD,KZ,F
9:12:26,MYOR,RG,2170,54,D,PD,KZ,F
9:11:58,MYOR,RG,2170,1,D,PD,KK,D
9:11:33,MYOR,RG,2170,2,D,PD,KZ,F
9:11:32,MYOR,RG,2170,7,D,PD,KZ,F
9:11:32,MYOR,RG,2170,7,D,PD,KZ,F
9:11:32,MYOR,RG,2170,20,D,PD,EP,D
9:11:32,MYOR,RG,2170,3,D,PD,XC,D
9:11:32,MYOR,RG,2170,3,D,PD,KZ,F
9:11:32,MYOR,RG,2170,25,D,PD,YP,D
9:11:32,MYOR,RG,2170,1,D,PD,KZ,F
9:11:32,MYOR,RG,2170,1,D,PD,KZ,F
9:11:32,MYOR,RG,2170,10,D,PD,PD,D
9:11:32,MYOR,RG,2170,2,D,PD,KZ,F
9:11:12,MYOR,RG,2170,6,D,NI,KZ,F
9:11:12,MYOR,RG,2170,4,D,NI,KZ,F
9:11:12,MYOR,RG,2170,5,D,NI,KZ,F
9:10:43,MYOR,RG,2170,2,D,PD,KZ,F
9:09:39,MYOR,RG,2170,5,D,XC,KZ,F
9:09:08,MYOR,RG,2170,1,D,XC,KZ,F
9:08:16,MYOR,RG,2170,5,D,OD,KZ,F
9:07:48,MYOR,RG,2170,1,D,XC,KZ,F
9:07:32,MYOR,RG,2160,1,D,KK,DR,D
9:07:30,MYOR,RG,2160,1,D,KK,PD,D
9:07:30,MYOR,RG,2160,2,D,PD,PD,D
9:06:56,MYOR,RG,2160,2,D,PD,KZ,F
9:06:56,MYOR,RG,2160,1,D,XL,KZ,F
9:06:56,MYOR,RG,2160,2,D,CC,KZ,F
9:06:56,MYOR,RG,2160,2,D,XC,KZ,F
9:06:56,MYOR,RG,2160,1,D,XC,KZ,F
9:06:43,MYOR,RG,2170,1,D,XC,KZ,F
9:06:10,MYOR,RG,2180,40,D,XC,YU,F
9:05:12,MYOR,RG,2180,1,D,DH,YU,F
9:04:44,MYOR,RG,2180,1,D,DH,YU,F
9:04:19,MYOR,RG,2170,1,D,DH,KZ,F
9:04:16,MYOR,RG,2170,2,D,DH,KZ,F
9:04:14,MYOR,RG,2170,1,D,DH,KZ,F
9:04:12,MYOR,RG,2170,1,D,DH,XL,D
9:04:12,MYOR,RG,2170,1,D,YP,XL,D
9:03:09,MYOR,RG,2170,1,D,YP,KZ,F
9:03:09,MYOR,RG,2170,3,D,YP,KZ,F
9:03:09,MYOR,RG,2170,5,D,YP,KZ,F
9:01:36,MYOR,RG,2170,2,D,PD,KZ,F
9:01:04,MYOR,RG,2170,2,D,XC,KZ,F
9:01:04,MYOR,RG,2170,2,D,PD,KZ,F
9:00:52,MYOR,RG,2170,1,D,PD,PD,D
9:00:52,MYOR,RG,2170,7,D,XC,PD,D
9:00:49,MYOR,RG,2170,2,D,XC,KZ,F
9:00:36,MYOR,RG,2170,5,D,XC,KZ,F
9:00:24,MYOR,RG,2170,3,D,XC,KZ,F
9:00:11,MYOR,RG,2170,1,D,XC,CC,D
9:00:09,MYOR,RG,2170,1,D,XC,XC,D
9:00:09,MYOR,RG,2170,1,D,XC,DH,D
9:00:06,MYOR,RG,2170,3,D,XC,XC,D
9:00:03,MYOR,RG,2160,2,D,DR,XL,D