Time,Stock,Brd,Price,Qty,BT,BC,SC,ST
15:14:50,MYOR,RG,2390,1,D,XC,YP,D
15:08:25,MYOR,RG,2390,5,D,SQ,YP,D
15:07:33,MYOR,RG,2390,3,D,DR,YP,D
15:07:07,MYOR,RG,2390,1,D,PD,YP,D
15:06:59,MYOR,RG,2390,89,F,BK,YP,D
15:06:59,MYOR,RG,2390,20,F,BK,YB,D
15:06:59,MYOR,RG,2390,5,F,BK,YP,D
15:06:59,MYOR,RG,2390,10,F,BK,GR,D
15:06:59,MYOR,RG,2390,1,F,BK,KK,D
15:06:59,MYOR,RG,2390,200,F,BK,PD,D
15:06:59,MYOR,RG,2390,58,F,BK,PD,D
15:06:59,MYOR,RG,2390,100,F,BK,PD,D
15:06:59,MYOR,RG,2390,17,F,BK,PD,D
15:05:03,MYOR,RG,2390,5,D,YP,PD,D
15:05:03,MYOR,RG,2390,5,D,YP,PD,D
15:05:02,MYOR,RG,2390,5,D,PD,PD,D
15:05:02,MYOR,RG,2390,10,D,PD,PD,D
15:05:01,MYOR,RG,2390,5,D,PD,PD,D
15:05:00,MYOR,RG,2390,10,D,HP,PD,D
15:00:00,MYOR,RG,2390,1,D,PD,PD,D
15:00:00,MYOR,RG,2390,1,D,DR,PD,D
15:00:00,MYOR,RG,2390,1,D,DR,PD,D
15:00:00,MYOR,RG,2390,3,D,PD,PD,D
15:00:00,MYOR,RG,2390,1,D,ZP,PD,D
15:00:00,MYOR,RG,2390,1,D,DR,PD,D
15:00:00,MYOR,RG,2390,1,D,XC,PD,D
15:00:00,MYOR,RG,2390,5,D,YP,PD,D
15:00:00,MYOR,RG,2390,1,D,YP,PD,D
15:00:00,MYOR,RG,2390,28,D,YB,PD,D
15:00:00,MYOR,RG,2390,22,D,YB,PD,D
15:00:00,MYOR,RG,2390,21,D,DH,PD,D
15:00:00,MYOR,RG,2390,20,D,XC,PD,D
15:00:00,MYOR,RG,2390,1,D,YP,PD,D
15:00:00,MYOR,RG,2390,5,D,YP,PD,D
15:00:00,MYOR,RG,2390,131,F,BK,PD,D
15:00:00,MYOR,RG,2390,50,F,BK,PD,D
15:00:00,MYOR,RG,2390,100,F,BK,PD,D
15:00:00,MYOR,RG,2390,200,F,BK,PD,D
15:00:00,MYOR,RG,2390,50,F,BK,PD,D
15:00:00,MYOR,RG,2390,40,F,BK,PD,D
15:00:00,MYOR,RG,2390,250,F,BK,PD,D
15:00:00,MYOR,RG,2390,50,F,BK,PD,D
15:00:00,MYOR,RG,2390,100,F,BK,PD,D
15:00:00,MYOR,RG,2390,29,F,BK,PD,D
15:00:00,MYOR,RG,2390,2,D,EP,PD,D
15:00:00,MYOR,RG,2390,169,D,PD,PD,D
15:00:00,MYOR,RG,2390,42,D,PD,PD,D
15:00:00,MYOR,RG,2390,1,D,EP,PD,D
15:00:00,MYOR,RG,2390,1,D,PD,PD,D
15:00:00,MYOR,RG,2390,5,D,YP,PD,D
15:00:00,MYOR,RG,2390,45,D,SQ,PD,D
15:00:00,MYOR,RG,2390,2,D,XC,PD,D
15:00:00,MYOR,RG,2390,3,D,SQ,PD,D
15:00:00,MYOR,RG,2390,1,D,DH,PD,D
15:00:00,MYOR,RG,2390,3,D,NI,PD,D
15:00:00,MYOR,RG,2390,1,D,HP,PD,D
15:00:00,MYOR,RG,2390,1,D,EP,PD,D
15:00:00,MYOR,RG,2390,3,D,KK,PD,D
15:00:00,MYOR,RG,2390,2,D,CC,PD,D
15:00:00,MYOR,RG,2390,2,D,KK,PD,D
15:00:00,MYOR,RG,2390,10,D,CC,PD,D
15:00:00,MYOR,RG,2390,4,D,XC,PD,D
15:00:00,MYOR,RG,2390,10,D,YP,PD,D
15:00:00,MYOR,RG,2390,20,D,YU,PD,D
15:00:00,MYOR,RG,2390,5,D,CC,PD,D
15:00:00,MYOR,RG,2390,1,D,PD,PD,D
15:00:00,MYOR,RG,2390,2,D,KK,PD,D
15:00:00,MYOR,RG,2390,3,D,TF,PD,D
15:00:00,MYOR,RG,2390,1,D,DH,PD,D
15:00:00,MYOR,RG,2390,1,D,CC,PD,D
15:00:00,MYOR,RG,2390,3,D,XC,PD,D
15:00:00,MYOR,RG,2390,3,D,CC,PD,D
15:00:00,MYOR,RG,2390,1,D,YP,PD,D
15:00:00,MYOR,RG,2390,5,D,EP,PD,D
15:00:00,MYOR,RG,2390,8,D,XC,PD,D
15:00:00,MYOR,RG,2390,8,D,LG,PD,D
15:00:00,MYOR,RG,2390,1,D,PD,PD,D
15:00:00,MYOR,RG,2390,1,D,PD,PD,D
15:00:00,MYOR,RG,2390,1,D,NI,PD,D
15:00:00,MYOR,RG,2390,4,D,NI,PD,D
15:00:00,MYOR,RG,2390,250,D,SQ,PD,D
15:00:00,MYOR,RG,2390,1,D,PD,PD,D
15:00:00,MYOR,RG,2390,1,D,DR,PD,D
15:00:00,MYOR,RG,2390,1,D,DR,PD,D
15:00:00,MYOR,RG,2390,5,D,KK,PD,D
15:00:00,MYOR,RG,2390,6,D,CC,PD,D
15:00:00,MYOR,RG,2390,8,D,YP,PD,D
15:00:00,MYOR,RG,2390,2,D,YP,PD,D
15:00:00,MYOR,RG,2390,30,D,YP,PD,D
15:00:00,MYOR,RG,2390,2,D,YP,PD,D
15:00:00,MYOR,RG,2390,166,F,BK,PD,D
15:00:00,MYOR,RG,2390,100,F,BK,PD,D
15:00:00,MYOR,RG,2390,114,F,BK,PD,D
15:00:00,MYOR,RG,2390,48,F,BK,PD,D
15:00:00,MYOR,RG,2390,13,F,BK,XC,D
15:00:00,MYOR,RG,2390,150,F,BK,CS,F
15:00:00,MYOR,RG,2390,3,F,BK,LG,D
14:49:42,MYOR,RG,2390,1,D,XC,YP,D
14:49:42,MYOR,RG,2390,10,D,CC,YP,D
14:49:42,MYOR,RG,2390,2,D,PD,YP,D
14:49:42,MYOR,RG,2390,5,D,YP,YP,D
14:49:42,MYOR,RG,2390,1,D,XC,YP,D
14:49:42,MYOR,RG,2390,2,D,PD,YP,D
14:49:30,MYOR,RG,2390,2,D,XC,ZP,D
14:49:30,MYOR,RG,2390,2,D,CC,ZP,D
14:49:30,MYOR,RG,2390,5,D,YP,ZP,D
14:49:30,MYOR,RG,2390,5,D,PD,ZP,D
14:49:30,MYOR,RG,2390,2,D,YP,ZP,D
14:49:30,MYOR,RG,2390,10,D,NI,ZP,D
14:49:30,MYOR,RG,2390,2,D,YP,ZP,D
14:49:30,MYOR,RG,2390,25,D,CC,ZP,D
14:49:30,MYOR,RG,2390,1,D,CC,ZP,D
14:49:30,MYOR,RG,2390,3,D,XL,ZP,D
14:49:30,MYOR,RG,2390,1,D,YP,ZP,D
14:49:30,MYOR,RG,2390,1,D,PD,ZP,D
14:49:30,MYOR,RG,2390,10,D,PD,ZP,D
14:49:30,MYOR,RG,2390,1,D,NI,ZP,D
14:49:30,MYOR,RG,2390,1,D,KK,ZP,D
14:49:30,MYOR,RG,2390,50,D,NI,ZP,D
14:49:30,MYOR,RG,2390,1,D,DR,ZP,D
14:49:30,MYOR,RG,2390,4,D,YP,ZP,D
14:49:30,MYOR,RG,2390,1,D,YP,ZP,D
14:49:30,MYOR,RG,2390,50,D,YP,ZP,D
14:49:30,MYOR,RG,2390,2,D,YP,ZP,D
14:49:30,MYOR,RG,2390,5,D,DH,ZP,D
14:49:30,MYOR,RG,2390,2,D,NI,ZP,D
14:49:30,MYOR,RG,2390,1,D,DH,ZP,D
14:49:30,MYOR,RG,2390,1,D,XC,ZP,D
14:49:30,MYOR,RG,2390,1,D,XC,ZP,D
14:49:30,MYOR,RG,2390,11,F,BK,ZP,D
14:49:00,MYOR,RG,2390,20,F,BK,AK,D
14:49:00,MYOR,RG,2390,9,F,BK,AK,D
14:49:00,MYOR,RG,2390,4,F,BK,AK,D
14:49:00,MYOR,RG,2390,4,F,BK,AK,D
14:49:00,MYOR,RG,2390,2,F,BK,AK,D
14:48:28,MYOR,RG,2390,100,F,BK,CS,F
14:48:08,MYOR,RG,2390,107,F,BK,AK,D
14:48:08,MYOR,RG,2390,20,D,YP,AK,D
14:47:58,MYOR,RG,2390,2,D,XC,NI,D
14:47:58,MYOR,RG,2390,3,D,XC,NI,D
14:47:54,MYOR,RG,2400,24,F,BK,PD,D
14:47:53,MYOR,RG,2390,1,D,XC,AK,D
14:47:53,MYOR,RG,2390,4,D,CC,AK,D
14:47:53,MYOR,RG,2390,2,D,XC,AK,D
14:47:53,MYOR,RG,2390,1,D,KK,AK,D
14:47:53,MYOR,RG,2390,1,D,YP,AK,D
14:47:53,MYOR,RG,2390,5,D,XC,AK,D
14:47:49,MYOR,RG,2400,19,F,BK,PD,D
14:47:44,MYOR,RG,2400,34,F,BK,PD,D
14:47:42,MYOR,RG,2390,10,D,XC,CS,F
14:47:42,MYOR,RG,2390,2,D,XC,CS,F
14:47:42,MYOR,RG,2390,2,D,PD,CS,F
14:47:42,MYOR,RG,2390,50,D,KK,CS,F
14:47:42,MYOR,RG,2390,1,D,PD,CS,F
14:47:42,MYOR,RG,2390,9,D,PD,CS,F
14:47:42,MYOR,RG,2390,51,D,SQ,CS,F
14:47:38,MYOR,RG,2390,36,D,SQ,AK,D
14:47:27,MYOR,RG,2400,27,F,BK,PD,D
14:47:23,MYOR,RG,2390,13,D,SQ,AK,D
14:47:23,MYOR,RG,2390,1,D,DR,AK,D
14:47:23,MYOR,RG,2390,13,D,YP,AK,D
14:46:38,MYOR,RG,2390,63,D,YP,AK,D
14:46:23,MYOR,RG,2390,29,D,YP,AK,D
14:46:11,MYOR,RG,2390,100,D,YP,CS,F
14:46:09,MYOR,RG,2400,1,D,XC,PD,D
14:46:08,MYOR,RG,2390,23,D,YP,AK,D
14:45:09,MYOR,RG,2390,78,D,YP,AK,D
14:45:08,MYOR,RG,2400,5,D,PD,PD,D
14:44:56,MYOR,RG,2390,9,D,YP,DX,D
14:44:54,MYOR,RG,2390,7,D,YP,DX,D
14:44:52,MYOR,RG,2400,16,D,NI,PD,D
14:44:25,MYOR,RG,2390,8,D,YP,DX,D
14:43:30,MYOR,RG,2390,4,D,YP,NI,D
14:43:00,MYOR,RG,2390,42,D,YP,YP,D
14:42:44,MYOR,RG,2390,1,D,YP,PD,D
14:42:39,MYOR,RG,2390,2,D,YP,PD,D
14:42:31,MYOR,RG,2390,100,D,YP,CS,F
14:42:28,MYOR,RG,2390,14,D,YP,PD,D
14:42:28,MYOR,RG,2390,7,D,YP,PD,D
14:42:28,MYOR,RG,2390,25,D,XC,PD,D
14:42:28,MYOR,RG,2390,3,D,XC,PD,D
14:42:28,MYOR,RG,2390,1,D,XC,PD,D
14:42:28,MYOR,RG,2390,1,D,PD,PD,D
14:42:28,MYOR,RG,2390,1,D,XC,PD,D
14:42:28,MYOR,RG,2390,1,D,XC,PD,D
14:42:28,MYOR,RG,2390,20,D,XC,PD,D
14:42:28,MYOR,RG,2390,1,D,SQ,PD,D
14:42:28,MYOR,RG,2390,4,D,PD,PD,D
14:42:28,MYOR,RG,2390,20,D,DH,PD,D
14:42:28,MYOR,RG,2390,4,D,PD,PD,D
14:42:28,MYOR,RG,2390,12,D,LG,PD,D
14:42:28,MYOR,RG,2390,38,D,LG,PD,D
14:41:53,MYOR,RG,2390,9,D,LG,DX,D
14:41:53,MYOR,RG,2390,45,D,LG,AK,D
14:41:53,MYOR,RG,2390,1,D,XC,AK,D
14:41:53,MYOR,RG,2390,5,D,PD,AK,D
14:41:53,MYOR,RG,2390,10,D,YP,AK,D
14:41:53,MYOR,RG,2390,2,D,XL,AK,D
14:41:53,MYOR,RG,2390,1,D,XC,AK,D
14:41:53,MYOR,RG,2390,4,D,XC,AK,D
14:41:53,MYOR,RG,2390,1,D,PD,AK,D
14:41:53,MYOR,RG,2390,100,D,YP,AK,D
14:41:53,MYOR,RG,2390,5,D,CC,AK,D
14:41:53,MYOR,RG,2390,10,D,SQ,AK,D
14:41:53,MYOR,RG,2390,1,D,XC,AK,D
14:41:53,MYOR,RG,2390,29,F,BK,AK,D
14:41:49,MYOR,RG,2400,1,D,PD,PD,D
14:39:41,MYOR,RG,2400,36,D,CC,PD,D
14:39:41,MYOR,RG,2400,14,D,CC,AK,D
14:39:15,MYOR,RG,2390,7,F,BK,DX,D
14:38:37,MYOR,RG,2390,125,F,BK,CS,F
14:38:24,MYOR,RG,2390,65,F,BK,CS,F
14:38:24,MYOR,RG,2390,6,F,BK,YB,D
14:37:48,MYOR,RG,2390,2,F,BK,XC,D
14:37:23,MYOR,RG,2390,75,F,BK,AK,D
14:36:51,MYOR,RG,2390,5,F,BK,YP,D
14:36:43,MYOR,RG,2390,8,F,BK,DX,D
14:34:26,MYOR,RG,2400,6,D,NI,AK,D
14:34:26,MYOR,RG,2400,8,D,NI,AK,D
14:34:05,MYOR,RG,2390,9,F,BK,DX,D
14:33:25,MYOR,RG,2400,2,D,KK,AK,D
14:33:09,MYOR,RG,2400,1,D,PD,AK,D
14:32:09,MYOR,RG,2390,1,F,BK,PD,D
14:32:00,MYOR,RG,2390,4,F,BK,XC,D
14:31:31,MYOR,RG,2390,7,F,BK,DX,D
14:29:01,MYOR,RG,2390,7,F,BK,DX,D
14:26:33,MYOR,RG,2390,5,F,BK,PD,D
14:26:26,MYOR,RG,2390,8,F,BK,DX,D
14:24:49,MYOR,RG,2390,1,F,BK,XC,D
14:23:46,MYOR,RG,2390,9,F,BK,DX,D
14:23:21,MYOR,RG,2390,1,F,BK,PD,D
14:22:37,MYOR,RG,2400,1,D,XL,AK,D
14:21:47,MYOR,RG,2400,13,F,BK,AK,D
14:21:47,MYOR,RG,2400,6,F,BK,AK,D
14:21:44,MYOR,RG,2390,29,F,BK,AK,D
14:21:44,MYOR,RG,2390,5,D,KK,AK,D
14:21:44,MYOR,RG,2390,1,D,PD,AK,D
14:21:44,MYOR,RG,2390,1,D,DH,AK,D
14:21:44,MYOR,RG,2390,3,D,CC,AK,D
14:21:44,MYOR,RG,2390,5,D,YP,AK,D
14:21:44,MYOR,RG,2390,1,D,CC,AK,D
14:21:44,MYOR,RG,2390,10,D,PD,AK,D
14:21:44,MYOR,RG,2390,10,D,XC,AK,D
14:21:44,MYOR,RG,2390,5,D,YP,AK,D
14:21:44,MYOR,RG,2390,50,D,GR,AK,D
14:21:44,MYOR,RG,2390,1,D,XC,AK,D
14:21:44,MYOR,RG,2390,30,D,KK,AK,D
14:21:44,MYOR,RG,2390,1,D,XC,AK,D
14:21:44,MYOR,RG,2390,2,D,YP,AK,D
14:21:44,MYOR,RG,2390,5,D,NI,AK,D
14:21:44,MYOR,RG,2390,10,D,CC,AK,D
14:21:44,MYOR,RG,2390,1,D,YP,AK,D
14:21:44,MYOR,RG,2390,40,D,YP,AK,D
14:21:19,MYOR,RG,2390,7,D,YP,DX,D
14:20:40,MYOR,RG,2390,3,D,YP,XC,D
14:18:48,MYOR,RG,2390,8,D,YP,DX,D
14:18:21,MYOR,RG,2400,4,D,YP,AK,D
14:17:45,MYOR,RG,2400,2,D,NI,AK,D
14:16:42,MYOR,RG,2400,1,D,XC,AK,D
14:16:09,MYOR,RG,2390,9,D,YP,DX,D
14:15:20,MYOR,RG,2390,2,D,YP,PD,D
14:14:17,MYOR,RG,2390,1,D,YP,YP,D
14:13:29,MYOR,RG,2390,8,D,YP,DX,D
14:12:44,MYOR,RG,2400,2,D,XC,AK,D
14:11:01,MYOR,RG,2390,8,D,YP,DX,D
14:10:59,MYOR,RG,2390,249,D,YP,AK,D
14:09:13,MYOR,RG,2400,7,D,KK,AK,D
14:09:13,MYOR,RG,2400,1,D,KK,CS,F
14:09:13,MYOR,RG,2400,2,D,KK,AK,D
14:09:07,MYOR,RG,2400,10,D,PD,AK,D
14:08:37,MYOR,RG,2400,1,D,KK,AK,D
14:08:20,MYOR,RG,2390,7,D,YP,DX,D
14:06:35,MYOR,RG,2390,2,D,YP,PD,D
14:05:45,MYOR,RG,2390,8,D,YP,DX,D
14:03:17,MYOR,RG,2390,9,D,YP,DX,D
14:00:48,MYOR,RG,2390,5,D,YP,PD,D
14:00:43,MYOR,RG,2400,1,D,YP,AK,D
14:00:38,MYOR,RG,2390,9,D,YP,DX,D
13:59:14,MYOR,RG,2400,61,F,BK,AK,D
13:59:14,MYOR,RG,2400,100,D,LG,AK,D
13:59:14,MYOR,RG,2400,1,D,PD,AK,D
13:59:14,MYOR,RG,2400,1,D,YP,AK,D
13:59:14,MYOR,RG,2400,2,D,PD,AK,D
13:59:14,MYOR,RG,2400,7,D,DR,AK,D
13:59:02,MYOR,RG,2400,4,D,DR,CS,F
13:58:39,MYOR,RG,2400,2,D,DR,PD,D
13:58:25,MYOR,RG,2400,7,D,DR,NI,D
13:58:25,MYOR,RG,2400,3,D,XC,NI,D
13:58:01,MYOR,RG,2400,1,D,XC,DX,D
13:58:01,MYOR,RG,2400,6,F,BK,DX,D
13:57:48,MYOR,RG,2400,2,F,BK,CS,F
13:57:48,MYOR,RG,2400,10,F,BK,XC,D
13:57:25,MYOR,RG,2400,1,F,BK,XC,D
13:57:07,MYOR,RG,2400,2,F,BK,CS,F
13:56:37,MYOR,RG,2400,2,F,BK,CS,F
13:55:56,MYOR,RG,2400,2,F,BK,CS,F
13:55:30,MYOR,RG,2400,5,D,CC,DX,D
13:55:30,MYOR,RG,2400,3,D,LG,DX,D
13:55:26,MYOR,RG,2400,2,D,LG,CS,F
13:54:44,MYOR,RG,2400,2,D,LG,CS,F
13:54:22,MYOR,RG,2400,1,D,LG,XC,D
13:54:02,MYOR,RG,2400,2,D,LG,CS,F
13:53:54,MYOR,RG,2400,1,D,LG,PD,D
13:53:04,MYOR,RG,2400,2,D,LG,CS,F
13:53:04,MYOR,RG,2400,30,D,LG,KK,D
13:52:57,MYOR,RG,2400,7,D,LG,DX,D
13:52:08,MYOR,RG,2400,3,D,LG,CS,F
13:51:14,MYOR,RG,2400,2,D,LG,CS,F
13:51:14,MYOR,RG,2400,41,F,BK,AK,D
13:51:14,MYOR,RG,2400,4,D,YP,AK,D
13:51:14,MYOR,RG,2400,20,D,HD,AK,D
13:51:14,MYOR,RG,2400,10,D,CC,AK,D
13:50:23,MYOR,RG,2400,7,D,AI,DX,D
13:50:06,MYOR,RG,2400,4,D,AI,CS,F
13:48:35,MYOR,RG,2400,4,D,AI,CS,F
13:47:52,MYOR,RG,2400,8,D,AI,DX,D
13:46:44,MYOR,RG,2400,7,D,AI,AK,D
13:46:44,MYOR,RG,2400,1,D,NI,AK,D
13:46:44,MYOR,RG,2400,7,D,XC,AK,D
13:46:44,MYOR,RG,2400,34,F,BK,AK,D
13:46:15,MYOR,RG,2400,152,F,BK,PD,D
13:46:15,MYOR,RG,2400,48,D,DR,PD,D
13:45:12,MYOR,RG,2400,9,D,DR,DX,D
13:44:31,MYOR,RG,2400,10,D,DR,OD,D
13:42:33,MYOR,RG,2400,9,D,DR,DX,D
13:40:06,MYOR,RG,2400,8,D,DR,DX,D
13:37:45,MYOR,RG,2400,15,D,DR,KK,D
13:37:45,MYOR,RG,2400,1,D,DR,XC,D
13:36:55,MYOR,RG,2390,15,D,YP,XL,D
13:36:43,MYOR,RG,2400,7,D,YP,CS,F
13:36:43,MYOR,RG,2400,2,D,YP,CS,F
13:36:43,MYOR,RG,2400,3,D,YP,CS,F
13:36:43,MYOR,RG,2400,7,D,YP,DX,D
13:36:43,MYOR,RG,2400,1,D,YP,DX,D
13:36:15,MYOR,RG,2400,1,D,EP,DX,D
13:34:06,MYOR,RG,2400,5,D,NI,DX,D
13:32:34,MYOR,RG,2400,40,F,BK,CC,D
13:32:34,MYOR,RG,2400,40,D,YP,CC,D
13:31:03,MYOR,RG,2400,4,D,YP,CS,F
13:31:03,MYOR,RG,2400,4,D,YP,CS,F
13:31:02,MYOR,RG,2400,36,D,YP,AK,D
13:31:02,MYOR,RG,2400,3,D,YP,CS,F
13:31:02,MYOR,RG,2400,1,D,YP,XC,D
13:31:02,MYOR,RG,2400,12,D,YP,OD,D
13:30:49,MYOR,RG,2400,8,F,BK,OD,D
13:30:49,MYOR,RG,2400,1,F,BK,XL,D
13:30:49,MYOR,RG,2400,11,F,BK,XC,D
13:30:39,MYOR,RG,2400,2,D,PD,XC,D
13:30:34,MYOR,RG,2400,2,F,BK,XC,D
13:30:34,MYOR,RG,2400,2,F,BK,CS,F
13:30:34,MYOR,RG,2400,1,F,BK,CS,F
13:30:34,MYOR,RG,2400,7,F,BK,PD,D
13:30:29,MYOR,RG,2400,12,F,BK,PD,D
13:30:24,MYOR,RG,2400,1,F,BK,PD,D
13:30:24,MYOR,RG,2400,9,F,BK,DX,D
13:30:24,MYOR,RG,2400,17,F,BK,EP,D
13:30:21,MYOR,RG,2400,82,F,BK,EP,D
13:30:14,MYOR,RG,2390,66,D,YP,AK,D
13:30:14,MYOR,RG,2390,20,D,PD,AK,D
13:30:14,MYOR,RG,2390,1,D,YP,AK,D
13:30:14,MYOR,RG,2390,3,D,PD,AK,D
13:30:07,MYOR,RG,2390,6,D,PD,PD,D
13:30:07,MYOR,RG,2390,20,D,PD,PD,D
13:30:07,MYOR,RG,2390,2,D,PD,PD,D
13:30:07,MYOR,RG,2390,1,D,PD,DH,D
13:30:07,MYOR,RG,2400,98,F,BK,EP,D
13:30:07,MYOR,RG,2390,2,D,PD,XL,D
13:30:07,MYOR,RG,2390,4,D,YP,XL,D
13:30:07,MYOR,RG,2390,1,D,PD,XL,D
13:30:07,MYOR,RG,2390,21,D,DH,XL,D
13:30:07,MYOR,RG,2400,1,D,YP,EP,D
13:30:06,MYOR,RG,2390,4,D,DH,PD,D
13:30:06,MYOR,RG,2390,23,D,PD,PD,D
13:30:06,MYOR,RG,2390,2,D,BQ,PD,D
13:30:06,MYOR,RG,2390,1,D,YP,PD,D
13:30:06,MYOR,RG,2390,1,D,YP,PD,D
13:30:06,MYOR,RG,2390,2,D,PD,PD,D
13:30:06,MYOR,RG,2390,15,D,SQ,PD,D
13:30:06,MYOR,RG,2390,2,D,XC,PD,D
13:30:06,MYOR,RG,2390,2,D,YP,PD,D
13:30:06,MYOR,RG,2390,3,D,CC,PD,D
13:30:06,MYOR,RG,2390,1,D,YP,PD,D
13:30:06,MYOR,RG,2390,2,D,TF,PD,D
13:30:06,MYOR,RG,2390,30,D,EP,PD,D
13:30:06,MYOR,RG,2390,12,D,YP,PD,D
13:30:05,MYOR,RG,2390,1,D,YP,OD,D
13:30:05,MYOR,RG,2400,1,D,KK,EP,D
13:30:04,MYOR,RG,2400,1,D,LG,EP,D
13:30:04,MYOR,RG,2400,49,D,LG,CD,D
13:30:04,MYOR,RG,2400,50,D,LG,CD,D
13:30:04,MYOR,RG,2400,100,D,LG,CD,D
13:30:03,MYOR,RG,2400,1,D,XC,CD,D
13:30:03,MYOR,RG,2390,2,D,YP,EP,D
13:30:03,MYOR,RG,2390,5,D,YP,GR,D
13:30:03,MYOR,RG,2390,3,D,PC,GR,D
13:30:02,MYOR,RG,2390,1,D,PC,YP,D
11:29:47,MYOR,RG,2390,2,D,PC,AK,D
11:29:47,MYOR,RG,2390,1,D,PC,AK,D
11:29:32,MYOR,RG,2390,1,D,PC,AK,D
11:29:32,MYOR,RG,2390,1,D,PC,AK,D
11:29:23,MYOR,RG,2400,1,D,PD,YP,D
11:27:48,MYOR,RG,2400,1,F,BK,CS,F
11:27:48,MYOR,RG,2400,3,F,BK,AK,D
11:27:47,MYOR,RG,2400,10,D,YP,AK,D
11:27:47,MYOR,RG,2400,6,D,XC,AK,D
11:27:37,MYOR,RG,2410,14,F,BK,PD,D
11:27:32,MYOR,RG,2400,3,D,XC,AK,D
11:26:13,MYOR,RG,2410,11,F,BK,PD,D
11:26:08,MYOR,RG,2410,21,F,BK,PD,D
11:26:05,MYOR,RG,2400,6,F,BK,DX,D
11:26:02,MYOR,RG,2400,1,D,YP,DX,D
11:26:02,MYOR,RG,2400,6,D,YP,CS,F
11:26:02,MYOR,RG,2400,1,D,YP,CS,F
11:26:02,MYOR,RG,2400,3,D,YP,PD,D
11:26:02,MYOR,RG,2400,89,D,YP,CS,F
11:26:00,MYOR,RG,2400,9,F,BK,CS,F
11:26:00,MYOR,RG,2400,2,D,YP,CS,F
11:26:00,MYOR,RG,2400,3,D,YP,AK,D
11:25:57,MYOR,RG,2390,20,D,PC,PD,D
11:25:47,MYOR,RG,2400,4,D,PD,AK,D
11:25:39,MYOR,RG,2400,2,D,YP,AK,D
11:25:34,MYOR,RG,2400,2,D,YP,AK,D
11:25:20,MYOR,RG,2400,7,F,BK,AK,D
11:25:20,MYOR,RG,2400,2,F,BK,AK,D
11:25:19,MYOR,RG,2400,1,D,YP,AK,D
11:25:14,MYOR,RG,2400,1,D,YP,AK,D
11:25:11,MYOR,RG,2390,7,D,PC,DX,D
11:25:09,MYOR,RG,2400,1,D,YP,AK,D
11:25:05,MYOR,RG,2400,1,D,YP,AK,D
11:25:03,MYOR,RG,2400,5,D,KK,AK,D
11:24:59,MYOR,RG,2400,1,D,YP,AK,D
11:24:58,MYOR,RG,2400,7,F,BK,AK,D
11:24:58,MYOR,RG,2400,1,F,BK,CS,F
11:24:55,MYOR,RG,2400,4,D,PD,CS,F
11:24:55,MYOR,RG,2400,3,D,PD,CS,F
11:24:55,MYOR,RG,2400,3,D,PD,AK,D
11:24:53,MYOR,RG,2400,5,D,YP,AK,D
11:24:39,MYOR,RG,2400,5,D,YP,AK,D
11:24:38,MYOR,RG,2400,9,F,BK,AK,D
11:24:34,MYOR,RG,2400,5,D,YP,AK,D
11:24:32,MYOR,RG,2400,13,F,BK,AK,D
11:24:29,MYOR,RG,2400,26,F,BK,AK,D
11:24:28,MYOR,RG,2400,1,D,YP,AK,D
11:24:26,MYOR,RG,2400,100,D,YP,AK,D
11:24:19,MYOR,RG,2400,5,D,KK,AK,D
11:24:10,MYOR,RG,2400,1,D,YP,AK,D
11:24:04,MYOR,RG,2400,1,D,YP,AK,D
11:23:59,MYOR,RG,2400,1,D,YP,AK,D
11:23:54,MYOR,RG,2400,1,D,YP,AK,D
11:23:53,MYOR,RG,2400,9,F,BK,AK,D
11:23:50,MYOR,RG,2400,10,D,CC,AK,D
11:23:50,MYOR,RG,2400,1,D,YP,AK,D
11:23:44,MYOR,RG,2400,1,D,YP,AK,D
11:23:40,MYOR,RG,2400,1,D,YP,AK,D
11:23:35,MYOR,RG,2400,1,D,YP,AK,D
11:23:33,MYOR,RG,2400,3,D,XC,AK,D
11:23:30,MYOR,RG,2400,1,D,YP,AK,D
11:23:25,MYOR,RG,2400,1,D,YP,AK,D
11:21:54,MYOR,RG,2400,10,F,BK,AK,D
11:21:51,MYOR,RG,2400,9,F,BK,AK,D
11:21:47,MYOR,RG,2400,26,F,BK,AK,D
11:21:45,MYOR,RG,2390,100,D,PC,XA,D
11:21:29,MYOR,RG,2400,1,D,XC,AK,D
11:20:29,MYOR,RG,2400,3,F,BK,CS,F
11:20:29,MYOR,RG,2400,3,F,BK,DX,D
11:20:25,MYOR,RG,2400,5,F,BK,DX,D
11:20:25,MYOR,RG,2400,5,F,BK,AK,D
11:20:21,MYOR,RG,2400,23,F,BK,AK,D
11:20:21,MYOR,RG,2400,1,F,BK,CS,F
11:20:18,MYOR,RG,2400,99,D,OD,CS,F
11:20:18,MYOR,RG,2400,1,D,OD,CS,F
11:20:03,MYOR,RG,2400,4,F,BK,CS,F
11:20:03,MYOR,RG,2400,2,F,BK,YP,D
11:20:03,MYOR,RG,2400,3,F,BK,XC,D
11:20:02,MYOR,RG,2390,9,D,PC,DX,D
11:20:00,MYOR,RG,2400,7,D,XC,XC,D
11:20:00,MYOR,RG,2400,1,D,XC,YB,D
11:20:00,MYOR,RG,2400,1,D,XC,NI,D
11:20:00,MYOR,RG,2400,1,D,XC,YP,D
11:19:53,MYOR,RG,2400,1,D,PD,YP,D
11:19:53,MYOR,RG,2400,9,D,PD,CS,F
11:19:52,MYOR,RG,2400,9,F,BK,CS,F
11:19:50,MYOR,RG,2400,10,D,OD,CS,F
11:19:26,MYOR,RG,2400,5,D,KK,CS,F
11:19:25,MYOR,RG,2400,10,F,BK,CS,F
11:19:23,MYOR,RG,2400,1,F,BK,CS,F
11:19:23,MYOR,RG,2400,5,F,BK,XC,D
11:19:23,MYOR,RG,2400,4,F,BK,AK,D
11:19:20,MYOR,RG,2400,14,F,BK,AK,D
11:19:20,MYOR,RG,2400,4,F,BK,AK,D
11:19:20,MYOR,RG,2400,10,F,BK,AK,D
11:19:18,MYOR,RG,2400,100,D,YP,AK,D
11:17:34,MYOR,RG,2390,9,D,PC,DX,D
11:15:49,MYOR,RG,2390,2,D,PC,YP,D
11:15:04,MYOR,RG,2390,7,D,PC,DX,D
11:14:04,MYOR,RG,2400,2,D,PD,AK,D
11:13:07,MYOR,RG,2390,1,D,PC,YP,D
11:12:27,MYOR,RG,2400,10,F,BK,AK,D
11:12:24,MYOR,RG,2390,9,D,PC,DX,D
11:11:21,MYOR,RG,2400,2,D,XC,AK,D
11:09:55,MYOR,RG,2390,7,D,PC,DX,D
11:09:26,MYOR,RG,2400,8,F,BK,AK,D
11:09:22,MYOR,RG,2400,4,D,YB,AK,D
11:09:14,MYOR,RG,2400,2,D,YP,AK,D
11:08:55,MYOR,RG,2400,9,F,BK,AK,D
11:08:50,MYOR,RG,2400,27,F,BK,AK,D
11:08:49,MYOR,RG,2400,76,D,YP,AK,D
11:08:49,MYOR,RG,2400,24,D,YP,AK,D
11:08:35,MYOR,RG,2400,9,F,BK,AK,D
11:08:29,MYOR,RG,2400,1,F,BK,AK,D
11:08:29,MYOR,RG,2400,8,F,BK,AK,D
11:08:24,MYOR,RG,2400,13,F,BK,AK,D
11:08:24,MYOR,RG,2400,11,F,BK,CD,D
11:08:20,MYOR,RG,2400,82,F,BK,CD,D
11:08:18,MYOR,RG,2390,70,D,PC,CC,D
11:08:18,MYOR,RG,2390,7,D,XC,CC,D
11:08:18,MYOR,RG,2390,10,D,AZ,CC,D
11:08:18,MYOR,RG,2390,4,D,NI,CC,D
11:08:18,MYOR,RG,2390,15,D,KK,CC,D
11:08:18,MYOR,RG,2390,100,D,YP,CC,D
11:08:18,MYOR,RG,2390,2,D,HP,CC,D
11:08:18,MYOR,RG,2390,5,D,PD,CC,D
11:08:18,MYOR,RG,2390,1,D,YP,CC,D
11:08:18,MYOR,RG,2390,1,D,XC,CC,D
11:08:18,MYOR,RG,2390,5,D,KK,CC,D
11:08:18,MYOR,RG,2390,25,D,KK,CC,D
11:08:18,MYOR,RG,2390,5,D,YP,CC,D
11:07:22,MYOR,RG,2390,5,D,YP,DX,D
11:07:22,MYOR,RG,2390,2,D,NI,DX,D
11:07:17,MYOR,RG,2400,1,D,PD,CD,D
11:04:51,MYOR,RG,2400,6,F,BK,CD,D
11:04:51,MYOR,RG,2400,2,F,BK,PD,D
11:04:46,MYOR,RG,2390,8,D,NI,DX,D
11:02:51,MYOR,RG,2400,9,F,BK,PD,D
11:02:48,MYOR,RG,2390,10,D,NI,AK,D
11:02:48,MYOR,RG,2390,5,D,YP,AK,D
11:02:48,MYOR,RG,2390,1,D,PD,AK,D
11:02:48,MYOR,RG,2390,2,D,XC,AK,D
11:02:48,MYOR,RG,2390,16,D,YP,AK,D
11:02:09,MYOR,RG,2400,9,F,BK,PD,D
11:02:07,MYOR,RG,2390,5,D,YP,DX,D
11:02:07,MYOR,RG,2390,2,D,YP,DX,D
11:01:23,MYOR,RG,2400,5,F,BK,PD,D
11:01:23,MYOR,RG,2400,4,F,BK,XC,D
11:01:18,MYOR,RG,2390,3,D,YP,AK,D
11:01:18,MYOR,RG,2390,1,D,NI,AK,D
11:01:18,MYOR,RG,2390,16,D,CC,AK,D
11:00:06,MYOR,RG,2400,2,F,BK,XC,D
11:00:06,MYOR,RG,2400,7,F,BK,PD,D
11:00:03,MYOR,RG,2390,21,D,CC,AK,D
10:59:39,MYOR,RG,2390,8,D,CC,DX,D
10:59:04,MYOR,RG,2400,9,F,BK,PD,D
10:59:03,MYOR,RG,2390,19,D,CC,AK,D
10:58:13,MYOR,RG,2400,9,F,BK,PD,D
10:58:09,MYOR,RG,2400,1,D,PD,PD,D
10:58:06,MYOR,RG,2400,9,F,BK,PD,D
10:58:03,MYOR,RG,2390,22,D,CC,AK,D
10:57:53,MYOR,RG,2400,10,D,DH,PD,D
10:57:32,MYOR,RG,2400,5,F,BK,PD,D
10:57:32,MYOR,RG,2400,20,F,BK,CD,D
10:57:10,MYOR,RG,2390,9,D,CC,DX,D
10:56:33,MYOR,RG,2390,4,D,CC,AK,D
10:56:33,MYOR,RG,2390,3,D,LG,AK,D
10:56:33,MYOR,RG,2390,10,D,XC,AK,D
10:56:33,MYOR,RG,2390,4,D,CC,AK,D
10:56:33,MYOR,RG,2390,3,D,PD,AK,D
10:56:33,MYOR,RG,2390,4,D,XC,AK,D
10:56:33,MYOR,RG,2390,4,D,XC,AK,D
10:56:32,MYOR,RG,2400,4,D,XC,CD,D
10:56:09,MYOR,RG,2400,1,D,EP,CD,D
10:54:47,MYOR,RG,2400,2,D,XC,CD,D
10:54:05,MYOR,RG,2400,3,D,XC,CD,D
10:53:30,MYOR,RG,2400,5,D,PD,CD,D
10:53:15,MYOR,RG,2400,2,D,XC,CD,D
10:53:15,MYOR,RG,2400,59,F,ZP,CD,D
10:53:15,MYOR,RG,2400,4,D,KK,CD,D
10:52:54,MYOR,RG,2400,6,D,KK,DX,D
10:52:48,MYOR,RG,2400,3,D,PD,DX,D
10:52:48,MYOR,RG,2400,2,D,PD,PD,D
10:52:07,MYOR,RG,2400,1,D,NI,PD,D
10:52:05,MYOR,RG,2400,2,D,OD,PD,D
10:51:54,MYOR,RG,2390,8,D,XC,DX,D
10:51:43,MYOR,RG,2400,1,D,XC,PD,D
10:51:33,MYOR,RG,2400,1,D,PD,PD,D
10:51:33,MYOR,RG,2400,1,D,KK,PD,D
10:51:33,MYOR,RG,2400,10,D,PD,PD,D
10:51:33,MYOR,RG,2400,32,D,CC,PD,D
10:50:33,MYOR,RG,2400,62,D,CC,AK,D
10:49:21,MYOR,RG,2400,6,D,CC,DX,D
10:49:21,MYOR,RG,2400,1,D,AT,DX,D
10:48:44,MYOR,RG,2400,4,D,AT,PD,D
10:48:44,MYOR,RG,2400,6,F,ZP,PD,D
10:46:56,MYOR,RG,2400,62,F,ZP,PD,D
10:46:56,MYOR,RG,2400,10,D,PD,PD,D
10:46:56,MYOR,RG,2400,10,D,OD,PD,D
10:46:56,MYOR,RG,2400,5,D,CC,PD,D
10:46:56,MYOR,RG,2400,1,D,XC,PD,D
10:46:56,MYOR,RG,2400,5,D,CC,PD,D
10:46:56,MYOR,RG,2400,4,D,XC,PD,D
10:46:56,MYOR,RG,2400,1,D,NI,PD,D
10:46:56,MYOR,RG,2400,1,D,CC,PD,D
10:46:56,MYOR,RG,2400,1,D,XC,PD,D
10:46:51,MYOR,RG,2400,1,D,XC,DX,D
10:46:51,MYOR,RG,2400,8,D,GR,DX,D
10:46:20,MYOR,RG,2400,42,D,GR,KK,D
10:46:20,MYOR,RG,2400,1,D,XL,KK,D
10:46:20,MYOR,RG,2400,10,D,PD,KK,D
10:46:20,MYOR,RG,2400,1,D,PD,KK,D
10:46:20,MYOR,RG,2400,46,D,KK,KK,D
10:46:03,MYOR,RG,2400,4,D,KK,AK,D
10:46:03,MYOR,RG,2400,41,D,EP,AK,D
10:45:56,MYOR,RG,2400,41,D,EP,YP,D
10:45:29,MYOR,RG,2400,18,D,EP,BQ,D
10:44:19,MYOR,RG,2400,7,D,XC,DX,D
10:44:10,MYOR,RG,2400,13,D,XC,YP,D
10:44:10,MYOR,RG,2400,2,F,NI,YP,D
10:44:10,MYOR,RG,2400,1,D,PD,YP,D
10:42:46,MYOR,RG,2400,2,D,XC,NI,D
10:42:37,MYOR,RG,2400,5,D,XC,XC,D
10:42:25,MYOR,RG,2400,31,D,XC,PD,D
10:42:25,MYOR,RG,2400,1,D,YP,PD,D
10:42:25,MYOR,RG,2400,1,D,XC,PD,D
10:42:25,MYOR,RG,2400,73,F,ZP,PD,D
10:41:39,MYOR,RG,2400,7,F,ZP,DX,D
10:39:49,MYOR,RG,2410,2,D,CC,PD,D
10:39:46,MYOR,RG,2410,1,D,XC,PD,D
10:39:31,MYOR,RG,2410,4,D,XC,PD,D
10:39:04,MYOR,RG,2400,8,D,YP,DX,D
10:38:18,MYOR,RG,2400,56,D,YP,AK,D
10:38:18,MYOR,RG,2400,3,D,NI,AK,D
10:38:18,MYOR,RG,2400,1,D,XC,AK,D
10:38:18,MYOR,RG,2400,1,D,PD,AK,D
10:38:18,MYOR,RG,2400,1,D,NI,AK,D
10:38:18,MYOR,RG,2400,22,D,CC,AK,D
10:36:54,MYOR,RG,2400,4,D,CC,CC,D
10:36:36,MYOR,RG,2400,4,D,CC,DX,D
10:36:36,MYOR,RG,2400,5,D,XC,DX,D
10:35:35,MYOR,RG,2400,5,D,XC,DR,D
10:35:35,MYOR,RG,2400,1,D,NI,DR,D
10:35:35,MYOR,RG,2400,1,D,DH,DR,D
10:35:35,MYOR,RG,2400,2,D,BQ,DR,D
10:35:35,MYOR,RG,2400,4,D,YP,DR,D
10:35:35,MYOR,RG,2400,6,D,PD,DR,D
10:35:35,MYOR,RG,2400,8,D,XL,DR,D
10:35:35,MYOR,RG,2400,13,D,YP,DR,D
10:34:08,MYOR,RG,2400,7,D,YP,DX,D
10:34:08,MYOR,RG,2400,1,D,XC,DX,D
10:32:18,MYOR,RG,2400,2,D,PD,AK,D
10:32:18,MYOR,RG,2400,10,D,HP,AK,D
10:32:18,MYOR,RG,2400,2,D,XC,AK,D
10:32:18,MYOR,RG,2400,5,D,XC,AK,D
10:32:18,MYOR,RG,2400,1,D,XC,AK,D
10:32:18,MYOR,RG,2400,1,D,PD,AK,D
10:32:18,MYOR,RG,2400,5,D,OD,AK,D
10:32:18,MYOR,RG,2400,1,D,XC,AK,D
10:32:18,MYOR,RG,2400,2,D,GR,AK,D
10:32:18,MYOR,RG,2400,1,D,PD,AK,D
10:32:18,MYOR,RG,2400,3,D,XC,AK,D
10:32:18,MYOR,RG,2400,1,D,PD,AK,D
10:32:18,MYOR,RG,2400,15,D,SQ,AK,D
10:32:18,MYOR,RG,2400,4,D,TF,AK,D
10:32:18,MYOR,RG,2400,3,D,XC,AK,D
10:32:01,MYOR,RG,2410,13,D,XC,PD,D
10:31:58,MYOR,RG,2410,2,D,GR,PD,D
10:31:36,MYOR,RG,2410,18,D,DR,PD,D
10:31:36,MYOR,RG,2410,2,D,DR,YP,D
10:31:30,MYOR,RG,2400,7,D,XC,DX,D
10:31:19,MYOR,RG,2400,1,D,XC,YP,D
10:31:19,MYOR,RG,2400,1,D,XC,YP,D
10:31:19,MYOR,RG,2400,10,D,PD,YP,D
10:31:19,MYOR,RG,2400,4,D,XC,YP,D
10:31:19,MYOR,RG,2400,3,D,SQ,YP,D
10:29:40,MYOR,RG,2400,5,D,SQ,XC,D
10:29:37,MYOR,RG,2400,2,D,SQ,NI,D
10:29:37,MYOR,RG,2400,2,D,HP,NI,D
10:29:37,MYOR,RG,2400,2,D,TF,NI,D
10:29:37,MYOR,RG,2400,13,D,YP,NI,D
10:29:29,MYOR,RG,2400,70,D,YP,YP,D
10:29:19,MYOR,RG,2400,300,D,YP,PD,D
10:29:05,MYOR,RG,2400,1,D,YP,XC,D
10:28:58,MYOR,RG,2400,8,D,YP,DX,D
10:28:29,MYOR,RG,2400,100,D,YP,CC,D
10:27:33,MYOR,RG,2400,35,D,YP,AK,D
10:26:25,MYOR,RG,2400,8,D,YP,DX,D
10:25:04,MYOR,RG,2400,5,D,YP,EP,D
10:23:53,MYOR,RG,2400,8,D,YP,DX,D
10:23:22,MYOR,RG,2400,27,D,YP,NI,D
10:23:11,MYOR,RG,2400,4,D,YP,CC,D
10:21:13,MYOR,RG,2400,9,D,YP,DX,D
10:19:03,MYOR,RG,2400,4,D,YP,XC,D
10:18:37,MYOR,RG,2400,8,D,YP,DX,D
10:16:55,MYOR,RG,2400,1,D,YP,PD,D
10:16:29,MYOR,RG,2400,100,D,YP,CD,D
10:16:11,MYOR,RG,2400,7,D,YP,DX,D
10:15:52,MYOR,RG,2400,3,D,YP,DR,D
10:15:17,MYOR,RG,2400,30,D,YP,YP,D
10:13:52,MYOR,RG,2400,21,D,YP,CC,D
10:13:40,MYOR,RG,2400,8,D,YP,DX,D
10:12:39,MYOR,RG,2400,147,D,YP,AK,D
10:11:24,MYOR,RG,2400,22,D,YP,AK,D
10:11:20,MYOR,RG,2410,3,D,PD,YP,D
10:11:10,MYOR,RG,2410,5,D,SQ,YP,D
10:11:10,MYOR,RG,2410,80,D,SQ,YP,D
10:11:10,MYOR,RG,2410,5,D,SQ,PD,D
10:11:08,MYOR,RG,2400,8,D,YP,DX,D
10:09:54,MYOR,RG,2400,26,D,YP,AK,D
10:08:29,MYOR,RG,2400,25,D,YP,DR,D
10:08:29,MYOR,RG,2400,2,D,YP,DX,D
10:08:29,MYOR,RG,2400,1,D,EP,DX,D
10:08:29,MYOR,RG,2400,1,D,YP,DX,D
10:08:29,MYOR,RG,2400,1,D,XC,DX,D
10:08:29,MYOR,RG,2400,1,D,KK,DX,D
10:08:25,MYOR,RG,2410,43,F,ZP,PD,D
10:08:25,MYOR,RG,2410,1,D,PD,PD,D
10:08:25,MYOR,RG,2410,2,D,XC,PD,D
10:08:25,MYOR,RG,2410,2,D,KK,PD,D
10:08:25,MYOR,RG,2410,13,D,DR,PD,D
10:07:09,MYOR,RG,2410,7,D,DR,AK,D
10:07:09,MYOR,RG,2410,3,D,NI,AK,D
10:07:09,MYOR,RG,2410,20,D,SQ,AK,D
10:07:09,MYOR,RG,2410,1,D,XC,AK,D
10:07:09,MYOR,RG,2410,3,D,PD,AK,D
10:07:09,MYOR,RG,2410,2,D,XL,AK,D
10:06:12,MYOR,RG,2410,2,D,XL,DX,D
10:04:43,MYOR,RG,2410,20,F,ZP,OD,D
10:04:37,MYOR,RG,2420,22,D,YP,PD,F
10:03:22,MYOR,RG,2420,8,D,XL,PD,F
10:02:54,MYOR,RG,2410,7,F,ZP,PD,D
10:01:38,MYOR,RG,2410,4,F,ZP,AT,D
10:01:38,MYOR,RG,2410,6,D,GR,AT,D
10:00:59,MYOR,RG,2410,4,D,GR,XC,D
9:59:20,MYOR,RG,2420,10,D,DR,PD,F
9:59:15,MYOR,RG,2410,90,D,GR,KK,D
9:59:15,MYOR,RG,2410,2,D,YB,KK,D
9:59:15,MYOR,RG,2410,4,D,YP,KK,D
9:59:15,MYOR,RG,2410,2,D,PD,KK,D
9:59:15,MYOR,RG,2410,1,D,XC,KK,D
9:59:15,MYOR,RG,2410,100,D,ZP,KK,D
9:59:15,MYOR,RG,2410,2,D,DH,KK,D
9:59:15,MYOR,RG,2410,1,D,YU,KK,D
9:59:15,MYOR,RG,2410,5,D,XC,KK,D
9:59:15,MYOR,RG,2410,17,D,YP,KK,D
9:59:15,MYOR,RG,2410,10,D,PD,KK,D
9:59:15,MYOR,RG,2410,15,D,XC,KK,D
9:59:15,MYOR,RG,2410,1,D,XL,KK,D
9:58:55,MYOR,RG,2420,1,D,EP,PD,F
9:57:47,MYOR,RG,2420,1,D,XC,PD,F
9:57:47,MYOR,RG,2420,1,D,PD,PD,F
9:57:47,MYOR,RG,2420,3,D,PD,PD,F
9:57:47,MYOR,RG,2420,2,D,XC,PD,F
9:57:47,MYOR,RG,2420,1,D,PD,PD,F
9:57:47,MYOR,RG,2420,10,D,OD,PD,F
9:57:47,MYOR,RG,2420,17,D,PD,PD,F
9:57:47,MYOR,RG,2420,25,D,PD,PD,F
9:57:47,MYOR,RG,2420,652,F,ZP,PD,F
9:57:47,MYOR,RG,2420,1,D,OD,PD,F
9:57:47,MYOR,RG,2420,3,D,CC,PD,F
9:57:47,MYOR,RG,2420,14,D,YP,PD,F
9:57:47,MYOR,RG,2420,10,D,CC,PD,F
9:57:47,MYOR,RG,2420,1,D,NI,PD,F
9:57:47,MYOR,RG,2420,2,D,HP,PD,F
9:57:47,MYOR,RG,2420,2,D,KK,PD,F
9:57:47,MYOR,RG,2420,2,D,YP,PD,F
9:57:47,MYOR,RG,2420,71,F,ZP,PD,F
9:57:47,MYOR,RG,2420,30,F,YP,PD,F
9:57:47,MYOR,RG,2420,103,D,DR,PD,F
9:57:47,MYOR,RG,2420,1,D,PD,PD,F
9:57:47,MYOR,RG,2420,30,D,EP,PD,F
9:57:47,MYOR,RG,2420,20,D,DR,PD,F
9:57:47,MYOR,RG,2420,31,D,CC,PD,F
9:57:47,MYOR,RG,2420,20,D,CC,PD,F
9:57:47,MYOR,RG,2420,4,D,YP,PD,F
9:57:47,MYOR,RG,2420,148,D,KK,PD,F
9:57:39,MYOR,RG,2420,18,D,KK,AK,D
9:56:11,MYOR,RG,2420,38,D,KK,XC,D
9:53:09,MYOR,RG,2430,8,D,DH,CC,D
9:52:15,MYOR,RG,2420,2,D,KK,XC,D
9:52:01,MYOR,RG,2420,2,D,KK,YP,D
9:51:58,MYOR,RG,2420,1,D,KK,XC,D
9:51:11,MYOR,RG,2420,1,D,KK,XC,D
9:51:06,MYOR,RG,2420,2,D,KK,YU,D
9:51:03,MYOR,RG,2420,1,D,KK,XC,D
9:50:20,MYOR,RG,2420,2,D,KK,DR,D
9:49:46,MYOR,RG,2430,3,D,XC,CC,D
9:49:34,MYOR,RG,2430,11,D,PD,CC,D
9:49:34,MYOR,RG,2430,10,D,PD,XC,D
9:49:34,MYOR,RG,2430,9,D,PD,CS,F
9:48:38,MYOR,RG,2430,1,D,OD,CS,F
9:48:29,MYOR,RG,2430,1,D,KK,CS,F
9:47:24,MYOR,RG,2430,4,D,OD,CS,F
9:47:24,MYOR,RG,2430,16,D,OD,KK,D
9:47:23,MYOR,RG,2430,184,D,NI,KK,D
9:47:23,MYOR,RG,2430,5,D,NI,XC,D
9:47:23,MYOR,RG,2430,9,D,NI,CC,D
9:47:23,MYOR,RG,2430,15,D,NI,XC,D
9:47:23,MYOR,RG,2430,9,D,NI,CS,F
9:47:23,MYOR,RG,2430,1,D,NI,CS,F
9:47:23,MYOR,RG,2430,5,D,NI,KK,D
9:47:23,MYOR,RG,2430,1,D,NI,NI,D
9:47:23,MYOR,RG,2430,3,D,NI,CC,D
9:47:23,MYOR,RG,2430,10,D,NI,CS,F
9:47:23,MYOR,RG,2430,2,D,NI,CS,F
9:47:23,MYOR,RG,2430,2,D,NI,CS,F
9:47:23,MYOR,RG,2430,3,D,NI,PD,D
9:47:23,MYOR,RG,2430,30,D,NI,AG,D
9:47:23,MYOR,RG,2430,2,D,NI,YP,D
9:47:23,MYOR,RG,2430,169,D,NI,CC,D
9:45:41,MYOR,RG,2430,9,D,YP,CC,D
9:45:32,MYOR,RG,2430,10,D,YP,CC,D
9:42:21,MYOR,RG,2430,1,D,YU,CC,D
9:42:21,MYOR,RG,2430,1,D,YU,CC,D
9:42:20,MYOR,RG,2430,1,D,YU,CC,D
9:42:20,MYOR,RG,2430,6,D,YU,CC,D
9:42:20,MYOR,RG,2430,6,D,YU,CC,D
9:42:20,MYOR,RG,2420,30,D,KK,PD,D
9:41:41,MYOR,RG,2420,2,D,KK,KK,D
9:40:36,MYOR,RG,2430,1,D,YU,CC,D
9:40:36,MYOR,RG,2430,1,D,YU,CC,D
9:40:36,MYOR,RG,2430,2,D,HP,CC,D
9:40:27,MYOR,RG,2430,2,D,YU,CC,F
9:40:27,MYOR,RG,2430,2,D,YU,CC,F
9:40:27,MYOR,RG,2430,10,D,YP,CC,F
9:40:26,MYOR,RG,2430,1,D,XC,CC,F
9:40:20,MYOR,RG,2430,2,D,YP,CC,F
9:40:16,MYOR,RG,2440,1,D,YU,PD,D
9:40:16,MYOR,RG,2440,1,D,YU,PD,D
9:40:15,MYOR,RG,2440,3,D,YU,PD,D
9:40:15,MYOR,RG,2430,1,D,YU,KK,D
9:40:15,MYOR,RG,2430,4,D,YU,KK,D
9:40:14,MYOR,RG,2430,20,F,ZP,KK,D
9:40:12,MYOR,RG,2440,2,D,YU,PD,D
9:40:12,MYOR,RG,2440,2,D,YU,PD,D
9:40:12,MYOR,RG,2440,1,D,YU,PD,D
9:40:12,MYOR,RG,2440,1,D,YU,PD,D
9:40:11,MYOR,RG,2440,2,D,YU,PD,D
9:40:11,MYOR,RG,2440,2,D,YU,PD,D
9:40:11,MYOR,RG,2440,1,D,YU,PD,D
9:40:11,MYOR,RG,2440,8,D,YU,PD,D
9:40:11,MYOR,RG,2440,8,D,YU,PD,D
9:40:10,MYOR,RG,2430,14,F,ZP,XC,D
9:40:10,MYOR,RG,2430,46,D,NI,XC,D
9:39:15,MYOR,RG,2440,1,D,YU,PD,D
9:39:15,MYOR,RG,2440,1,D,YU,PD,D
9:39:14,MYOR,RG,2430,4,D,NI,XC,D
9:39:14,MYOR,RG,2430,1,D,NI,XC,D
9:39:01,MYOR,RG,2440,1,D,YU,PD,D
9:39:01,MYOR,RG,2440,1,D,YU,PD,D
9:39:00,MYOR,RG,2440,5,D,YU,PD,D
9:38:29,MYOR,RG,2440,4,D,YU,PD,D
9:38:29,MYOR,RG,2440,4,D,YU,PD,D
9:38:28,MYOR,RG,2430,18,D,NI,NI,D
9:38:27,MYOR,RG,2440,3,D,YU,PD,D
9:38:27,MYOR,RG,2440,3,D,YU,PD,D
9:38:26,MYOR,RG,2440,18,D,YU,PD,D
9:38:26,MYOR,RG,2440,18,D,YU,PD,D
9:38:26,MYOR,RG,2440,100,D,NI,PD,D
9:38:20,MYOR,RG,2440,1,D,XC,PD,D
9:38:02,MYOR,RG,2440,1,D,YU,PD,D
9:38:02,MYOR,RG,2440,1,D,YU,PD,D
9:38:01,MYOR,RG,2440,1,D,YU,PD,D
9:38:01,MYOR,RG,2440,1,D,YU,PD,D
9:38:01,MYOR,RG,2440,1,D,YU,PD,D
9:38:01,MYOR,RG,2440,1,D,YU,PD,D
9:38:00,MYOR,RG,2440,10,D,YU,PD,D
9:38:00,MYOR,RG,2440,3,D,YU,YP,D
9:37:55,MYOR,RG,2440,1,D,YU,YP,D
9:37:55,MYOR,RG,2440,1,D,YU,YP,D
9:37:54,MYOR,RG,2430,2,D,KK,NI,D
9:37:48,MYOR,RG,2440,2,D,YU,CS,F
9:37:48,MYOR,RG,2440,1,D,YU,CS,F
9:37:48,MYOR,RG,2440,1,D,YU,CS,F
9:37:48,MYOR,RG,2440,1,D,YU,CS,F
9:37:48,MYOR,RG,2440,1,D,YU,CC,D
9:37:48,MYOR,RG,2440,1,D,YU,CC,D
9:37:48,MYOR,RG,2440,1,D,YU,CC,D
9:37:47,MYOR,RG,2440,5,D,YU,CC,D
9:37:47,MYOR,RG,2440,5,D,YU,PD,D
9:37:47,MYOR,RG,2440,3,D,YU,CS,F
9:37:47,MYOR,RG,2440,2,D,YU,CS,F
9:37:47,MYOR,RG,2440,5,D,YU,NI,D
9:37:47,MYOR,RG,2440,5,D,YU,PD,D
9:37:47,MYOR,RG,2440,1,D,YU,PD,D
9:37:47,MYOR,RG,2440,4,D,YU,PD,D
9:37:47,MYOR,RG,2440,4,D,YU,PD,D
9:37:46,MYOR,RG,2440,36,D,ZP,PD,D
9:37:46,MYOR,RG,2440,2,D,ZP,TF,D
9:37:46,MYOR,RG,2440,4,D,ZP,CP,D
9:37:46,MYOR,RG,2440,16,D,ZP,ZP,D
9:37:46,MYOR,RG,2440,20,D,ZP,AG,D
9:37:46,MYOR,RG,2440,22,D,ZP,CP,D
9:37:33,MYOR,RG,2440,1,D,YU,CP,D
9:37:33,MYOR,RG,2440,1,D,YU,CP,D
9:37:32,MYOR,RG,2420,5,D,KK,NI,D
9:37:09,MYOR,RG,2440,1,D,YU,CP,D
9:37:09,MYOR,RG,2440,1,D,YU,CP,D
9:37:08,MYOR,RG,2440,1,D,YU,CP,D
9:37:08,MYOR,RG,2440,1,D,YU,CP,D
9:37:08,MYOR,RG,2440,1,D,YU,CP,D
9:37:08,MYOR,RG,2440,1,D,YU,CP,D
9:37:07,MYOR,RG,2440,9,D,YU,CP,D
9:37:07,MYOR,RG,2440,9,D,YU,CP,D
9:37:07,MYOR,RG,2440,2,D,YU,CP,D
9:37:07,MYOR,RG,2440,2,D,YU,CP,D
9:37:06,MYOR,RG,2440,14,D,YU,CP,D
9:37:06,MYOR,RG,2440,14,D,YU,CP,D
9:37:06,MYOR,RG,2440,20,D,YU,CP,D
9:37:06,MYOR,RG,2440,3,D,YU,CS,F
9:37:06,MYOR,RG,2440,5,D,YU,CS,F
9:37:06,MYOR,RG,2440,14,D,YU,CC,D
9:37:06,MYOR,RG,2430,4,D,YU,CS,F
9:37:05,MYOR,RG,2430,4,D,YB,CS,F
9:37:05,MYOR,RG,2430,6,D,YB,CS,F
9:37:05,MYOR,RG,2430,1,D,YB,NI,D
9:37:05,MYOR,RG,2430,50,D,YB,YP,D
9:37:05,MYOR,RG,2430,2,D,YB,CS,F
9:37:05,MYOR,RG,2430,30,D,YB,XC,D
9:37:05,MYOR,RG,2430,2,D,YB,YP,D
9:37:05,MYOR,RG,2430,4,D,YB,CS,F
9:37:05,MYOR,RG,2430,5,D,YB,KK,D
9:37:05,MYOR,RG,2430,3,D,YB,CS,F
9:37:05,MYOR,RG,2430,133,D,YB,PD,D
9:36:39,MYOR,RG,2430,1,D,YU,PD,D
9:36:39,MYOR,RG,2430,1,D,YU,PD,D
9:36:38,MYOR,RG,2430,2,D,YU,PD,D
9:36:38,MYOR,RG,2430,2,D,YU,PD,D
9:36:37,MYOR,RG,2430,10,D,AT,PD,D
9:36:35,MYOR,RG,2430,3,D,KK,PD,D
9:36:23,MYOR,RG,2430,2,D,YU,PD,D
9:36:23,MYOR,RG,2430,2,D,YU,PD,D
9:36:22,MYOR,RG,2430,7,D,AT,PD,D
9:36:06,MYOR,RG,2430,1,D,YU,PD,D
9:36:06,MYOR,RG,2430,1,D,YU,PD,D
9:36:06,MYOR,RG,2430,4,D,LS,PD,D
9:35:37,MYOR,RG,2430,2,D,KK,PD,D
9:35:09,MYOR,RG,2430,1,D,YU,PD,D
9:35:09,MYOR,RG,2430,1,D,YU,PD,D
9:35:09,MYOR,RG,2430,4,D,YU,PD,D
9:35:09,MYOR,RG,2430,4,D,YU,PD,D
9:35:08,MYOR,RG,2430,1,D,YU,PD,D
9:35:08,MYOR,RG,2430,1,D,YU,PD,D
9:35:08,MYOR,RG,2430,23,D,YU,PD,D
9:35:08,MYOR,RG,2430,23,D,YU,PD,D
9:35:07,MYOR,RG,2430,4,D,YU,PD,D
9:35:07,MYOR,RG,2430,4,D,YU,PD,D
9:35:07,MYOR,RG,2430,29,F,ZP,PD,D
9:35:07,MYOR,RG,2430,100,D,KK,PD,D
9:35:07,MYOR,RG,2430,25,D,YP,PD,D
9:35:06,MYOR,RG,2440,1,D,DR,CC,D
9:35:02,MYOR,RG,2440,1,D,YU,CC,D
9:35:02,MYOR,RG,2440,1,D,YU,CC,D
9:35:02,MYOR,RG,2440,2,D,YU,CC,D
9:35:01,MYOR,RG,2440,2,D,YU,CC,D
9:35:01,MYOR,RG,2440,1,D,YU,CC,D
9:35:01,MYOR,RG,2440,16,D,YU,CC,D
9:35:00,MYOR,RG,2440,13,D,YU,CC,D
9:35:00,MYOR,RG,2440,1,D,YU,CC,D
9:35:00,MYOR,RG,2440,78,D,YU,CC,D
9:35:00,MYOR,RG,2440,10,D,YU,KK,D
9:35:00,MYOR,RG,2440,6,D,YU,SQ,D
9:35:00,MYOR,RG,2440,9,D,YU,SQ,D
9:35:00,MYOR,RG,2440,15,D,YU,SQ,D
9:35:00,MYOR,RG,2440,10,D,YU,YP,D
9:35:00,MYOR,RG,2440,8,D,YU,PD,D
9:35:00,MYOR,RG,2440,35,D,YU,PD,D
9:34:56,MYOR,RG,2440,10,D,OD,PD,D
9:34:55,MYOR,RG,2430,2,D,YU,KK,D
9:34:30,MYOR,RG,2430,12,D,YU,YP,D
9:34:30,MYOR,RG,2430,2,D,YP,YP,D
9:34:30,MYOR,RG,2430,1,D,YU,YP,D
9:34:28,MYOR,RG,2430,1,D,YU,SQ,D
9:34:25,MYOR,RG,2440,11,D,XL,PD,D
9:34:15,MYOR,RG,2440,4,D,CD,PD,D
9:34:15,MYOR,RG,2440,1,D,CD,PD,D
9:34:15,MYOR,RG,2440,1,D,CD,XC,D
9:34:15,MYOR,RG,2440,40,D,CD,PD,D
9:34:15,MYOR,RG,2440,8,D,CD,GR,D
9:34:15,MYOR,RG,2440,1,D,CD,PD,D
9:34:15,MYOR,RG,2440,150,D,CD,PD,D
9:34:15,MYOR,RG,2440,14,D,CD,YP,D
9:34:15,MYOR,RG,2440,3,D,CD,XC,D
9:34:15,MYOR,RG,2440,15,D,CD,YP,D
9:34:15,MYOR,RG,2440,5,D,CD,PD,D
9:34:15,MYOR,RG,2440,10,D,CD,PD,D
9:34:15,MYOR,RG,2440,25,D,CD,SQ,D
9:34:15,MYOR,RG,2440,25,D,CD,DR,D
9:34:15,MYOR,RG,2440,1,D,CD,EP,D
9:34:15,MYOR,RG,2440,5,D,CD,XC,D
9:34:15,MYOR,RG,2430,8,D,CD,CS,F
9:34:15,MYOR,RG,2430,1,D,CD,DH,D
9:34:15,MYOR,RG,2430,1,D,CD,XC,D
9:34:15,MYOR,RG,2430,10,D,CD,PD,D
9:34:15,MYOR,RG,2430,20,D,CD,NI,D
9:34:15,MYOR,RG,2430,50,D,CD,CC,D
9:34:15,MYOR,RG,2430,4,D,CD,PD,D
9:34:15,MYOR,RG,2430,1,D,CD,AT,D
9:34:15,MYOR,RG,2430,2,D,CD,TF,D
9:34:15,MYOR,RG,2430,1,D,CD,NI,D
9:34:15,MYOR,RG,2430,1,D,CD,PD,D
9:34:15,MYOR,RG,2430,3,D,CD,YP,D
9:34:15,MYOR,RG,2430,10,D,CD,NI,D
9:34:15,MYOR,RG,2430,3,D,CD,PD,D
9:34:15,MYOR,RG,2430,1,D,CD,PD,D
9:34:15,MYOR,RG,2430,5,D,CD,XC,D
9:34:15,MYOR,RG,2430,21,D,CD,EP,D
9:34:15,MYOR,RG,2430,10,D,CD,PD,D
9:34:15,MYOR,RG,2430,5,D,CD,CC,D
9:34:15,MYOR,RG,2430,11,D,CD,YP,D
9:34:15,MYOR,RG,2430,20,D,CD,YP,D
9:34:15,MYOR,RG,2430,4,D,CD,YP,D
9:34:01,MYOR,RG,2430,1,D,YU,YP,D
9:34:01,MYOR,RG,2430,1,D,YU,IF,D
9:34:00,MYOR,RG,2430,3,D,YU,IF,D
9:34:00,MYOR,RG,2430,3,D,YU,IF,D
9:34:00,MYOR,RG,2430,15,D,YU,IF,D
9:34:00,MYOR,RG,2430,4,D,YU,IF,D
9:34:00,MYOR,RG,2430,1,D,YU,DH,D
9:34:00,MYOR,RG,2430,5,D,YU,PD,D
9:34:00,MYOR,RG,2430,4,D,YU,PD,D
9:34:00,MYOR,RG,2430,1,D,YU,KK,D
9:33:57,MYOR,RG,2420,1,D,KK,CS,F
9:33:57,MYOR,RG,2420,9,D,KK,CS,F
9:33:57,MYOR,RG,2420,5,D,KK,CS,F
9:33:57,MYOR,RG,2420,10,D,KK,CS,F
9:33:56,MYOR,RG,2420,8,D,KK,CS,F
9:33:56,MYOR,RG,2420,15,D,KK,XC,D
9:33:56,MYOR,RG,2420,2,D,YU,XC,D
9:33:56,MYOR,RG,2420,2,D,YU,XC,D
9:33:56,MYOR,RG,2420,6,D,KK,XC,D
9:33:56,MYOR,RG,2420,2,D,KK,NI,D
9:33:56,MYOR,RG,2420,4,D,KK,IF,D
9:33:56,MYOR,RG,2420,2,D,KK,EP,D
9:33:56,MYOR,RG,2420,5,D,KK,YP,D
9:33:56,MYOR,RG,2420,10,D,KK,CC,D
9:33:56,MYOR,RG,2420,4,D,KK,CS,F
9:33:56,MYOR,RG,2420,4,D,KK,YP,D
9:33:56,MYOR,RG,2420,13,D,KK,YP,D
9:33:48,MYOR,RG,2420,1,D,YU,YP,D
9:33:48,MYOR,RG,2420,1,D,YU,YP,D
9:33:47,MYOR,RG,2420,1,D,YU,YP,D
9:33:47,MYOR,RG,2420,1,D,YU,YP,D
9:33:47,MYOR,RG,2420,4,D,XC,YP,D
9:33:46,MYOR,RG,2420,1,D,YU,YP,D
9:33:46,MYOR,RG,2420,1,D,YU,YP,D
9:33:46,MYOR,RG,2420,1,D,YU,YP,D
9:33:46,MYOR,RG,2420,1,D,YU,YP,D
9:33:46,MYOR,RG,2420,1,D,YU,YP,D
9:33:45,MYOR,RG,2420,4,D,YU,YP,D
9:33:45,MYOR,RG,2420,1,D,YU,CS,F
9:33:45,MYOR,RG,2420,5,D,YU,CS,F
9:33:45,MYOR,RG,2420,1,D,YU,XC,D
9:33:45,MYOR,RG,2420,1,D,YU,YP,D
9:33:45,MYOR,RG,2420,1,D,YU,PD,D
9:33:45,MYOR,RG,2420,3,D,YU,PD,D
9:33:45,MYOR,RG,2420,1,D,KK,PD,D
9:33:45,MYOR,RG,2420,20,D,KK,PD,D
9:33:45,MYOR,RG,2420,12,D,KK,CS,F
9:33:45,MYOR,RG,2420,17,D,KK,CC,D
9:33:26,MYOR,RG,2420,2,D,YU,CC,D
9:33:26,MYOR,RG,2420,2,D,YU,CC,D
9:33:25,MYOR,RG,2420,9,D,YU,CC,D
9:33:25,MYOR,RG,2420,9,D,YU,CC,D
9:33:25,MYOR,RG,2420,1,D,YU,CC,D
9:33:24,MYOR,RG,2420,50,D,KK,CC,D
9:33:19,MYOR,RG,2420,1,D,DH,CC,D
9:33:07,MYOR,RG,2420,1,D,YU,CC,D
9:33:07,MYOR,RG,2420,1,D,YU,CC,D
9:33:06,MYOR,RG,2420,4,D,CP,CC,D
9:33:05,MYOR,RG,2420,2,D,YU,CC,D
9:33:05,MYOR,RG,2420,2,D,YU,CC,D
9:33:04,MYOR,RG,2420,8,D,EP,CC,D
9:32:29,MYOR,RG,2420,2,D,YU,CC,D
9:32:29,MYOR,RG,2420,2,D,YU,CC,D
9:32:29,MYOR,RG,2420,12,D,YP,CC,D
9:31:49,MYOR,RG,2420,1,D,YU,CC,D
9:31:49,MYOR,RG,2420,1,D,YU,CC,D
9:31:49,MYOR,RG,2420,1,D,XC,CC,D
9:31:19,MYOR,RG,2420,1,D,YU,CC,D
9:31:19,MYOR,RG,2420,1,D,YU,CC,D
9:31:18,MYOR,RG,2420,2,D,YU,CC,D
9:31:18,MYOR,RG,2420,2,D,YU,CC,D
9:31:18,MYOR,RG,2420,1,D,YU,CC,D
9:31:18,MYOR,RG,2420,1,D,YU,CC,D
9:31:18,MYOR,RG,2420,1,D,YU,CC,D
9:31:17,MYOR,RG,2420,3,D,YU,CC,D
9:31:17,MYOR,RG,2420,2,D,YU,NI,D
9:31:17,MYOR,RG,2420,3,D,YU,CS,F
9:31:17,MYOR,RG,2420,1,D,YU,CS,F
9:31:17,MYOR,RG,2420,2,D,YU,AT,D
9:31:17,MYOR,RG,2420,2,D,YU,XC,D
9:31:17,MYOR,RG,2420,2,D,YU,YP,D
9:31:17,MYOR,RG,2420,15,D,YU,YP,D
9:31:17,MYOR,RG,2420,1,D,YU,YP,D
9:31:17,MYOR,RG,2420,2,D,YU,YP,D
9:31:17,MYOR,RG,2420,2,D,YU,YP,D
9:31:16,MYOR,RG,2420,53,D,EP,YP,D
9:31:16,MYOR,RG,2420,2,D,EP,PD,D
9:31:16,MYOR,RG,2420,2,D,EP,TF,D
9:31:16,MYOR,RG,2420,4,D,EP,XC,D
9:31:16,MYOR,RG,2420,10,D,EP,NI,D
9:31:16,MYOR,RG,2420,8,D,EP,LG,D
9:31:16,MYOR,RG,2420,5,D,EP,PD,D
9:31:16,MYOR,RG,2420,5,D,EP,YP,D
9:31:16,MYOR,RG,2420,11,D,EP,PD,D
9:30:22,MYOR,RG,2420,1,D,YU,PD,D
9:30:22,MYOR,RG,2420,1,D,YU,PD,D
9:30:21,MYOR,RG,2420,1,D,YU,PD,D
9:30:21,MYOR,RG,2420,1,D,YU,PD,D
9:30:20,MYOR,RG,2420,1,D,YP,XC,D
9:30:20,MYOR,RG,2420,4,D,YP,YP,D
9:29:31,MYOR,RG,2420,1,D,NI,YP,D
9:29:31,MYOR,RG,2420,1,D,NI,YP,D
9:29:25,MYOR,RG,2420,2,D,XC,YP,D
9:29:07,MYOR,RG,2420,1,D,YU,YP,D
9:29:07,MYOR,RG,2420,1,D,YU,YP,D
9:29:06,MYOR,RG,2420,2,D,CC,YP,D
9:28:19,MYOR,RG,2420,2,D,YU,YP,D
9:28:19,MYOR,RG,2420,1,D,YU,YP,D
9:28:19,MYOR,RG,2420,1,D,YU,PD,D
9:28:18,MYOR,RG,2420,9,D,YU,CC,D
9:28:18,MYOR,RG,2420,1,D,YU,CC,D
9:28:18,MYOR,RG,2420,9,D,YU,CC,D
9:28:17,MYOR,RG,2420,50,D,XC,CC,D
9:27:02,MYOR,RG,2420,2,D,YU,CC,D
9:27:02,MYOR,RG,2420,2,D,YU,CC,D
9:27:01,MYOR,RG,2420,10,D,PD,CC,D
9:26:44,MYOR,RG,2420,1,D,XC,CC,D
9:26:24,MYOR,RG,2420,1,D,YU,CC,D
9:26:24,MYOR,RG,2420,1,D,YU,CC,D
9:26:24,MYOR,RG,2420,2,D,EP,CC,D
9:25:12,MYOR,RG,2420,1,D,YU,CC,D
9:25:12,MYOR,RG,2420,1,D,YU,CC,D
9:25:11,MYOR,RG,2420,1,D,YU,CC,D
9:25:11,MYOR,RG,2420,1,D,YU,CC,D
9:25:11,MYOR,RG,2420,8,D,TP,CC,D
9:25:11,MYOR,RG,2420,2,D,TP,XC,D
9:25:00,MYOR,RG,2420,3,D,YU,XC,D
9:25:00,MYOR,RG,2420,2,D,YU,XC,D
9:25:00,MYOR,RG,2420,1,D,YU,KK,D
9:24:13,MYOR,RG,2410,1,D,YU,CS,F
9:24:13,MYOR,RG,2410,1,D,YU,CS,F
9:24:13,MYOR,RG,2410,1,D,YU,CS,F
9:24:12,MYOR,RG,2410,3,D,YU,CS,F
9:24:12,MYOR,RG,2410,3,D,CC,CS,F
9:24:11,MYOR,RG,2410,5,D,CC,CS,F
9:24:11,MYOR,RG,2410,1,D,CC,XC,D
9:24:11,MYOR,RG,2410,1,D,CC,XC,D
9:24:11,MYOR,RG,2410,1,D,CC,XC,D
9:24:11,MYOR,RG,2410,4,D,CC,CS,F
9:24:11,MYOR,RG,2410,4,D,CC,PD,D
9:24:11,MYOR,RG,2410,1,D,CC,XC,D
9:24:11,MYOR,RG,2410,1,D,CC,NI,D
9:24:11,MYOR,RG,2410,2,D,CC,TF,D
9:24:11,MYOR,RG,2410,8,D,CC,CS,F
9:24:08,MYOR,RG,2410,1,D,YU,CS,F
9:24:08,MYOR,RG,2410,1,D,YU,CS,F
9:24:07,MYOR,RG,2410,2,D,YU,CS,F
9:24:07,MYOR,RG,2410,2,D,YU,NI,D
9:24:07,MYOR,RG,2410,1,D,YU,NI,D
9:24:07,MYOR,RG,2410,1,D,YU,NI,D
9:24:07,MYOR,RG,2410,1,D,YU,NI,D
9:24:07,MYOR,RG,2410,4,D,ZP,NI,D
9:24:07,MYOR,RG,2410,3,D,ZP,NI,D
9:24:07,MYOR,RG,2410,3,D,ZP,NI,D
9:24:07,MYOR,RG,2410,3,D,ZP,NI,D
9:24:07,MYOR,RG,2410,2,D,ZP,NI,D
9:24:07,MYOR,RG,2410,1,D,ZP,XC,D
9:24:03,MYOR,RG,2410,1,D,YU,XC,D
9:24:03,MYOR,RG,2410,1,D,YU,XC,D
9:24:02,MYOR,RG,2410,1,D,YU,XC,D
9:24:02,MYOR,RG,2410,1,D,YU,XC,D
9:24:02,MYOR,RG,2410,1,D,YU,CC,D
9:24:02,MYOR,RG,2410,1,D,YU,CC,D
9:24:01,MYOR,RG,2410,8,D,YU,CC,D
9:24:01,MYOR,RG,2410,1,D,YU,YP,D
9:24:01,MYOR,RG,2410,2,D,YU,NI,D
9:24:01,MYOR,RG,2410,8,D,YU,NI,D
9:24:01,MYOR,RG,2410,2,D,YU,XC,D
9:24:01,MYOR,RG,2410,1,D,YU,NI,D
9:24:01,MYOR,RG,2410,1,D,YU,NI,D
9:24:01,MYOR,RG,2410,1,D,YU,NI,D
9:24:01,MYOR,RG,2410,1,D,YU,NI,D
9:24:00,MYOR,RG,2410,6,D,YP,NI,D
9:24:00,MYOR,RG,2410,1,D,YP,CC,D
9:24:00,MYOR,RG,2410,1,D,YP,CC,D
9:24:00,MYOR,RG,2410,9,D,YP,CS,F
9:24:00,MYOR,RG,2410,1,D,YP,NI,D
9:24:00,MYOR,RG,2410,2,D,YP,YP,D
9:24:00,MYOR,RG,2410,5,D,YP,PD,D
9:24:00,MYOR,RG,2410,12,D,YP,CS,F
9:24:00,MYOR,RG,2410,1,D,YP,NI,D
9:24:00,MYOR,RG,2410,6,D,YP,CS,F
9:24:00,MYOR,RG,2410,2,D,YP,CS,F
9:24:00,MYOR,RG,2410,2,D,YP,PD,D
9:24:00,MYOR,RG,2410,1,D,YP,XC,D
9:24:00,MYOR,RG,2410,5,D,YP,CS,F
9:24:00,MYOR,RG,2410,10,D,YP,CS,F
9:24:00,MYOR,RG,2410,5,D,YP,YP,D
9:24:00,MYOR,RG,2410,1,D,YP,XL,D
9:23:56,MYOR,RG,2410,1,D,YU,NI,D
9:23:56,MYOR,RG,2410,1,D,YU,NI,D
9:23:55,MYOR,RG,2410,2,D,YU,NI,D
9:23:55,MYOR,RG,2410,2,D,YU,NI,D
9:23:55,MYOR,RG,2410,2,D,YU,NI,D
9:23:55,MYOR,RG,2410,2,D,YU,NI,D
9:23:54,MYOR,RG,2400,2,D,YP,CS,F
9:23:54,MYOR,RG,2400,2,D,DR,CS,F
9:23:54,MYOR,RG,2400,9,D,CC,CS,F
9:23:54,MYOR,RG,2400,11,D,CC,CS,F
9:23:45,MYOR,RG,2410,1,D,YU,NI,D
9:23:45,MYOR,RG,2410,1,D,YU,NI,D
9:23:44,MYOR,RG,2410,2,D,YU,NI,D
9:23:44,MYOR,RG,2410,2,D,YU,NI,D
9:23:43,MYOR,RG,2410,1,D,YU,NI,D
9:23:43,MYOR,RG,2400,12,D,CC,CS,F
9:23:43,MYOR,RG,2410,1,D,YU,NI,D
9:23:42,MYOR,RG,2410,3,D,YU,NI,D
9:23:42,MYOR,RG,2410,3,D,YU,NI,D
9:23:42,MYOR,RG,2410,1,D,YU,NI,D
9:23:41,MYOR,RG,2410,1,D,YU,NI,D
9:23:41,MYOR,RG,2410,18,D,YU,NI,D
9:23:41,MYOR,RG,2410,18,D,YU,NI,D
9:23:40,MYOR,RG,2410,100,D,NI,NI,D
9:23:37,MYOR,RG,2410,1,D,YU,NI,D
9:23:37,MYOR,RG,2410,1,D,YU,NI,D
9:23:36,MYOR,RG,2410,3,D,YU,NI,D
9:23:36,MYOR,RG,2410,3,D,YU,NI,D
9:23:36,MYOR,RG,2410,1,D,YU,NI,D
9:23:36,MYOR,RG,2410,1,D,YU,NI,D
9:23:35,MYOR,RG,2400,18,D,CC,CS,F
9:23:35,MYOR,RG,2400,5,D,AT,CS,F
9:23:34,MYOR,RG,2410,1,D,YU,NI,D
9:23:34,MYOR,RG,2410,1,D,YU,NI,D
9:23:33,MYOR,RG,2410,5,D,YU,NI,D
9:23:33,MYOR,RG,2410,5,D,YU,NI,D
9:23:33,MYOR,RG,2410,1,D,YU,NI,D
9:23:33,MYOR,RG,2410,1,D,YU,NI,D
9:23:33,MYOR,RG,2410,20,D,DH,NI,D
9:23:33,MYOR,RG,2400,1,D,PD,CS,F
9:23:33,MYOR,RG,2400,3,D,KK,CS,F
9:23:33,MYOR,RG,2400,2,D,XC,CS,F
9:23:33,MYOR,RG,2400,2,D,TF,CS,F
9:23:32,MYOR,RG,2410,6,D,YU,NI,D
9:23:32,MYOR,RG,2410,6,D,YU,NI,D
9:23:32,MYOR,RG,2410,1,D,YU,NI,D
9:23:32,MYOR,RG,2410,1,D,YU,NI,D
9:23:32,MYOR,RG,2410,1,D,YU,NI,D
9:23:31,MYOR,RG,2410,35,D,YU,NI,D
9:23:31,MYOR,RG,2410,35,D,YU,NI,D
9:23:31,MYOR,RG,2410,2,D,YU,NI,D
9:23:31,MYOR,RG,2410,200,D,YP,NI,D
9:23:02,MYOR,RG,2410,1,D,XC,NI,D
9:20:18,MYOR,RG,2410,1,D,YU,NI,D
9:20:18,MYOR,RG,2410,1,D,YU,NI,D
9:20:17,MYOR,RG,2400,3,D,TF,CS,F
9:19:59,MYOR,RG,2410,1,D,YU,NI,D
9:19:59,MYOR,RG,2410,1,D,YU,NI,D
9:19:58,MYOR,RG,2410,5,D,XC,NI,D
9:19:57,MYOR,RG,2410,1,D,YU,NI,D
9:19:57,MYOR,RG,2410,1,D,YU,NI,D
9:19:56,MYOR,RG,2400,5,D,DH,CS,F
9:19:56,MYOR,RG,2410,1,D,YU,NI,D
9:19:56,MYOR,RG,2410,1,D,YU,NI,D
9:19:55,MYOR,RG,2410,2,D,YU,NI,D
9:19:55,MYOR,RG,2410,2,D,YU,NI,D
9:19:55,MYOR,RG,2410,1,D,YU,NI,D
9:19:55,MYOR,RG,2410,1,D,YU,NI,D
9:19:55,MYOR,RG,2410,1,D,YU,NI,D
9:19:54,MYOR,RG,2400,11,D,DH,CS,F
9:19:54,MYOR,RG,2400,7,D,XC,CS,F
9:18:19,MYOR,RG,2410,1,D,YU,NI,D
9:18:19,MYOR,RG,2410,1,D,YU,NI,D
9:18:19,MYOR,RG,2400,1,D,XC,PD,D
9:18:19,MYOR,RG,2400,1,D,XC,YP,D
9:16:59,MYOR,RG,2400,1,D,XC,PD,D
9:16:15,MYOR,RG,2410,1,D,YU,NI,D
9:16:15,MYOR,RG,2410,1,D,YU,NI,D
9:16:14,MYOR,RG,2400,2,D,DR,CS,F
9:16:14,MYOR,RG,2400,1,D,KK,CS,F
9:15:59,MYOR,RG,2400,3,D,KK,CS,F
9:15:59,MYOR,RG,2410,1,D,YU,NI,D
9:15:59,MYOR,RG,2410,1,D,YU,NI,D
9:15:58,MYOR,RG,2400,1,D,KK,CS,F
9:15:58,MYOR,RG,2400,1,D,KK,CS,F
9:15:48,MYOR,RG,2400,2,D,KK,CS,F
9:15:41,MYOR,RG,2400,1,D,KK,CS,F
9:15:41,MYOR,RG,2410,2,D,YU,NI,D
9:15:41,MYOR,RG,2410,2,D,YU,NI,D
9:15:40,MYOR,RG,2400,8,D,KK,YP,D
9:15:33,MYOR,RG,2400,2,D,KK,CS,F
9:15:28,MYOR,RG,2410,1,D,YU,NI,D
9:15:28,MYOR,RG,2410,1,D,YU,NI,D
9:15:27,MYOR,RG,2400,2,D,KK,CS,F
9:15:26,MYOR,RG,2410,2,D,DR,NI,D
9:15:19,MYOR,RG,2410,2,D,YU,NI,D
9:15:19,MYOR,RG,2410,2,D,YU,NI,D
9:15:18,MYOR,RG,2400,6,D,KK,CS,F
9:15:18,MYOR,RG,2400,2,D,KK,CS,F
9:15:07,MYOR,RG,2400,2,D,KK,CS,F
9:14:59,MYOR,RG,2410,1,D,YU,NI,D
9:14:59,MYOR,RG,2410,1,D,YU,NI,D
9:14:58,MYOR,RG,2410,1,D,YU,NI,D
9:14:58,MYOR,RG,2410,1,D,YU,NI,D
9:14:58,MYOR,RG,2410,1,D,YU,NI,D
9:14:58,MYOR,RG,2410,1,D,YU,NI,D
9:14:57,MYOR,RG,2410,3,D,YU,NI,D
9:14:57,MYOR,RG,2410,3,D,YU,NI,D
9:14:57,MYOR,RG,2410,1,D,YU,NI,D
9:14:57,MYOR,RG,2410,5,D,DR,NI,D
9:14:57,MYOR,RG,2400,3,D,KK,CS,F
9:14:57,MYOR,RG,2400,17,D,KK,XC,D
9:14:50,MYOR,RG,2400,1,D,KK,NI,D
9:14:49,MYOR,RG,2410,1,D,YU,NI,D
9:14:49,MYOR,RG,2410,1,D,YU,NI,D
9:14:48,MYOR,RG,2400,1,D,KK,CS,F
9:14:48,MYOR,RG,2400,2,D,KK,CS,F
9:14:47,MYOR,RG,2400,1,D,YU,CS,F
9:14:47,MYOR,RG,2400,1,D,YU,CS,F
9:14:47,MYOR,RG,2400,1,D,YU,CS,F
9:14:47,MYOR,RG,2400,1,D,YU,CS,F
9:14:47,MYOR,RG,2400,3,D,PD,CS,F
9:14:47,MYOR,RG,2400,2,D,PD,KK,D
9:14:47,MYOR,RG,2400,2,D,PD,CS,F
9:14:47,MYOR,RG,2400,2,D,PD,CS,F
9:14:40,MYOR,RG,2400,1,D,YU,NI,D
9:14:40,MYOR,RG,2400,1,D,YU,NI,D
9:14:39,MYOR,RG,2400,3,D,YU,NI,D
9:14:39,MYOR,RG,2400,3,D,YU,NI,D
9:14:39,MYOR,RG,2400,1,D,YU,NI,D
9:14:39,MYOR,RG,2400,1,D,YU,NI,D
9:14:39,MYOR,RG,2400,10,D,DR,NI,D
9:14:39,MYOR,RG,2400,2,D,DR,CS,F
9:14:39,MYOR,RG,2400,5,D,DR,CS,F
9:14:39,MYOR,RG,2400,8,D,DR,DH,D
9:14:33,MYOR,RG,2400,1,D,YU,DH,D
9:14:33,MYOR,RG,2400,1,D,YU,DH,D
9:14:32,MYOR,RG,2400,5,D,XC,DH,D
9:14:01,MYOR,RG,2400,2,D,YU,DH,D
9:14:01,MYOR,RG,2400,2,D,YU,DH,D
9:14:00,MYOR,RG,2400,10,D,CC,DH,D
9:13:58,MYOR,RG,2400,1,D,YU,DH,D
9:13:58,MYOR,RG,2400,1,D,YU,DH,D
9:13:57,MYOR,RG,2400,1,D,YU,DH,D
9:13:57,MYOR,RG,2400,3,D,YU,DH,D
9:13:57,MYOR,RG,2400,3,D,YU,DH,D
9:13:56,MYOR,RG,2400,14,D,YP,DH,D
9:13:46,MYOR,RG,2400,2,D,YU,DH,D
9:13:46,MYOR,RG,2400,2,D,YU,DH,D
9:13:45,MYOR,RG,2390,12,D,XC,CS,F
9:13:45,MYOR,RG,2400,1,D,YU,DH,D
9:13:45,MYOR,RG,2400,1,D,YU,DH,D
9:13:44,MYOR,RG,2400,5,D,XC,DH,D
9:13:16,MYOR,RG,2400,1,D,YU,DH,D
9:13:16,MYOR,RG,2400,1,D,YU,DH,D
9:13:15,MYOR,RG,2400,4,D,IF,DH,D
9:13:07,MYOR,RG,2400,1,D,YU,DH,D
9:13:07,MYOR,RG,2400,1,D,YU,DH,D
9:13:06,MYOR,RG,2400,1,D,YU,DH,D
9:13:06,MYOR,RG,2400,1,D,YU,DH,D
9:13:06,MYOR,RG,2400,1,D,YU,DH,D
9:13:06,MYOR,RG,2400,1,D,YU,DH,D
9:13:05,MYOR,RG,2400,2,D,YU,DH,D
9:13:05,MYOR,RG,2400,2,D,YU,DH,D
9:13:05,MYOR,RG,2400,7,D,YU,DH,D
9:13:05,MYOR,RG,2400,1,D,YU,DH,D
9:13:05,MYOR,RG,2400,7,D,YU,DH,D
9:13:04,MYOR,RG,2400,2,D,OD,DH,D
9:13:04,MYOR,RG,2400,5,D,YP,DH,D
9:13:04,MYOR,RG,2400,5,D,BQ,DH,D
9:13:04,MYOR,RG,2400,1,D,XC,DH,D
9:13:04,MYOR,RG,2400,43,D,DR,DH,D
9:13:03,MYOR,RG,2410,1,D,YU,NI,D
9:13:03,MYOR,RG,2410,1,D,YU,NI,D
9:13:02,MYOR,RG,2410,2,D,YU,NI,D
9:13:02,MYOR,RG,2410,2,D,YU,NI,D
9:13:01,MYOR,RG,2400,12,D,DR,CS,F
9:12:31,MYOR,RG,2400,2,D,DR,CS,F
9:12:22,MYOR,RG,2410,1,D,YU,NI,D
9:12:22,MYOR,RG,2410,1,D,YU,NI,D
9:12:21,MYOR,RG,2400,2,D,DR,CS,F
9:12:17,MYOR,RG,2400,2,D,DR,PD,D
9:12:12,MYOR,RG,2410,1,D,YU,NI,D
9:12:12,MYOR,RG,2410,1,D,YU,NI,D
9:12:11,MYOR,RG,2400,3,D,DR,CS,F
9:12:03,MYOR,RG,2400,2,D,DR,PD,D
9:12:02,MYOR,RG,2410,1,D,YU,NI,D
9:12:02,MYOR,RG,2410,1,D,YU,NI,D
9:12:01,MYOR,RG,2400,2,D,DR,CS,F
9:11:50,MYOR,RG,2400,2,D,DR,CS,F
9:11:47,MYOR,RG,2410,1,D,YU,NI,D
9:11:47,MYOR,RG,2410,1,D,YU,NI,D
9:11:47,MYOR,RG,2410,1,D,YU,NI,D
9:11:47,MYOR,RG,2410,1,D,YU,NI,D
9:11:46,MYOR,RG,2410,5,D,YU,NI,D
9:11:46,MYOR,RG,2410,5,D,YU,NI,D
9:11:46,MYOR,RG,2410,1,D,YU,NI,D
9:11:46,MYOR,RG,2410,1,D,YU,NI,D
9:11:46,MYOR,RG,2410,1,D,YU,NI,D
9:11:46,MYOR,RG,2400,3,D,DR,CS,F
9:11:45,MYOR,RG,2400,27,D,DR,XC,D
9:11:45,MYOR,RG,2400,4,D,YP,XC,D
9:11:42,MYOR,RG,2410,2,D,YU,NI,D
9:11:42,MYOR,RG,2410,2,D,YU,NI,D
9:11:41,MYOR,RG,2410,10,D,YP,NI,D
9:11:27,MYOR,RG,2410,1,D,NI,NI,D
9:10:57,MYOR,RG,2410,1,D,YU,NI,D
9:10:57,MYOR,RG,2410,1,D,YU,NI,D
9:10:56,MYOR,RG,2400,3,D,YP,CS,F
9:10:56,MYOR,RG,2400,2,D,YP,CS,F
9:10:49,MYOR,RG,2410,1,D,YU,NI,D
9:10:49,MYOR,RG,2410,1,D,YU,NI,D
9:10:49,MYOR,RG,2410,1,D,YU,NI,D
9:10:49,MYOR,RG,2410,1,D,YU,NI,D
9:10:49,MYOR,RG,2410,1,D,YU,NI,D
9:10:48,MYOR,RG,2410,1,D,YU,NI,D
9:10:48,MYOR,RG,2400,9,D,YP,CS,F
9:10:48,MYOR,RG,2400,6,D,YP,CS,F
9:10:37,MYOR,RG,2410,1,D,YU,NI,D
9:10:37,MYOR,RG,2410,1,D,YU,NI,D
9:10:36,MYOR,RG,2410,1,D,YU,NI,D
9:10:36,MYOR,RG,2410,1,D,YU,NI,D
9:10:36,MYOR,RG,2410,2,D,YU,NI,D
9:10:35,MYOR,RG,2410,2,D,YU,NI,D
9:10:35,MYOR,RG,2410,1,D,YU,NI,D
9:10:35,MYOR,RG,2410,1,D,YU,NI,D
9:10:35,MYOR,RG,2400,7,D,YP,CS,F
9:10:35,MYOR,RG,2400,10,D,YP,CS,F
9:10:35,MYOR,RG,2410,1,D,YU,NI,D
9:10:35,MYOR,RG,2410,4,D,YU,KK,D
9:10:34,MYOR,RG,2410,5,D,YU,KK,D
9:10:34,MYOR,RG,2410,1,D,YU,KK,D
9:10:34,MYOR,RG,2410,1,D,YU,KK,D
9:10:34,MYOR,RG,2410,1,D,YU,KK,D
9:10:34,MYOR,RG,2410,2,D,YU,KK,D
9:10:34,MYOR,RG,2410,1,D,YU,KK,D
9:10:34,MYOR,RG,2400,1,D,YU,CS,F
9:10:34,MYOR,RG,2390,1,D,XC,CS,F
9:10:33,MYOR,RG,2410,1,D,YU,KK,D
9:10:33,MYOR,RG,2410,13,D,YU,KK,D
9:10:33,MYOR,RG,2410,4,D,YU,KK,D
9:10:33,MYOR,RG,2410,2,D,YU,PD,D
9:10:33,MYOR,RG,2410,1,D,YU,NI,D
9:10:33,MYOR,RG,2410,3,D,YU,YP,D
9:10:33,MYOR,RG,2400,3,D,YU,CS,F
9:10:33,MYOR,RG,2390,2,D,XC,CS,F
9:10:33,MYOR,RG,2400,4,D,DR,CS,F
9:10:33,MYOR,RG,2400,4,D,DR,CC,D
9:10:33,MYOR,RG,2400,9,D,DR,CS,F
9:10:33,MYOR,RG,2400,1,D,DR,CS,F
9:10:33,MYOR,RG,2400,4,D,DR,CS,F
9:10:33,MYOR,RG,2400,3,D,DR,CS,F
9:10:33,MYOR,RG,2400,2,D,DR,CS,F
9:10:33,MYOR,RG,2400,73,D,DR,DR,D
9:10:28,MYOR,RG,2400,1,D,YU,DR,D
9:10:28,MYOR,RG,2400,1,D,YU,DR,D
9:10:27,MYOR,RG,2400,1,D,YU,DR,D
9:10:27,MYOR,RG,2400,1,D,YU,DR,D
9:10:27,MYOR,RG,2390,8,D,XC,CS,F
9:10:24,MYOR,RG,2390,1,D,XC,XC,D
9:10:16,MYOR,RG,2400,1,D,YU,DR,D
9:10:16,MYOR,RG,2400,1,D,YU,DR,D
9:10:15,MYOR,RG,2390,4,D,XC,AZ,D
9:09:59,MYOR,RG,2400,1,D,YU,DR,D
9:09:59,MYOR,RG,2400,1,D,YU,DR,D
9:09:59,MYOR,RG,2400,5,D,XC,DR,D
9:09:22,MYOR,RG,2400,1,D,XC,DR,D
9:09:14,MYOR,RG,2400,1,D,YU,DR,D
9:09:14,MYOR,RG,2400,1,D,YU,DR,D
9:09:14,MYOR,RG,2400,1,D,YP,DR,D
9:08:32,MYOR,RG,2400,2,D,YU,DR,D
9:08:32,MYOR,RG,2400,2,D,YU,DR,D
9:08:31,MYOR,RG,2390,10,D,XC,XC,D
9:08:24,MYOR,RG,2400,1,D,YU,DR,D
9:08:24,MYOR,RG,2400,1,D,YU,DR,D
9:08:24,MYOR,RG,2400,4,D,CC,DR,D
9:07:42,MYOR,RG,2390,1,D,PD,XC,D
9:07:05,MYOR,RG,2410,1,D,YU,YP,D
9:07:05,MYOR,RG,2410,1,D,YU,YP,D
9:07:05,MYOR,RG,2410,1,D,YU,YP,D
9:07:05,MYOR,RG,2410,1,D,YU,YP,D
9:07:04,MYOR,RG,2390,2,D,CC,CS,F
9:07:04,MYOR,RG,2400,4,D,YP,CS,F
9:07:04,MYOR,RG,2400,2,D,YP,CS,F
9:07:01,MYOR,RG,2410,1,D,YU,YP,D
9:07:01,MYOR,RG,2410,1,D,YU,YP,D
9:07:01,MYOR,RG,2410,1,D,YU,YP,D
9:07:00,MYOR,RG,2400,4,D,YP,CS,F
9:07:00,MYOR,RG,2410,4,D,YU,XC,D
9:07:00,MYOR,RG,2410,1,D,YU,DH,D
9:07:00,MYOR,RG,2410,2,D,YU,DH,D
9:06:42,MYOR,RG,2400,3,D,YU,CS,F
9:06:41,MYOR,RG,2390,2,D,CC,CS,F
9:06:41,MYOR,RG,2400,1,D,YU,CS,F
9:06:41,MYOR,RG,2400,1,D,YU,CS,F
9:06:39,MYOR,RG,2400,2,D,XC,CS,F
9:06:39,MYOR,RG,2400,1,D,XC,NI,D
9:06:39,MYOR,RG,2400,15,D,XC,XC,D
9:06:39,MYOR,RG,2400,6,D,XC,CS,F
9:06:39,MYOR,RG,2400,2,D,XC,CS,F
9:06:39,MYOR,RG,2400,1,D,XC,CS,F
9:06:39,MYOR,RG,2400,3,D,XC,CS,F
9:06:23,MYOR,RG,2400,1,D,YU,XL,D
9:06:23,MYOR,RG,2400,1,D,YU,XL,D
9:06:22,MYOR,RG,2400,1,D,YU,XL,D
9:06:22,MYOR,RG,2400,1,D,YU,XL,D
9:06:21,MYOR,RG,2390,6,D,CC,CS,F
9:06:21,MYOR,RG,2390,1,D,PD,CS,F
9:06:21,MYOR,RG,2400,1,D,YU,XL,D
9:06:21,MYOR,RG,2400,1,D,YU,XL,D
9:06:20,MYOR,RG,2400,4,D,YU,XL,D
9:06:20,MYOR,RG,2400,4,D,YU,XL,D
9:06:19,MYOR,RG,2400,25,D,NI,XL,D
9:05:37,MYOR,RG,2400,1,D,YU,XL,D
9:05:37,MYOR,RG,2400,1,D,YU,XL,D
9:05:36,MYOR,RG,2390,1,D,PD,PC,D
9:05:36,MYOR,RG,2390,1,D,XL,PC,D
9:04:45,MYOR,RG,2400,1,D,YB,XL,D
9:04:03,MYOR,RG,2390,2,D,XL,YP,D
9:02:54,MYOR,RG,2400,1,D,YU,XL,D
9:02:54,MYOR,RG,2400,1,D,YU,XL,D
9:02:54,MYOR,RG,2400,1,D,YP,XL,D
9:02:12,MYOR,RG,2400,1,D,YU,XL,D
9:02:12,MYOR,RG,2400,1,D,YU,XL,D
9:02:12,MYOR,RG,2400,1,D,YU,XL,D
9:02:12,MYOR,RG,2390,2,D,XL,XC,D
9:02:12,MYOR,RG,2390,2,D,KK,XC,D
9:01:36,MYOR,RG,2400,1,D,YU,XL,D
9:01:36,MYOR,RG,2400,1,D,YU,XL,D
9:01:35,MYOR,RG,2390,5,D,PD,CS,F
9:01:24,MYOR,RG,2400,1,D,YU,XL,D
9:01:24,MYOR,RG,2400,1,D,YU,XL,D
9:01:24,MYOR,RG,2400,1,D,YU,XL,D
9:01:24,MYOR,RG,2390,2,D,PD,CS,F
9:01:23,MYOR,RG,2400,2,D,YU,XL,D
9:01:23,MYOR,RG,2400,10,D,YU,XL,D
9:01:23,MYOR,RG,2400,1,D,YU,XL,D
9:01:23,MYOR,RG,2400,8,D,YU,XL,D
9:01:23,MYOR,RG,2400,26,D,YU,XL,D
9:01:14,MYOR,RG,2400,5,D,YU,CS,F
9:01:03,MYOR,RG,2400,3,D,YU,CS,F
9:01:01,MYOR,RG,2400,2,D,YU,CS,F
9:01:01,MYOR,RG,2400,7,D,YU,CS,F
9:01:01,MYOR,RG,2400,4,D,YU,CS,F
9:01:01,MYOR,RG,2400,3,D,YU,CS,F
9:01:00,MYOR,RG,2400,1,D,YU,CS,F
9:01:00,MYOR,RG,2400,8,D,YU,CS,F
9:01:00,MYOR,RG,2400,2,D,YU,CS,F
9:01:00,MYOR,RG,2400,5,D,YU,YP,D
9:01:00,MYOR,RG,2400,4,D,YU,CS,F
9:01:00,MYOR,RG,2400,2,D,YU,CS,F
9:01:00,MYOR,RG,2400,21,D,YU,XC,D
9:01:00,MYOR,RG,2400,2,D,YU,XC,D
9:00:49,MYOR,RG,2390,1,D,PD,CS,F
9:00:49,MYOR,RG,2390,1,D,PD,CS,F
9:00:45,MYOR,RG,2390,2,D,PD,CS,F
9:00:44,MYOR,RG,2390,2,D,PD,YP,D
9:00:44,MYOR,RG,2390,2,D,PD,YP,D
9:00:44,MYOR,RG,2400,1,D,XC,XC,D
9:00:43,MYOR,RG,2400,5,D,XL,XC,D
9:00:42,MYOR,RG,2390,5,D,XL,CS,F
9:00:42,MYOR,RG,2390,18,D,XL,CS,F
9:00:42,MYOR,RG,2390,1,D,CC,CS,F
9:00:42,MYOR,RG,2390,8,D,KK,CS,F
9:00:42,MYOR,RG,2390,1,D,KK,CS,F
9:00:23,MYOR,RG,2400,5,D,NI,XC,D
9:00:19,MYOR,RG,2390,4,D,KK,PD,D
9:00:14,MYOR,RG,2390,2,D,KK,CC,D
9:00:13,MYOR,RG,2390,3,D,XA,PD,D
9:00:12,MYOR,RG,2400,149,D,CC,XC,D
9:00:12,MYOR,RG,2400,1,D,CC,XL,D
9:00:12,MYOR,RG,2400,57,D,CC,OK,D
9:00:08,MYOR,RG,2390,2,D,XC,PD,D