Time,Stock,Brd,Price,Qty,BT,BC,SC,ST
15:14:50,MYOR,RG,2330,5,D,PD,YP,D
15:14:37,MYOR,RG,2330,2,D,YP,YP,D
15:11:32,MYOR,RG,2330,10,D,XL,YP,D
15:11:12,MYOR,RG,2330,50,D,YP,YP,D
15:10:36,MYOR,RG,2330,1,D,CC,YP,D
15:08:49,MYOR,RG,2330,10,D,PD,YP,D
15:08:20,MYOR,RG,2330,50,D,YP,YP,D
15:07:53,MYOR,RG,2330,50,D,YP,YP,D
15:06:16,MYOR,RG,2330,10,D,EP,YP,D
15:06:02,MYOR,RG,2330,2,D,XC,YP,D
15:05:56,MYOR,RG,2330,1,D,PD,YP,D
15:05:48,MYOR,RG,2330,5,D,PD,YP,D
15:05:40,MYOR,RG,2330,50,D,CC,YP,D
15:05:03,MYOR,RG,2330,5,D,YP,YP,D
15:05:02,MYOR,RG,2330,10,D,CC,YP,D
15:05:02,MYOR,RG,2330,1,D,PD,YP,D
15:05:01,MYOR,RG,2330,7,D,YB,YP,D
15:05:01,MYOR,RG,2330,5,D,YB,PD,D
15:05:01,MYOR,RG,2330,1,D,YB,PD,D
15:05:01,MYOR,RG,2330,8,D,YB,NI,D
15:00:00,MYOR,RG,2330,100,D,CC,GR,D
15:00:00,MYOR,RG,2330,5,D,PD,IF,D
15:00:00,MYOR,RG,2330,17,D,PD,IF,D
15:00:00,MYOR,RG,2330,1,D,XC,IF,D
15:00:00,MYOR,RG,2330,1,D,XC,CC,D
15:00:00,MYOR,RG,2330,1,D,KK,CC,D
15:00:00,MYOR,RG,2330,5,D,CC,CC,D
15:00:00,MYOR,RG,2330,3,F,ZP,CC,D
15:00:00,MYOR,RG,2330,396,F,ZP,OD,D
15:00:00,MYOR,RG,2330,104,D,CC,OD,D
15:00:00,MYOR,RG,2330,43,D,CC,YP,D
15:00:00,MYOR,RG,2330,512,D,CC,KZ,F
15:00:00,MYOR,RG,2330,17,D,CC,KZ,F
15:00:00,MYOR,RG,2330,17,D,CC,KZ,F
15:00:00,MYOR,RG,2330,17,D,CC,KZ,F
14:49:16,MYOR,RG,2320,1,F,ZP,KZ,F
14:49:15,MYOR,RG,2320,3,F,ZP,BB,D
14:49:14,MYOR,RG,2320,2,F,ZP,KZ,F
14:49:13,MYOR,RG,2320,4,F,ZP,BB,D
14:49:10,MYOR,RG,2320,8,F,ZP,KZ,F
14:49:09,MYOR,RG,2320,50,F,ZP,PD,D
14:48:53,MYOR,RG,2320,7,F,ZP,BB,D
14:48:53,MYOR,RG,2320,2,F,ZP,CG,D
14:48:53,MYOR,RG,2320,1,F,ZP,KZ,F
14:48:53,MYOR,RG,2320,2,F,ZP,KZ,F
14:48:53,MYOR,RG,2320,7,F,ZP,BB,D
14:48:53,MYOR,RG,2320,12,F,ZP,KZ,F
14:48:53,MYOR,RG,2320,47,F,ZP,CG,D
14:48:53,MYOR,RG,2320,15,F,ZP,KZ,F
14:48:52,MYOR,RG,2310,3,F,ZP,BB,D
14:48:47,MYOR,RG,2320,3,D,PD,KZ,F
14:48:47,MYOR,RG,2320,7,D,PD,CG,D
14:48:46,MYOR,RG,2310,4,F,ZP,KZ,F
14:48:45,MYOR,RG,2310,13,F,ZP,CG,D
14:48:31,MYOR,RG,2310,7,F,ZP,KZ,F
14:48:30,MYOR,RG,2310,22,F,ZP,CG,D
14:48:13,MYOR,RG,2310,1,F,ZP,KZ,F
14:48:11,MYOR,RG,2310,2,F,ZP,KZ,F
14:48:10,MYOR,RG,2310,3,F,ZP,KZ,F
14:48:10,MYOR,RG,2310,92,F,ZP,KZ,F
14:48:10,MYOR,RG,2310,8,F,ZP,KZ,F
14:47:58,MYOR,RG,2320,1,D,PD,CG,D
14:47:58,MYOR,RG,2320,8,D,PD,BB,D
14:47:53,MYOR,RG,2310,10,F,ZP,BB,D
14:47:52,MYOR,RG,2320,6,F,ZP,CG,D
14:47:52,MYOR,RG,2320,33,F,ZP,NI,D
14:47:51,MYOR,RG,2320,1,D,YB,NI,D
14:47:51,MYOR,RG,2320,6,D,AT,NI,D
14:47:51,MYOR,RG,2320,29,F,ZP,NI,D
14:47:51,MYOR,RG,2320,127,F,BK,NI,D
14:47:51,MYOR,RG,2320,52,F,ZP,NI,D
14:47:51,MYOR,RG,2320,2,D,SQ,NI,D
14:47:51,MYOR,RG,2320,8,D,SQ,CG,D
14:47:51,MYOR,RG,2320,1,D,PD,CG,D
14:47:51,MYOR,RG,2320,10,D,DR,CG,D
14:47:50,MYOR,RG,2320,23,D,DR,CG,D
14:47:44,MYOR,RG,2320,8,D,DR,KZ,F
14:47:30,MYOR,RG,2320,23,D,DR,CG,D
14:47:24,MYOR,RG,2320,10,D,XC,KZ,F
14:47:24,MYOR,RG,2320,10,D,NI,KZ,F
14:47:24,MYOR,RG,2320,5,D,PD,KZ,F
14:47:24,MYOR,RG,2320,20,D,XC,KZ,F
14:47:24,MYOR,RG,2320,39,D,XC,KZ,F
14:47:24,MYOR,RG,2320,6,D,HP,KZ,F
14:47:24,MYOR,RG,2320,1,D,YP,KZ,F
14:47:14,MYOR,RG,2320,3,D,YP,KZ,F
14:47:14,MYOR,RG,2320,6,D,YP,KZ,F
14:47:14,MYOR,RG,2320,1,D,XC,KZ,F
14:47:14,MYOR,RG,2320,3,D,XC,KZ,F
14:47:14,MYOR,RG,2320,1,F,ZP,KZ,F
14:47:10,MYOR,RG,2320,33,F,ZP,CG,D
14:47:04,MYOR,RG,2320,3,F,ZP,KZ,F
14:47:01,MYOR,RG,2320,9,F,ZP,BB,D
14:46:54,MYOR,RG,2320,9,F,ZP,CG,D
14:46:54,MYOR,RG,2320,4,F,ZP,KZ,F
14:46:52,MYOR,RG,2320,100,F,ZP,YP,D
14:46:52,MYOR,RG,2320,56,F,ZP,YP,D
14:46:52,MYOR,RG,2320,1,F,BK,YP,D
14:46:52,MYOR,RG,2320,3,D,PD,YP,D
14:46:52,MYOR,RG,2320,10,D,PD,YP,D
14:46:52,MYOR,RG,2320,5,D,GR,YP,D
14:46:52,MYOR,RG,2320,50,D,YP,YP,D
14:46:51,MYOR,RG,2330,9,D,YP,CG,D
14:46:51,MYOR,RG,2330,41,D,YP,AI,D
14:46:44,MYOR,RG,2320,3,D,YP,KZ,F
14:46:44,MYOR,RG,2320,6,D,YP,KZ,F
14:46:35,MYOR,RG,2320,16,D,YP,CG,D
14:46:34,MYOR,RG,2320,21,D,YP,KZ,F
14:46:34,MYOR,RG,2320,2,D,YP,KZ,F
14:46:34,MYOR,RG,2320,152,D,YP,KZ,F
14:46:34,MYOR,RG,2320,10,D,DR,KZ,F
14:46:34,MYOR,RG,2320,6,D,XC,KZ,F
14:46:34,MYOR,RG,2320,50,D,NI,KZ,F
14:46:34,MYOR,RG,2320,10,D,GR,KZ,F
14:46:34,MYOR,RG,2320,90,D,YP,KZ,F
14:46:34,MYOR,RG,2320,1,D,PD,KZ,F
14:46:34,MYOR,RG,2320,1,D,NI,KZ,F
14:46:34,MYOR,RG,2320,2,D,PD,KZ,F
14:46:34,MYOR,RG,2320,6,D,PD,KZ,F
14:46:34,MYOR,RG,2320,200,D,EP,KZ,F
14:46:34,MYOR,RG,2320,2,D,PD,KZ,F
14:46:34,MYOR,RG,2320,5,D,OD,KZ,F
14:46:34,MYOR,RG,2320,20,D,CC,KZ,F
14:46:34,MYOR,RG,2320,119,F,ZP,KZ,F
14:46:26,MYOR,RG,2320,12,F,ZP,KZ,F
14:46:24,MYOR,RG,2320,8,F,ZP,KZ,F
14:46:24,MYOR,RG,2320,25,F,ZP,KZ,F
14:46:24,MYOR,RG,2320,4,F,ZP,KZ,F
14:46:24,MYOR,RG,2320,2,F,ZP,KZ,F
14:46:20,MYOR,RG,2320,11,F,ZP,CG,D
14:46:10,MYOR,RG,2320,9,F,ZP,BB,D
14:46:00,MYOR,RG,2320,17,F,ZP,CG,D
14:45:40,MYOR,RG,2320,11,F,ZP,CG,D
14:45:22,MYOR,RG,2320,5,F,ZP,CG,D
14:45:21,MYOR,RG,2320,8,F,ZP,CG,D
14:45:21,MYOR,RG,2320,11,F,ZP,BB,D
14:45:10,MYOR,RG,2320,4,F,ZP,XC,D
14:45:04,MYOR,RG,2320,11,F,ZP,CG,D
14:45:04,MYOR,RG,2320,1,D,KK,CG,D
14:45:04,MYOR,RG,2330,64,F,ZP,AI,D
14:45:04,MYOR,RG,2320,2,D,YP,GR,D
14:45:04,MYOR,RG,2320,5,D,OD,GR,D
14:45:04,MYOR,RG,2320,2,D,NI,GR,D
14:45:04,MYOR,RG,2320,5,D,KK,GR,D
14:45:04,MYOR,RG,2320,3,D,PD,GR,D
14:45:04,MYOR,RG,2320,1,D,PD,GR,D
14:45:04,MYOR,RG,2320,5,D,CC,GR,D
14:45:04,MYOR,RG,2320,1,D,NI,GR,D
14:45:04,MYOR,RG,2320,4,D,PD,GR,D
14:45:04,MYOR,RG,2320,1,D,PD,GR,D
14:45:04,MYOR,RG,2320,1,D,XC,GR,D
14:45:04,MYOR,RG,2320,2,D,PD,GR,D
14:45:04,MYOR,RG,2320,3,D,XC,GR,D
14:45:04,MYOR,RG,2320,3,D,CC,GR,D
14:45:04,MYOR,RG,2320,5,D,YP,GR,D
14:45:04,MYOR,RG,2320,2,D,HP,GR,D
14:45:04,MYOR,RG,2320,5,D,NI,GR,D
14:45:04,MYOR,RG,2320,150,D,EP,GR,D
14:44:45,MYOR,RG,2320,14,D,EP,CG,D
14:44:38,MYOR,RG,2320,5,D,EP,NI,D
14:44:30,MYOR,RG,2320,9,D,EP,CG,D
14:44:24,MYOR,RG,2320,9,D,EP,BB,D
14:44:19,MYOR,RG,2330,500,D,OD,AI,D
14:44:10,MYOR,RG,2320,10,D,EP,CG,D
14:44:08,MYOR,RG,2320,1,D,EP,YP,D
14:43:54,MYOR,RG,2320,12,D,EP,CG,D
14:43:35,MYOR,RG,2320,12,D,EP,CG,D
14:43:35,MYOR,RG,2320,9,D,EP,BB,D
14:43:15,MYOR,RG,2320,12,D,EP,CG,D
14:42:55,MYOR,RG,2320,17,D,EP,CG,D
14:42:49,MYOR,RG,2330,27,F,ZP,AI,D
14:42:47,MYOR,RG,2320,8,D,EP,BB,D
14:42:35,MYOR,RG,2320,9,D,EP,CG,D
14:42:15,MYOR,RG,2320,14,D,EP,CG,D
14:42:03,MYOR,RG,2330,37,F,ZP,AI,D
14:42:02,MYOR,RG,2320,9,D,EP,YU,D
14:42:02,MYOR,RG,2320,3,D,PD,YU,D
14:42:02,MYOR,RG,2320,1,D,CC,YU,D
14:42:02,MYOR,RG,2320,21,D,YP,YU,D
14:42:02,MYOR,RG,2320,2,D,YP,YU,D
14:42:02,MYOR,RG,2320,4,D,YP,YU,D
14:42:02,MYOR,RG,2320,10,D,SQ,YU,D
14:42:02,MYOR,RG,2320,150,D,GR,YU,D
14:42:01,MYOR,RG,2320,10,D,GR,BB,D
14:41:55,MYOR,RG,2320,18,D,GR,CG,D
14:41:44,MYOR,RG,2330,300,D,FS,AI,D
14:41:40,MYOR,RG,2320,15,D,GR,CG,D
14:41:34,MYOR,RG,2330,300,D,FS,AI,D
14:41:21,MYOR,RG,2320,16,D,GR,CG,D
14:41:11,MYOR,RG,2320,8,D,GR,BB,D
14:41:10,MYOR,RG,2330,25,D,AR,AI,D
14:41:09,MYOR,RG,2320,100,D,GR,YP,D
14:41:05,MYOR,RG,2320,4,D,GR,CG,D
14:41:05,MYOR,RG,2320,6,D,YP,CG,D
14:41:04,MYOR,RG,2320,12,D,YP,KZ,F
14:41:00,MYOR,RG,2320,3,D,YP,SQ,D
14:41:00,MYOR,RG,2320,1,D,YP,SQ,D
14:41:00,MYOR,RG,2320,1,D,YP,SQ,D
14:40:54,MYOR,RG,2320,24,D,YP,KZ,F
14:40:54,MYOR,RG,2320,2,D,PD,KZ,F
14:40:54,MYOR,RG,2320,1,D,CC,KZ,F
14:40:54,MYOR,RG,2320,1,D,PD,KZ,F
14:40:54,MYOR,RG,2320,5,D,YP,KZ,F
14:40:54,MYOR,RG,2320,4,D,YP,KZ,F
14:40:54,MYOR,RG,2320,5,D,YP,KZ,F
14:40:45,MYOR,RG,2320,14,D,YP,CG,D
14:40:30,MYOR,RG,2320,14,D,YP,CG,D
14:40:25,MYOR,RG,2320,10,D,YP,BB,D
14:40:09,MYOR,RG,2320,9,D,YP,CG,D
14:40:08,MYOR,RG,2320,1,D,YP,XC,D
14:39:34,MYOR,RG,2320,3,D,YP,KZ,F
14:39:33,MYOR,RG,2320,9,D,YP,BB,D
14:39:21,MYOR,RG,2320,7,D,YP,XC,D
14:38:44,MYOR,RG,2320,3,D,YP,KZ,F
14:38:43,MYOR,RG,2320,8,D,YP,BB,D
14:37:58,MYOR,RG,2320,9,D,YP,BB,D
14:37:54,MYOR,RG,2320,4,D,YP,KZ,F
14:37:54,MYOR,RG,2320,38,D,YP,KZ,F
14:37:54,MYOR,RG,2320,62,D,YP,KZ,F
14:37:54,MYOR,RG,2320,9,D,YP,KZ,F
14:37:54,MYOR,RG,2320,1,D,YP,KZ,F
14:37:50,MYOR,RG,2320,40,D,YP,PD,D
14:37:50,MYOR,RG,2320,20,D,NI,PD,D
14:37:50,MYOR,RG,2320,2,D,AZ,PD,D
14:37:50,MYOR,RG,2320,10,D,KK,PD,D
14:37:50,MYOR,RG,2320,1,D,AO,PD,D
14:37:50,MYOR,RG,2320,27,F,ZP,PD,D
14:37:11,MYOR,RG,2320,10,F,ZP,BB,D
14:36:54,MYOR,RG,2320,1,F,ZP,CC,D
14:36:54,MYOR,RG,2320,16,D,YP,CC,D
14:36:28,MYOR,RG,2320,50,D,YP,IF,D
14:36:17,MYOR,RG,2320,9,D,YP,BB,D
14:36:03,MYOR,RG,2320,4,D,YP,DH,D
14:35:48,MYOR,RG,2320,5,D,YP,EP,D
14:35:48,MYOR,RG,2330,206,D,FS,AI,D
14:35:48,MYOR,RG,2330,47,D,FS,KZ,F
14:35:48,MYOR,RG,2330,2,D,FS,KZ,F
14:35:48,MYOR,RG,2330,142,D,FS,CG,D
14:35:48,MYOR,RG,2330,44,D,FS,KZ,F
14:35:44,MYOR,RG,2320,7,D,YP,KZ,F
14:35:30,MYOR,RG,2320,8,D,YP,BB,D
14:35:30,MYOR,RG,2320,11,D,YP,CG,D
14:35:24,MYOR,RG,2320,40,D,YP,KK,D
14:35:17,MYOR,RG,2320,50,D,YP,PD,D
14:35:10,MYOR,RG,2320,18,D,YP,CG,D
14:34:54,MYOR,RG,2320,2,D,YP,KZ,F
14:34:48,MYOR,RG,2320,11,D,YP,CG,D
14:34:45,MYOR,RG,2320,9,D,YP,BB,D
14:34:44,MYOR,RG,2320,13,D,YP,KZ,F
14:34:30,MYOR,RG,2320,8,D,YP,CG,D
14:34:24,MYOR,RG,2320,21,D,YP,KZ,F
14:34:10,MYOR,RG,2320,9,D,YP,CG,D
14:34:06,MYOR,RG,2320,8,D,YP,XC,D
14:34:00,MYOR,RG,2320,1,D,YP,PD,D
14:33:59,MYOR,RG,2320,9,D,YP,BB,D
14:33:50,MYOR,RG,2320,7,D,YP,CG,D
14:33:44,MYOR,RG,2320,4,D,YP,PD,D
14:33:34,MYOR,RG,2320,1,D,YP,KZ,F
14:33:30,MYOR,RG,2320,6,D,YP,CG,D
14:33:09,MYOR,RG,2320,8,D,YP,CG,D
14:33:08,MYOR,RG,2320,9,D,YP,BB,D
14:32:55,MYOR,RG,2320,8,D,YP,CG,D
14:32:35,MYOR,RG,2320,7,D,YP,CG,D
14:32:16,MYOR,RG,2320,10,D,YP,BB,D
14:32:15,MYOR,RG,2320,8,D,YP,CG,D
14:31:55,MYOR,RG,2320,8,D,YP,CG,D
14:31:44,MYOR,RG,2320,3,D,YP,KZ,F
14:31:44,MYOR,RG,2320,4,D,YP,KZ,F
14:31:35,MYOR,RG,2320,9,D,YP,CG,D
14:31:26,MYOR,RG,2320,9,D,YP,BB,D
14:31:15,MYOR,RG,2320,9,D,YP,CG,D
14:30:55,MYOR,RG,2320,12,D,YP,CG,D
14:30:36,MYOR,RG,2320,9,D,YP,BB,D
14:29:49,MYOR,RG,2320,5,D,YP,BB,D
14:29:34,MYOR,RG,2320,62,D,YP,CC,D
14:29:15,MYOR,RG,2320,9,D,YP,YP,D
14:28:27,MYOR,RG,2320,12,D,YP,PD,D
14:27:21,MYOR,RG,2330,1,D,NI,KZ,F
14:27:17,MYOR,RG,2330,45,D,NI,KZ,F
14:26:40,MYOR,RG,2330,5,D,CC,CG,D
14:26:40,MYOR,RG,2330,80,F,ZP,CG,D
14:26:40,MYOR,RG,2330,20,D,PD,CG,D
14:26:40,MYOR,RG,2330,1,D,PD,GR,D
14:26:40,MYOR,RG,2330,50,D,YP,GR,D
14:26:40,MYOR,RG,2330,10,D,PD,GR,D
14:26:40,MYOR,RG,2330,20,D,NI,GR,D
14:26:40,MYOR,RG,2330,3,D,PD,GR,D
14:26:40,MYOR,RG,2330,16,D,YP,GR,D
14:26:39,MYOR,RG,2330,5,D,YP,KZ,F
14:26:39,MYOR,RG,2330,60,D,YP,KZ,F
14:26:39,MYOR,RG,2330,3,D,YP,KZ,F
14:26:39,MYOR,RG,2330,3,D,PD,KZ,F
14:26:39,MYOR,RG,2330,5,D,AZ,KZ,F
14:26:39,MYOR,RG,2330,1,D,PD,KZ,F
14:26:39,MYOR,RG,2330,4,D,YP,KZ,F
14:26:39,MYOR,RG,2330,1,D,NI,KZ,F
14:26:39,MYOR,RG,2330,15,D,CC,KZ,F
14:26:39,MYOR,RG,2330,20,D,CC,KZ,F
14:26:39,MYOR,RG,2330,2,D,XC,KZ,F
14:26:39,MYOR,RG,2330,9,D,NI,KZ,F
14:26:39,MYOR,RG,2330,5,D,OD,KZ,F
14:26:39,MYOR,RG,2330,15,D,CC,KZ,F
14:26:39,MYOR,RG,2330,10,D,CC,CG,D
14:26:38,MYOR,RG,2330,55,D,CC,BQ,D
14:26:38,MYOR,RG,2330,1,D,PD,BQ,D
14:26:38,MYOR,RG,2330,444,D,YP,BQ,D
14:26:34,MYOR,RG,2330,1,D,YP,KZ,F
14:26:34,MYOR,RG,2330,4,D,YP,KZ,F
14:26:26,MYOR,RG,2340,1,D,KK,AI,D
14:26:20,MYOR,RG,2330,10,D,YP,CG,D
14:26:04,MYOR,RG,2330,17,D,YP,KZ,F
14:26:04,MYOR,RG,2330,13,D,YP,KZ,F
14:26:04,MYOR,RG,2330,11,D,YP,KZ,F
14:26:04,MYOR,RG,2330,22,F,ZP,KZ,F
14:26:02,MYOR,RG,2330,8,F,ZP,CG,D
14:26:00,MYOR,RG,2330,92,F,ZP,YP,D
14:26:00,MYOR,RG,2330,38,D,FS,YP,D
14:25:54,MYOR,RG,2330,30,D,FS,KZ,F
14:25:54,MYOR,RG,2330,2,D,FS,KZ,F
14:25:54,MYOR,RG,2330,2,D,FS,KZ,F
14:25:49,MYOR,RG,2330,93,D,FS,KZ,F
14:25:47,MYOR,RG,2330,6,D,FS,CG,D
14:25:46,MYOR,RG,2330,129,D,FS,KZ,F
14:25:46,MYOR,RG,2330,2,D,KK,KZ,F
14:25:46,MYOR,RG,2330,2,D,NI,KZ,F
14:25:46,MYOR,RG,2330,81,D,PD,KZ,F
14:25:46,MYOR,RG,2330,28,F,BK,KZ,F
14:25:45,MYOR,RG,2330,20,F,BK,BQ,D
14:25:45,MYOR,RG,2330,10,D,YB,BQ,D
14:25:45,MYOR,RG,2330,244,F,ZP,BQ,D
14:25:45,MYOR,RG,2330,726,F,ZP,BQ,D
14:25:30,MYOR,RG,2330,6,F,ZP,CG,D
14:25:10,MYOR,RG,2330,6,F,ZP,CG,D
14:24:36,MYOR,RG,2330,40,F,ZP,CC,D
14:24:21,MYOR,RG,2340,20,D,PD,AI,D
14:23:59,MYOR,RG,2340,5,D,OD,AI,D
14:23:22,MYOR,RG,2340,25,D,YU,AI,D
14:23:14,MYOR,RG,2330,100,F,ZP,KZ,F
14:23:04,MYOR,RG,2330,125,F,ZP,KZ,F
14:22:02,MYOR,RG,2340,300,D,FS,AI,D
14:21:54,MYOR,RG,2330,44,F,ZP,KZ,F
14:20:27,MYOR,RG,2330,100,F,ZP,EP,D
14:19:21,MYOR,RG,2340,23,D,CC,AI,D
14:18:40,MYOR,RG,2340,9,D,NI,AI,D
14:17:41,MYOR,RG,2330,30,F,ZP,NI,D
14:17:37,MYOR,RG,2340,20,D,CC,AI,D
14:16:06,MYOR,RG,2340,300,D,FS,AI,D
14:15:38,MYOR,RG,2340,6,D,SQ,AI,D
14:14:51,MYOR,RG,2340,18,D,CC,AI,D
14:14:31,MYOR,RG,2340,1,D,XC,AI,D
14:14:19,MYOR,RG,2340,1,D,PD,AI,D
14:14:05,MYOR,RG,2330,50,F,ZP,NI,D
14:14:02,MYOR,RG,2330,2,F,ZP,XC,D
14:12:55,MYOR,RG,2330,1,F,ZP,YP,D
14:12:46,MYOR,RG,2330,1,F,ZP,KZ,F
14:12:46,MYOR,RG,2330,2,F,ZP,KZ,F
14:12:46,MYOR,RG,2330,2,F,ZP,CG,D
14:12:46,MYOR,RG,2330,3,F,ZP,BB,D
14:12:44,MYOR,RG,2330,5,D,YP,BB,D
14:12:41,MYOR,RG,2330,5,D,MU,BB,D
14:12:41,MYOR,RG,2330,5,D,MU,KZ,F
14:12:41,MYOR,RG,2330,10,D,MU,BB,D
14:12:41,MYOR,RG,2330,5,D,MU,KZ,F
14:12:41,MYOR,RG,2330,5,D,MU,KZ,F
14:12:41,MYOR,RG,2330,3,D,MU,XC,D
14:12:41,MYOR,RG,2330,3,D,MU,XC,D
14:12:41,MYOR,RG,2330,3,D,MU,XC,D
14:12:41,MYOR,RG,2330,11,D,MU,CG,D
14:12:40,MYOR,RG,2330,1,D,PD,CG,D
14:12:31,MYOR,RG,2330,13,D,YP,CG,D
14:12:31,MYOR,RG,2330,7,D,YP,KZ,F
14:12:31,MYOR,RG,2330,79,D,YP,KZ,F
14:12:31,MYOR,RG,2330,64,D,YP,CG,D
14:12:31,MYOR,RG,2330,87,D,YP,BB,D
14:11:46,MYOR,RG,2330,86,D,YP,BB,D
14:11:46,MYOR,RG,2330,2,D,YP,KZ,F
14:11:46,MYOR,RG,2330,7,D,YP,KZ,F
14:11:46,MYOR,RG,2330,21,D,YP,KK,D
14:11:46,MYOR,RG,2330,13,D,YP,KZ,F
14:11:46,MYOR,RG,2330,1,D,YP,PD,D
14:11:46,MYOR,RG,2330,4,D,YP,KZ,F
14:11:46,MYOR,RG,2330,19,D,YP,CG,D
14:11:46,MYOR,RG,2330,1,D,YP,CC,D
14:11:46,MYOR,RG,2330,41,D,YP,KZ,F
14:11:46,MYOR,RG,2330,4,D,YP,KZ,F
14:11:46,MYOR,RG,2330,2,D,YP,KZ,F
14:11:46,MYOR,RG,2330,3,D,YP,KZ,F
14:11:46,MYOR,RG,2330,2,D,YP,KZ,F
14:11:46,MYOR,RG,2330,2,D,YP,KZ,F
14:11:46,MYOR,RG,2330,21,D,YP,KZ,F
14:11:46,MYOR,RG,2330,6,D,YP,KZ,F
14:11:46,MYOR,RG,2330,31,D,YP,CG,D
14:11:46,MYOR,RG,2330,108,D,YP,BB,D
14:11:46,MYOR,RG,2330,2,D,YP,KZ,F
14:11:46,MYOR,RG,2330,224,D,YP,KZ,F
14:11:46,MYOR,RG,2330,400,D,YP,BQ,D
14:11:24,MYOR,RG,2330,100,D,SS,BQ,D
14:11:24,MYOR,RG,2330,189,D,SS,CG,D
14:11:24,MYOR,RG,2330,2,D,SS,PD,D
14:11:24,MYOR,RG,2330,5,D,SS,PD,D
14:11:24,MYOR,RG,2330,4,D,SS,NI,D
14:11:20,MYOR,RG,2320,10,D,YP,CG,D
14:10:39,MYOR,RG,2330,1,D,YP,KZ,F
14:10:39,MYOR,RG,2330,10,D,YP,KZ,F
14:10:39,MYOR,RG,2330,19,D,YP,YP,D
14:10:35,MYOR,RG,2330,5,F,ZP,YP,D
14:10:10,MYOR,RG,2330,6,D,MU,YP,D
14:10:10,MYOR,RG,2330,5,D,MU,KZ,F
14:10:10,MYOR,RG,2330,3,D,MU,KZ,F
14:10:10,MYOR,RG,2330,5,D,MU,KZ,F
14:10:10,MYOR,RG,2330,6,D,MU,KZ,F
14:10:10,MYOR,RG,2330,16,D,MU,CG,D
14:10:10,MYOR,RG,2330,3,D,MU,KZ,F
14:10:10,MYOR,RG,2330,6,D,MU,CG,D
14:10:05,MYOR,RG,2320,6,D,YP,CG,D
14:09:16,MYOR,RG,2330,3,D,PD,CG,D
14:09:13,MYOR,RG,2330,2,D,MU,CG,D
14:09:13,MYOR,RG,2330,4,D,MU,KZ,F
14:09:13,MYOR,RG,2330,14,D,MU,CG,D
14:09:13,MYOR,RG,2330,25,D,MU,BB,D
14:09:13,MYOR,RG,2330,3,D,MU,CC,D
14:09:13,MYOR,RG,2330,2,D,MU,KZ,F
14:09:10,MYOR,RG,2320,10,D,YP,CG,D
14:08:50,MYOR,RG,2320,11,D,YP,CG,D
14:08:35,MYOR,RG,2330,1,D,BQ,KZ,F
14:08:35,MYOR,RG,2330,2,D,BQ,BQ,D
14:08:30,MYOR,RG,2320,11,D,YP,CG,D
14:08:14,MYOR,RG,2320,4,D,YP,KZ,F
14:08:10,MYOR,RG,2320,13,D,YP,CG,D
14:07:50,MYOR,RG,2320,6,D,YP,CG,D
14:07:30,MYOR,RG,2320,7,D,YP,CG,D
14:07:10,MYOR,RG,2320,8,D,YP,CG,D
14:06:50,MYOR,RG,2320,5,D,YP,CG,D
14:06:31,MYOR,RG,2320,64,D,YP,BB,D
14:06:30,MYOR,RG,2320,8,D,YP,CG,D
14:06:25,MYOR,RG,2330,10,D,PD,BQ,D
14:06:14,MYOR,RG,2320,2,D,YP,KZ,F
14:06:11,MYOR,RG,2320,6,D,YP,CG,D
14:05:55,MYOR,RG,2320,7,D,YP,CG,D
14:05:35,MYOR,RG,2320,8,D,YP,CG,D
14:05:15,MYOR,RG,2320,8,D,YP,CG,D
14:05:14,MYOR,RG,2330,50,D,CC,BQ,D
14:05:14,MYOR,RG,2330,21,D,YP,BQ,D
14:04:53,MYOR,RG,2330,217,D,FS,BQ,D
14:04:53,MYOR,RG,2330,32,D,FS,KZ,F
14:04:53,MYOR,RG,2330,51,D,FS,KZ,F
14:04:07,MYOR,RG,2320,1,D,YP,XC,D
14:04:06,MYOR,RG,2330,100,D,SQ,KZ,F
14:04:00,MYOR,RG,2330,40,D,KK,KZ,F
14:02:36,MYOR,RG,2330,5,D,EP,KZ,F
14:02:36,MYOR,RG,2330,5,D,EP,CG,D
14:02:23,MYOR,RG,2330,1,D,PD,CG,D
14:02:01,MYOR,RG,2330,1,D,PD,CG,D
14:01:59,MYOR,RG,2330,43,D,FS,CG,D
14:01:59,MYOR,RG,2330,257,D,FS,AI,D
14:00:50,MYOR,RG,2330,45,F,ZP,AI,D
14:00:48,MYOR,RG,2320,1,D,YP,CC,D
13:58:43,MYOR,RG,2330,7,D,XC,AI,D
13:57:59,MYOR,RG,2330,3,D,XC,AI,D
13:57:42,MYOR,RG,2330,5,D,PD,AI,D
13:56:56,MYOR,RG,2330,1,D,YP,AI,D
13:56:01,MYOR,RG,2330,2,D,PD,AI,D
13:55:46,MYOR,RG,2320,10,D,YP,PD,D
13:54:18,MYOR,RG,2320,1,D,YP,YP,D
13:51:06,MYOR,RG,2320,50,D,YP,KZ,F
13:51:06,MYOR,RG,2320,58,D,YP,CG,D
13:51:06,MYOR,RG,2320,26,D,YP,BB,D
13:51:06,MYOR,RG,2320,1,D,YP,PD,D
13:51:06,MYOR,RG,2320,1,D,YP,KZ,F
13:51:06,MYOR,RG,2320,59,D,YP,CG,D
13:51:06,MYOR,RG,2320,8,D,YP,KZ,F
13:51:06,MYOR,RG,2320,25,D,YP,CG,D
13:51:06,MYOR,RG,2320,37,D,YP,KZ,F
13:50:33,MYOR,RG,2320,6,F,ZP,KZ,F
13:50:33,MYOR,RG,2320,7,F,ZP,KZ,F
13:50:24,MYOR,RG,2310,2,F,ZP,KZ,F
13:49:54,MYOR,RG,2320,5,D,SQ,KZ,F
13:49:52,MYOR,RG,2320,2,D,YP,KZ,F
13:49:49,MYOR,RG,2320,1,D,PD,KZ,F
13:49:43,MYOR,RG,2320,1,D,PD,KZ,F
13:49:37,MYOR,RG,2320,20,D,PD,KZ,F
13:49:11,MYOR,RG,2320,1,D,AZ,KZ,F
13:49:08,MYOR,RG,2320,1,D,AT,BB,D
13:49:02,MYOR,RG,2320,1,D,XC,BB,D
13:49:00,MYOR,RG,2320,43,F,ZP,BB,D
13:47:54,MYOR,RG,2320,82,D,GR,BB,D
13:47:54,MYOR,RG,2320,18,D,GR,CG,D
13:47:51,MYOR,RG,2320,40,D,CC,CG,D
13:47:45,MYOR,RG,2320,59,F,ZP,CG,D
13:47:45,MYOR,RG,2320,2,F,ZP,KZ,F
13:47:45,MYOR,RG,2320,3,F,ZP,KZ,F
13:47:45,MYOR,RG,2320,14,F,ZP,KZ,F
13:47:45,MYOR,RG,2320,42,D,PD,KZ,F
13:47:27,MYOR,RG,2320,20,D,PD,KZ,F
13:47:27,MYOR,RG,2320,9,D,PD,KZ,F
13:47:27,MYOR,RG,2320,21,D,PD,CG,D
13:47:18,MYOR,RG,2320,1,D,YP,CG,D
13:47:09,MYOR,RG,2320,3,D,PD,CG,D
13:47:09,MYOR,RG,2320,12,D,PD,KZ,F
13:46:53,MYOR,RG,2320,9,D,FS,KZ,F
13:46:53,MYOR,RG,2320,64,D,FS,YP,D
13:46:53,MYOR,RG,2320,20,D,FS,KZ,F
13:46:53,MYOR,RG,2320,81,D,FS,KZ,F
13:46:53,MYOR,RG,2320,1,D,FS,KZ,F
13:46:53,MYOR,RG,2320,125,D,FS,KZ,F
13:44:59,MYOR,RG,2310,1,F,ZP,PD,D
13:44:49,MYOR,RG,2320,7,D,XC,KZ,F
13:44:49,MYOR,RG,2320,43,D,XC,KZ,F
13:44:16,MYOR,RG,2320,28,F,ZP,KZ,F
13:44:16,MYOR,RG,2320,2,F,ZP,KZ,F
13:44:16,MYOR,RG,2320,28,F,ZP,BB,D
13:44:14,MYOR,RG,2320,47,D,FS,BB,D
13:44:14,MYOR,RG,2320,142,D,FS,CG,D
13:44:14,MYOR,RG,2320,111,D,FS,KZ,F
13:43:55,MYOR,RG,2310,8,F,ZP,CG,D
13:43:35,MYOR,RG,2310,8,F,ZP,CG,D
13:43:17,MYOR,RG,2320,38,F,ZP,KZ,F
13:43:15,MYOR,RG,2310,11,F,ZP,CG,D
13:42:55,MYOR,RG,2320,30,D,CC,KZ,F
13:42:46,MYOR,RG,2320,1,D,YP,KZ,F
13:42:42,MYOR,RG,2320,25,D,PD,KZ,F
13:42:15,MYOR,RG,2320,3,D,PD,KZ,F
13:42:07,MYOR,RG,2320,12,D,PD,KZ,F
13:42:04,MYOR,RG,2320,5,D,YP,KZ,F
13:41:55,MYOR,RG,2320,20,F,BK,KZ,F
13:41:55,MYOR,RG,2320,204,F,ZP,KZ,F
13:41:55,MYOR,RG,2320,391,D,YU,KZ,F
13:41:54,MYOR,RG,2320,1,D,YU,KZ,F
13:41:54,MYOR,RG,2320,3,D,YU,KZ,F
13:41:54,MYOR,RG,2320,2,D,YU,KZ,F
13:41:54,MYOR,RG,2320,3,D,YU,KZ,F
13:41:45,MYOR,RG,2320,10,D,XC,CG,D
13:41:45,MYOR,RG,2320,6,D,XC,CG,D
13:41:45,MYOR,RG,2320,12,D,CC,CG,D
13:41:44,MYOR,RG,2320,13,D,CC,AI,D
13:41:44,MYOR,RG,2320,5,D,PD,AI,D
13:41:44,MYOR,RG,2320,5,D,XL,AI,D
13:41:44,MYOR,RG,2320,3,D,PD,AI,D
13:41:44,MYOR,RG,2320,5,D,XC,AI,D
13:41:44,MYOR,RG,2320,3,D,PD,AI,D
13:41:44,MYOR,RG,2320,5,D,DR,AI,D
13:41:44,MYOR,RG,2320,1,D,PD,AI,D
13:41:44,MYOR,RG,2320,130,D,CC,AI,D
13:41:44,MYOR,RG,2320,10,D,NI,AI,D
13:41:44,MYOR,RG,2320,5,D,YP,AI,D
13:41:44,MYOR,RG,2320,10,D,DH,AI,D
13:41:44,MYOR,RG,2320,130,D,YP,AI,D
13:41:44,MYOR,RG,2320,9,D,PD,AI,D
13:41:44,MYOR,RG,2320,15,D,YP,AI,D
13:41:44,MYOR,RG,2320,20,D,PD,AI,D
13:41:44,MYOR,RG,2320,10,D,SQ,AI,D
13:41:44,MYOR,RG,2320,3,D,PD,AI,D
13:41:44,MYOR,RG,2320,1,D,EP,AI,D
13:41:44,MYOR,RG,2320,1,D,PD,AI,D
13:41:44,MYOR,RG,2320,1,D,YP,AI,D
13:41:44,MYOR,RG,2320,5,D,NI,AI,D
13:41:44,MYOR,RG,2320,300,F,ZP,AI,D
13:41:44,MYOR,RG,2320,2,D,XC,AI,D
13:41:44,MYOR,RG,2320,5,D,EP,AI,D
13:41:44,MYOR,RG,2320,5,D,KK,AI,D
13:41:44,MYOR,RG,2320,3,D,YP,AI,D
13:41:44,MYOR,RG,2320,10,D,YP,AI,D
13:41:44,MYOR,RG,2320,1,D,XC,AI,D
13:41:44,MYOR,RG,2320,5,D,CC,AI,D
13:41:44,MYOR,RG,2320,2,D,PD,AI,D
13:41:44,MYOR,RG,2320,5,D,YP,AI,D
13:41:44,MYOR,RG,2320,1,D,PD,AI,D
13:41:44,MYOR,RG,2320,10,D,PD,AI,D
13:41:44,MYOR,RG,2320,2,D,PD,AI,D
13:41:44,MYOR,RG,2320,2,D,PD,AI,D
13:41:44,MYOR,RG,2320,2,D,XC,AI,D
13:41:44,MYOR,RG,2320,6,D,XC,AI,D
13:41:44,MYOR,RG,2320,6,D,YP,AI,D
13:41:44,MYOR,RG,2320,1,D,XC,AI,D
13:41:44,MYOR,RG,2320,2,D,PD,AI,D
13:41:44,MYOR,RG,2320,7,D,XC,AI,D
13:41:44,MYOR,RG,2320,1,D,PD,AI,D
13:41:44,MYOR,RG,2320,1,D,PD,AI,D
13:41:44,MYOR,RG,2320,2,D,PD,AI,D
13:41:44,MYOR,RG,2320,1,D,XC,AI,D
13:41:44,MYOR,RG,2320,4,D,PD,AI,D
13:41:44,MYOR,RG,2320,2,D,PD,AI,D
13:41:44,MYOR,RG,2320,30,D,YP,AI,D
13:41:44,MYOR,RG,2320,2,D,YP,AI,D
13:41:44,MYOR,RG,2320,10,D,YP,AI,D
13:41:44,MYOR,RG,2320,15,D,YP,AI,D
13:41:44,MYOR,RG,2320,1,D,YB,AI,D
13:41:44,MYOR,RG,2320,100,D,YP,AI,D
13:41:44,MYOR,RG,2320,1,D,PC,AI,D
13:41:44,MYOR,RG,2320,1,D,EP,AI,D
13:41:44,MYOR,RG,2320,1,D,PC,AI,D
13:41:44,MYOR,RG,2320,100,D,CP,AI,D
13:41:44,MYOR,RG,2320,6,D,XC,AI,D
13:41:44,MYOR,RG,2320,10,D,DR,AI,D
13:41:44,MYOR,RG,2320,10,D,SQ,AI,D
13:41:44,MYOR,RG,2320,13,D,PD,AI,D
13:41:44,MYOR,RG,2320,57,F,ZP,AI,D
13:41:44,MYOR,RG,2320,22,D,PD,AI,D
13:41:44,MYOR,RG,2320,500,D,YP,AI,D
13:41:44,MYOR,RG,2320,1,D,GR,AI,D
13:41:44,MYOR,RG,2320,11,D,CC,AI,D
13:41:44,MYOR,RG,2320,20,D,PD,AI,D
13:41:44,MYOR,RG,2320,1,D,YP,AI,D
13:41:44,MYOR,RG,2320,2,D,GR,AI,D
13:41:44,MYOR,RG,2320,6,D,DH,AI,D
13:41:44,MYOR,RG,2320,20,D,PD,AI,D
13:41:44,MYOR,RG,2320,4,D,YP,AI,D
13:41:44,MYOR,RG,2320,1,D,NI,AI,D
13:41:44,MYOR,RG,2320,2,D,YP,AI,D
13:41:44,MYOR,RG,2320,1,D,PD,AI,D
13:41:44,MYOR,RG,2320,3,D,PD,AI,D
13:41:44,MYOR,RG,2320,2,D,NI,AI,D
13:41:44,MYOR,RG,2320,50,D,YP,AI,D
13:41:44,MYOR,RG,2320,5,D,YP,AI,D
13:41:44,MYOR,RG,2320,2,D,YP,AI,D
13:41:44,MYOR,RG,2320,1,D,PD,AI,D
13:41:44,MYOR,RG,2320,5,D,YP,AI,D
13:41:44,MYOR,RG,2320,5,D,XC,AI,D
13:41:44,MYOR,RG,2320,4,D,IF,AI,D
13:41:44,MYOR,RG,2320,1,D,XC,AI,D
13:41:44,MYOR,RG,2320,3,D,KK,AI,D
13:41:44,MYOR,RG,2320,8,D,AZ,AI,D
13:41:44,MYOR,RG,2320,1,D,XC,AI,D
13:41:44,MYOR,RG,2320,5,D,DH,AI,D
13:41:44,MYOR,RG,2320,100,D,AT,AI,D
13:41:44,MYOR,RG,2320,3,D,CC,AI,D
13:41:44,MYOR,RG,2320,10,D,YP,AI,D
13:41:44,MYOR,RG,2320,2,D,PD,AI,D
13:41:44,MYOR,RG,2320,1,D,YP,AI,D
13:41:44,MYOR,RG,2320,107,D,LG,AI,D
13:41:44,MYOR,RG,2320,5,D,NI,AI,D
13:41:44,MYOR,RG,2320,5,D,AT,AI,D
13:41:44,MYOR,RG,2320,20,D,XC,AI,D
13:41:44,MYOR,RG,2320,27,D,CC,AI,D
13:41:44,MYOR,RG,2320,2,D,YP,AI,D
13:41:44,MYOR,RG,2320,1,D,PD,AI,D
13:41:44,MYOR,RG,2320,7,D,YP,AI,D
13:41:44,MYOR,RG,2320,1,D,XC,AI,D
13:41:44,MYOR,RG,2320,25,D,CC,AI,D
13:41:44,MYOR,RG,2320,1,D,CC,AI,D
13:41:44,MYOR,RG,2320,1,D,PD,AI,D
13:41:44,MYOR,RG,2320,1,D,YP,AI,D
13:41:44,MYOR,RG,2320,1,D,SQ,AI,D
13:41:44,MYOR,RG,2320,2,D,BQ,AI,D
13:41:44,MYOR,RG,2320,1,D,AT,AI,D
13:41:44,MYOR,RG,2320,10,D,NI,AI,D
13:41:44,MYOR,RG,2320,20,D,XC,AI,D
13:41:44,MYOR,RG,2320,1,D,PD,AI,D
13:41:44,MYOR,RG,2320,2,D,SQ,AI,D
13:41:44,MYOR,RG,2320,1,D,PD,AI,D
13:41:44,MYOR,RG,2320,2,D,PD,AI,D
13:41:44,MYOR,RG,2320,5,D,NI,AI,D
13:41:44,MYOR,RG,2320,1,D,PD,AI,D
13:41:44,MYOR,RG,2320,10,D,PD,AI,D
13:41:44,MYOR,RG,2320,10,D,SQ,AI,D
13:41:44,MYOR,RG,2320,50,D,NI,AI,D
13:41:44,MYOR,RG,2320,2,D,PD,AI,D
13:41:44,MYOR,RG,2320,44,D,KK,AI,D
13:41:44,MYOR,RG,2320,2,D,CC,AI,D
13:41:44,MYOR,RG,2320,2,D,PD,AI,D
13:41:44,MYOR,RG,2320,1,D,XC,AI,D
13:41:44,MYOR,RG,2320,10,D,YP,AI,D
13:41:44,MYOR,RG,2320,3,D,NI,AI,D
13:41:44,MYOR,RG,2320,50,D,YP,AI,D
13:41:44,MYOR,RG,2320,100,D,GR,AI,D
13:41:44,MYOR,RG,2320,30,D,YP,AI,D
13:41:34,MYOR,RG,2320,7,D,YP,CG,D
13:41:22,MYOR,RG,2320,1,D,YP,XC,D
13:41:15,MYOR,RG,2320,7,D,YP,CG,D
13:41:14,MYOR,RG,2320,2,D,YP,KZ,F
13:41:00,MYOR,RG,2320,6,D,YP,CG,D
13:40:54,MYOR,RG,2320,3,D,YP,KZ,F
13:40:44,MYOR,RG,2320,3,D,YP,KZ,F
13:40:39,MYOR,RG,2320,7,D,YP,CG,D
13:40:24,MYOR,RG,2320,2,D,YP,KZ,F
13:40:20,MYOR,RG,2320,2,D,YP,CG,D
13:40:20,MYOR,RG,2320,5,D,OD,CG,D
13:40:04,MYOR,RG,2320,10,D,OD,KZ,F
13:40:04,MYOR,RG,2320,5,D,PD,KZ,F
13:40:04,MYOR,RG,2320,10,D,YP,KZ,F
13:40:04,MYOR,RG,2320,1,D,PD,KZ,F
13:40:04,MYOR,RG,2320,1,D,YP,KZ,F
13:40:04,MYOR,RG,2320,2,D,XC,KZ,F
13:40:04,MYOR,RG,2320,1,D,XC,KZ,F
13:40:03,MYOR,RG,2320,2,D,XC,CG,D
13:40:03,MYOR,RG,2320,1,D,NI,CG,D
13:40:03,MYOR,RG,2320,1,D,KK,CG,D
13:40:03,MYOR,RG,2320,3,D,NI,CG,D
13:40:03,MYOR,RG,2320,1,D,PD,CG,D
13:40:03,MYOR,RG,2330,2,D,PD,AI,D
13:39:54,MYOR,RG,2320,2,D,PD,KZ,F
13:39:54,MYOR,RG,2320,1,D,DH,KZ,F
13:39:54,MYOR,RG,2320,2,D,PD,KZ,F
13:39:45,MYOR,RG,2320,6,D,PD,CG,D
13:39:25,MYOR,RG,2320,8,D,PD,CG,D
13:39:11,MYOR,RG,2330,10,D,KK,AI,D
13:39:05,MYOR,RG,2320,4,D,PD,CG,D
13:39:05,MYOR,RG,2320,1,D,CC,CG,D
13:39:05,MYOR,RG,2320,2,D,XC,CG,D
13:38:45,MYOR,RG,2320,6,D,DH,CG,D
13:38:25,MYOR,RG,2320,7,D,DH,CG,D
13:38:05,MYOR,RG,2320,7,D,DH,CG,D
13:37:45,MYOR,RG,2320,5,D,PD,CG,D
13:37:45,MYOR,RG,2320,7,D,EP,CG,D
13:37:25,MYOR,RG,2320,3,D,EP,CG,D
13:37:25,MYOR,RG,2320,2,D,PD,CG,D
13:37:07,MYOR,RG,2330,2,D,YP,AI,D
13:37:05,MYOR,RG,2320,1,D,PD,CG,D
13:37:05,MYOR,RG,2320,5,D,YP,CG,D
13:37:05,MYOR,RG,2320,1,D,YP,CG,D
13:36:45,MYOR,RG,2320,5,D,YP,CG,D
13:36:25,MYOR,RG,2320,6,D,YP,CG,D
13:36:10,MYOR,RG,2320,8,D,YP,CG,D
13:35:50,MYOR,RG,2320,8,D,YP,CG,D
13:35:35,MYOR,RG,2320,8,D,YP,CG,D
13:35:15,MYOR,RG,2320,5,D,YP,CG,D
13:35:00,MYOR,RG,2330,10,D,SQ,AI,D
13:35:00,MYOR,RG,2330,48,F,ZP,AI,D
13:35:00,MYOR,RG,2330,300,D,FS,AI,D
13:35:00,MYOR,RG,2330,100,D,YP,AI,D
13:35:00,MYOR,RG,2330,33,F,BK,AI,D
13:35:00,MYOR,RG,2330,5,D,PD,AI,D
13:35:00,MYOR,RG,2330,110,F,ZP,AI,D
13:35:00,MYOR,RG,2330,60,D,NI,AI,D
13:34:56,MYOR,RG,2330,4,D,NI,KZ,F
13:34:55,MYOR,RG,2330,11,D,NI,CG,D
13:34:46,MYOR,RG,2330,25,D,NI,NI,D
13:34:46,MYOR,RG,2330,10,D,PD,NI,D
13:34:46,MYOR,RG,2330,1,D,XC,NI,D
13:34:46,MYOR,RG,2330,108,F,ZP,NI,D
13:34:46,MYOR,RG,2330,5,D,YP,NI,D
13:34:46,MYOR,RG,2330,101,D,PD,NI,D
13:34:44,MYOR,RG,2330,9,D,PD,KZ,F
13:34:44,MYOR,RG,2330,58,F,ZP,KZ,F
13:34:14,MYOR,RG,2330,7,F,ZP,KZ,F
13:34:13,MYOR,RG,2330,200,F,ZP,DR,D
13:33:37,MYOR,RG,2330,20,F,ZP,DR,D
13:32:52,MYOR,RG,2330,1,F,ZP,XC,D
13:31:14,MYOR,RG,2330,55,F,ZP,KZ,F
13:31:04,MYOR,RG,2330,10,F,ZP,KZ,F
13:31:04,MYOR,RG,2330,1,F,ZP,KZ,F
13:30:54,MYOR,RG,2330,1,F,ZP,KZ,F
13:30:22,MYOR,RG,2330,1,F,ZP,PD,D
13:30:18,MYOR,RG,2330,10,F,ZP,CC,D
13:30:17,MYOR,RG,2330,9,F,ZP,NI,D
13:30:16,MYOR,RG,2340,2,D,XC,KZ,F
13:30:14,MYOR,RG,2330,1,F,ZP,XC,D
13:30:11,MYOR,RG,2330,25,F,ZP,YP,D
13:30:11,MYOR,RG,2330,1,F,ZP,PD,D
13:30:10,MYOR,RG,2330,3,F,ZP,YP,D
13:30:10,MYOR,RG,2330,1,F,ZP,PD,D
13:30:09,MYOR,RG,2330,20,F,ZP,PD,D
13:30:08,MYOR,RG,2330,10,F,ZP,XC,D
13:30:08,MYOR,RG,2330,2,F,ZP,YP,D
13:30:07,MYOR,RG,2330,1,F,ZP,PD,D
13:30:07,MYOR,RG,2330,1,F,ZP,PD,D
13:30:06,MYOR,RG,2330,8,F,ZP,KZ,F
13:30:06,MYOR,RG,2330,2,F,ZP,SQ,D
13:30:06,MYOR,RG,2330,10,F,ZP,SQ,D
13:30:05,MYOR,RG,2330,10,F,ZP,YP,D
13:30:05,MYOR,RG,2330,1,F,ZP,YP,D
13:30:05,MYOR,RG,2330,50,F,ZP,PD,D
13:30:04,MYOR,RG,2330,1,F,ZP,YP,D
13:30:04,MYOR,RG,2330,1,F,ZP,XC,D
13:30:03,MYOR,RG,2330,62,F,ZP,CG,D
13:30:03,MYOR,RG,2330,5,F,ZP,YP,D
13:30:03,MYOR,RG,2330,3,F,ZP,KZ,F
13:30:03,MYOR,RG,2330,3,F,ZP,KZ,F
13:30:03,MYOR,RG,2330,1,F,ZP,KZ,F
13:30:03,MYOR,RG,2330,32,F,ZP,KZ,F
13:30:03,MYOR,RG,2330,4,F,ZP,KZ,F
13:30:03,MYOR,RG,2330,61,F,ZP,KZ,F
13:30:03,MYOR,RG,2330,1,F,ZP,KZ,F
13:30:03,MYOR,RG,2330,1,F,ZP,BB,D
13:30:03,MYOR,RG,2330,38,F,ZP,KZ,F
13:30:03,MYOR,RG,2330,72,F,ZP,BQ,D
13:30:03,MYOR,RG,2330,2,D,PD,BQ,D
13:30:03,MYOR,RG,2320,24,D,YP,IF,D
11:29:26,MYOR,RG,2320,1,D,YP,BB,D
11:28:51,MYOR,RG,2320,8,D,YP,CG,D
11:28:50,MYOR,RG,2320,10,D,YP,CG,D
11:28:30,MYOR,RG,2320,3,D,YP,BB,D
11:27:59,MYOR,RG,2330,13,F,CC,BQ,D
11:27:59,MYOR,RG,2330,113,F,ZP,BQ,D
11:27:51,MYOR,RG,2330,1,F,ZP,KZ,F
11:27:43,MYOR,RG,2330,49,F,ZP,KZ,F
11:27:42,MYOR,RG,2330,5,F,ZP,CG,D
11:27:41,MYOR,RG,2330,39,F,ZP,CG,D
11:27:40,MYOR,RG,2330,35,F,ZP,BK,F
11:27:40,MYOR,RG,2330,50,D,DR,BK,F
11:27:40,MYOR,RG,2330,1,D,XC,BK,F
11:27:40,MYOR,RG,2330,18,D,YP,BK,F
11:27:40,MYOR,RG,2330,2,D,YP,KK,D
11:27:39,MYOR,RG,2330,2,D,YP,LS,D
11:27:21,MYOR,RG,2330,15,D,YP,KZ,F
11:27:14,MYOR,RG,2330,151,D,YP,KZ,F
11:27:13,MYOR,RG,2330,12,D,YP,BK,F
11:27:13,MYOR,RG,2330,8,D,YP,BK,F
11:27:13,MYOR,RG,2330,25,D,NI,BK,F
11:27:13,MYOR,RG,2330,455,D,NI,BK,F
11:27:11,MYOR,RG,2330,1,D,NI,KZ,F
11:26:44,MYOR,RG,2330,2,D,NI,LS,D
11:26:41,MYOR,RG,2330,14,D,NI,KZ,F
11:26:31,MYOR,RG,2330,2,D,NI,KZ,F
11:26:30,MYOR,RG,2330,26,D,NI,BB,D
11:26:30,MYOR,RG,2330,3,D,CC,BB,D
11:26:30,MYOR,RG,2330,5,D,PD,BB,D
11:26:30,MYOR,RG,2330,8,D,PD,BB,D
11:26:09,MYOR,RG,2330,1,D,DH,PD,D
11:26:01,MYOR,RG,2330,4,D,DH,YP,D
11:26:01,MYOR,RG,2330,1,F,CC,YP,D
11:25:55,MYOR,RG,2330,217,F,CC,CC,D
11:25:55,MYOR,RG,2330,3,F,ZP,CC,D
11:25:29,MYOR,RG,2330,19,F,ZP,CC,D
11:25:29,MYOR,RG,2340,1,D,YP,XC,D
11:25:29,MYOR,RG,2340,19,D,YP,KZ,F
11:25:29,MYOR,RG,2340,1,D,YP,YP,D
11:23:31,MYOR,RG,2330,5,F,ZP,KZ,F
11:23:11,MYOR,RG,2330,1,F,ZP,KZ,F
11:22:54,MYOR,RG,2330,1,F,ZP,PD,D
11:22:38,MYOR,RG,2330,17,F,ZP,BB,D
11:21:31,MYOR,RG,2330,3,F,ZP,KZ,F
11:20:57,MYOR,RG,2330,6,F,ZP,XC,D
11:20:56,MYOR,RG,2340,2,D,AT,YP,D
11:20:51,MYOR,RG,2330,1,F,ZP,KZ,F
11:20:10,MYOR,RG,2330,2,F,ZP,XC,D
11:20:10,MYOR,RG,2330,1,F,ZP,XC,D
11:20:01,MYOR,RG,2330,15,F,ZP,KZ,F
11:19:51,MYOR,RG,2330,25,F,ZP,KZ,F
11:19:28,MYOR,RG,2330,42,F,ZP,KZ,F
11:19:26,MYOR,RG,2330,127,F,ZP,BQ,D
11:19:26,MYOR,RG,2330,73,D,YP,BQ,D
11:19:14,MYOR,RG,2330,2,D,YP,XC,D
11:19:04,MYOR,RG,2340,19,F,ZP,YP,D
11:19:04,MYOR,RG,2340,1,F,ZP,XC,D
11:19:03,MYOR,RG,2340,1,F,ZP,XC,D
11:19:03,MYOR,RG,2340,2,F,ZP,YP,D
11:19:03,MYOR,RG,2340,4,F,ZP,PD,D
11:19:03,MYOR,RG,2340,5,F,ZP,PD,D
11:19:03,MYOR,RG,2340,1,F,ZP,PD,D
11:19:03,MYOR,RG,2340,5,F,ZP,EP,D
11:19:03,MYOR,RG,2330,11,D,YP,CG,D
11:19:03,MYOR,RG,2330,3,D,YP,KZ,F
11:19:03,MYOR,RG,2330,1,D,YP,KZ,F
11:19:03,MYOR,RG,2330,3,D,YP,KZ,F
11:19:03,MYOR,RG,2330,3,D,YP,KZ,F
11:19:03,MYOR,RG,2330,81,D,YP,KZ,F
11:19:03,MYOR,RG,2330,3,D,YP,KZ,F
11:19:03,MYOR,RG,2330,5,D,YP,KZ,F
11:19:03,MYOR,RG,2330,18,D,YP,KZ,F
11:19:03,MYOR,RG,2330,3,D,YP,KZ,F
11:19:03,MYOR,RG,2330,2,D,YP,KZ,F
11:19:03,MYOR,RG,2330,4,D,YP,KZ,F
11:19:03,MYOR,RG,2330,2,D,YP,CG,D
11:19:03,MYOR,RG,2330,5,D,YP,YP,D
11:19:03,MYOR,RG,2330,36,D,YP,CC,D
11:19:02,MYOR,RG,2330,33,F,ZP,CC,D
11:19:01,MYOR,RG,2330,3,D,IF,CC,D
11:19:01,MYOR,RG,2330,1,D,IF,BB,D
11:19:01,MYOR,RG,2330,1,D,IF,KZ,F
11:19:01,MYOR,RG,2330,76,D,IF,KZ,F
11:19:01,MYOR,RG,2330,15,D,IF,CG,D
11:19:01,MYOR,RG,2330,1,D,IF,YP,D
11:19:01,MYOR,RG,2330,20,D,IF,CC,D
11:19:01,MYOR,RG,2330,33,D,IF,CG,D
11:18:59,MYOR,RG,2330,30,F,ZP,CG,D
11:18:58,MYOR,RG,2330,78,D,FS,CG,D
11:18:58,MYOR,RG,2330,32,D,FS,YP,D
11:18:58,MYOR,RG,2330,190,D,FS,BQ,D
11:18:48,MYOR,RG,2330,5,D,YP,BQ,D
11:18:41,MYOR,RG,2330,20,D,DR,BQ,D
11:18:40,MYOR,RG,2330,10,D,CC,BQ,D
11:18:39,MYOR,RG,2320,9,D,YP,CG,D
11:18:31,MYOR,RG,2320,3,D,YP,KZ,F
11:18:24,MYOR,RG,2330,75,D,YP,BQ,D
11:18:24,MYOR,RG,2330,1,D,YP,KZ,F
11:18:24,MYOR,RG,2330,3,D,YP,KZ,F
11:18:24,MYOR,RG,2330,2,D,YP,KZ,F
11:18:24,MYOR,RG,2330,100,D,YP,CP,D
11:18:24,MYOR,RG,2330,2,D,YP,SQ,D
11:18:24,MYOR,RG,2330,3,D,YP,KZ,F
11:18:24,MYOR,RG,2330,2,D,YP,KZ,F
11:18:24,MYOR,RG,2330,2,D,YP,KZ,F
11:18:04,MYOR,RG,2320,10,D,YP,CG,D
11:17:24,MYOR,RG,2320,9,D,YP,CG,D
11:17:12,MYOR,RG,2330,2,F,ZP,KZ,F
11:17:12,MYOR,RG,2330,2,F,ZP,KZ,F
11:17:12,MYOR,RG,2330,2,F,ZP,KZ,F
11:17:12,MYOR,RG,2330,37,F,ZP,KZ,F
11:16:44,MYOR,RG,2320,9,D,YP,CG,D
11:16:42,MYOR,RG,2330,8,D,PD,KZ,F
11:16:17,MYOR,RG,2330,5,D,YP,KZ,F
11:16:16,MYOR,RG,2330,6,D,CC,KZ,F
11:16:09,MYOR,RG,2320,10,D,YP,CG,D
11:15:29,MYOR,RG,2320,9,D,YP,CG,D
11:15:11,MYOR,RG,2320,7,D,YP,KZ,F
11:15:11,MYOR,RG,2320,6,D,YP,KZ,F
11:15:11,MYOR,RG,2320,3,D,YP,KZ,F
11:15:11,MYOR,RG,2320,4,D,YP,KZ,F
11:15:05,MYOR,RG,2320,171,D,YP,PD,D
11:15:05,MYOR,RG,2320,10,D,PD,PD,D
11:15:05,MYOR,RG,2320,5,D,YP,PD,D
11:15:05,MYOR,RG,2320,10,D,YP,PD,D
11:15:05,MYOR,RG,2320,2,D,KK,PD,D
11:15:05,MYOR,RG,2320,1,D,XC,PD,D
11:15:05,MYOR,RG,2320,20,D,YP,PD,D
11:15:05,MYOR,RG,2320,10,D,YP,PD,D
11:15:05,MYOR,RG,2320,1,D,YP,PD,D
11:15:05,MYOR,RG,2320,5,D,XC,PD,D
11:15:05,MYOR,RG,2320,1,D,BQ,PD,D
11:15:05,MYOR,RG,2320,10,D,YP,PD,D
11:15:05,MYOR,RG,2320,10,D,SQ,PD,D
11:15:05,MYOR,RG,2320,10,D,YP,PD,D
11:15:05,MYOR,RG,2320,1,D,KK,PD,D
11:15:05,MYOR,RG,2320,20,D,XC,PD,D
11:15:05,MYOR,RG,2320,2,D,XC,PD,D
11:15:05,MYOR,RG,2320,3,D,CC,PD,D
11:15:05,MYOR,RG,2320,8,D,PD,PD,D
11:14:54,MYOR,RG,2320,2,D,PD,CG,D
11:14:54,MYOR,RG,2320,1,D,DH,CG,D
11:14:54,MYOR,RG,2320,1,D,XC,CG,D
11:14:54,MYOR,RG,2320,1,D,BQ,CG,D
11:14:54,MYOR,RG,2320,3,D,XL,CG,D
11:14:34,MYOR,RG,2330,20,D,AZ,KZ,F
11:14:24,MYOR,RG,2320,2,D,XL,CG,D
11:14:24,MYOR,RG,2320,3,D,YP,CG,D
11:14:24,MYOR,RG,2320,1,D,NI,CG,D
11:14:24,MYOR,RG,2320,1,D,YP,CG,D
11:13:51,MYOR,RG,2330,2,D,NI,KZ,F
11:13:49,MYOR,RG,2330,11,F,ZP,KZ,F
11:13:48,MYOR,RG,2320,9,D,YP,CG,D
11:13:47,MYOR,RG,2330,10,D,PD,KZ,F
11:13:45,MYOR,RG,2330,10,D,PD,KZ,F
11:13:14,MYOR,RG,2320,7,D,YP,CG,D
11:12:54,MYOR,RG,2320,4,D,YP,SQ,D
11:12:54,MYOR,RG,2320,10,D,PD,SQ,D
11:12:54,MYOR,RG,2320,35,D,YP,SQ,D
11:12:44,MYOR,RG,2320,8,D,YP,CG,D
11:12:32,MYOR,RG,2330,26,F,ZP,KZ,F
11:12:09,MYOR,RG,2320,9,D,YP,CG,D
11:11:52,MYOR,RG,2330,10,D,TP,KZ,F
11:11:40,MYOR,RG,2330,21,D,EP,KZ,F
11:11:34,MYOR,RG,2320,7,D,YP,CG,D
11:11:09,MYOR,RG,2330,1,D,YP,KZ,F
11:11:04,MYOR,RG,2320,10,D,YP,CG,D
11:11:01,MYOR,RG,2320,9,D,YP,KZ,F
11:10:51,MYOR,RG,2320,137,D,YP,KZ,F
11:10:51,MYOR,RG,2320,7,D,KK,KZ,F
11:10:32,MYOR,RG,2330,6,F,ZP,KZ,F
11:10:32,MYOR,RG,2330,37,F,ZP,YP,D
11:10:31,MYOR,RG,2320,4,D,KK,CG,D
11:10:31,MYOR,RG,2320,5,D,YP,CG,D
11:10:31,MYOR,RG,2320,16,D,YP,KZ,F
11:09:54,MYOR,RG,2320,7,D,YP,CG,D
11:09:39,MYOR,RG,2330,1,D,PD,YP,D
11:09:28,MYOR,RG,2330,12,D,XC,YP,D
11:09:19,MYOR,RG,2330,30,F,BK,YP,D
11:09:19,MYOR,RG,2320,8,D,YP,CG,D
11:09:12,MYOR,RG,2330,15,D,XC,YP,D
11:09:10,MYOR,RG,2330,20,F,BK,YP,D
11:09:00,MYOR,RG,2330,3,F,BK,YP,D
11:08:58,MYOR,RG,2330,1,D,XC,YP,D
11:08:54,MYOR,RG,2330,300,D,FS,YP,D
11:08:44,MYOR,RG,2320,9,D,YP,CG,D
11:08:31,MYOR,RG,2330,11,F,ZP,YP,D
11:08:09,MYOR,RG,2320,5,D,YP,CG,D
11:08:09,MYOR,RG,2320,3,D,YP,CG,D
11:07:34,MYOR,RG,2320,7,D,YP,CG,D
11:07:34,MYOR,RG,2320,3,D,PG,CG,D
11:07:01,MYOR,RG,2330,60,D,IF,YP,D
11:06:54,MYOR,RG,2320,14,D,PG,CG,D
11:06:27,MYOR,RG,2330,10,F,ZP,YP,D
11:06:27,MYOR,RG,2330,1,F,ZP,KZ,F
11:06:27,MYOR,RG,2330,7,F,ZP,KZ,F
11:06:20,MYOR,RG,2330,5,D,GR,KZ,F
11:06:19,MYOR,RG,2320,7,D,PG,CG,D
11:05:52,MYOR,RG,2330,1,D,XC,KZ,F
11:05:43,MYOR,RG,2330,1,D,PD,KZ,F
11:05:39,MYOR,RG,2320,7,D,PG,CG,D
11:05:27,MYOR,RG,2320,19,D,PG,CC,D
11:05:27,MYOR,RG,2320,21,D,XA,CC,D
11:04:59,MYOR,RG,2320,14,D,XA,CG,D
11:04:28,MYOR,RG,2330,29,D,PD,KZ,F
11:04:28,MYOR,RG,2330,2,D,PD,KZ,F
11:04:28,MYOR,RG,2330,19,D,PD,KZ,F
11:04:25,MYOR,RG,2330,26,D,XC,KZ,F
11:03:15,MYOR,RG,2330,21,F,ZP,BB,D
11:02:49,MYOR,RG,2330,43,D,PD,BB,D
11:02:49,MYOR,RG,2330,4,D,PD,YP,D
11:02:49,MYOR,RG,2330,10,D,PD,YP,D
11:02:49,MYOR,RG,2330,5,D,PD,YP,D
11:02:49,MYOR,RG,2330,1,D,PD,NI,D
11:02:49,MYOR,RG,2330,1,D,PD,YP,D
11:02:49,MYOR,RG,2330,8,D,PD,NI,D
11:02:49,MYOR,RG,2330,30,D,PD,SQ,D
11:02:49,MYOR,RG,2330,10,D,PD,AT,D
11:02:49,MYOR,RG,2330,4,D,PD,CG,D
11:02:49,MYOR,RG,2330,6,D,PD,CG,D
11:02:49,MYOR,RG,2330,11,D,PD,CG,D
11:02:49,MYOR,RG,2330,3,D,PD,KZ,F
11:02:49,MYOR,RG,2330,4,D,PD,CG,D
11:02:49,MYOR,RG,2330,3,D,PD,NI,D
11:02:49,MYOR,RG,2330,43,D,PD,XL,D
11:02:49,MYOR,RG,2330,14,D,PD,DH,D
11:02:41,MYOR,RG,2320,1,D,XA,KZ,F
11:02:41,MYOR,RG,2320,3,D,XA,KZ,F
11:02:34,MYOR,RG,2320,8,D,XA,CG,D
11:02:21,MYOR,RG,2320,2,D,XA,KZ,F
11:02:01,MYOR,RG,2320,3,D,XA,KZ,F
11:02:01,MYOR,RG,2320,3,D,XA,KZ,F
11:01:54,MYOR,RG,2320,9,D,XA,CG,D
11:01:41,MYOR,RG,2320,1,D,XA,KZ,F
11:01:41,MYOR,RG,2320,35,D,XA,KZ,F
11:01:41,MYOR,RG,2320,24,D,KK,KZ,F
11:01:24,MYOR,RG,2320,8,D,KK,CG,D
11:01:21,MYOR,RG,2320,1,D,KK,KZ,F
11:01:15,MYOR,RG,2320,7,D,KK,GR,D
11:01:15,MYOR,RG,2320,1,D,PD,GR,D
11:01:15,MYOR,RG,2320,2,D,MG,GR,D
11:00:54,MYOR,RG,2320,8,D,MG,CG,D
11:00:24,MYOR,RG,2320,10,D,MG,CG,D
11:00:12,MYOR,RG,2320,40,D,MG,BB,D
11:00:12,MYOR,RG,2320,40,D,MG,BB,D
11:00:12,MYOR,RG,2320,34,D,PD,BB,D
10:59:44,MYOR,RG,2320,8,D,PD,CG,D
10:59:09,MYOR,RG,2320,8,D,PD,CG,D
10:58:39,MYOR,RG,2320,5,D,YP,CG,D
10:58:39,MYOR,RG,2320,2,D,YP,CG,D
10:58:39,MYOR,RG,2320,1,D,KK,CG,D
10:58:06,MYOR,RG,2330,1,D,SQ,DH,D
10:58:06,MYOR,RG,2330,2,D,SQ,CC,D
10:57:59,MYOR,RG,2320,8,D,KK,CG,D
10:57:30,MYOR,RG,2320,5,D,XC,CG,D
10:57:30,MYOR,RG,2320,3,D,AT,CG,D
10:57:10,MYOR,RG,2320,5,D,AT,PD,D
10:56:54,MYOR,RG,2320,3,D,AT,CG,D
10:56:54,MYOR,RG,2320,2,D,XC,CG,D
10:56:54,MYOR,RG,2320,2,D,YP,CG,D
10:56:34,MYOR,RG,2320,8,D,YP,XC,D
10:56:34,MYOR,RG,2320,5,D,YP,XC,D
10:56:27,MYOR,RG,2320,1,D,YP,YP,D
10:56:21,MYOR,RG,2320,2,D,YP,KZ,F
10:56:19,MYOR,RG,2320,8,D,YP,CG,D
10:56:11,MYOR,RG,2320,3,D,YP,KZ,F
10:56:11,MYOR,RG,2320,4,D,YP,KZ,F
10:56:01,MYOR,RG,2320,10,D,YP,KZ,F
10:55:56,MYOR,RG,2320,6,D,YP,XC,D
10:55:56,MYOR,RG,2320,1,D,XC,XC,D
10:55:56,MYOR,RG,2320,2,D,YP,XC,D
10:55:56,MYOR,RG,2320,25,D,DR,XC,D
10:55:56,MYOR,RG,2320,10,D,CC,XC,D
10:55:56,MYOR,RG,2320,4,D,FS,XC,D
10:55:44,MYOR,RG,2320,8,D,FS,CG,D
10:55:14,MYOR,RG,2320,10,D,FS,CG,D
10:54:39,MYOR,RG,2320,9,D,FS,CG,D
10:54:02,MYOR,RG,2320,9,D,FS,CG,D
10:53:56,MYOR,RG,2330,5,D,PD,CC,D
10:53:24,MYOR,RG,2320,8,D,FS,CG,D
10:52:54,MYOR,RG,2320,8,D,FS,CG,D
10:52:46,MYOR,RG,2320,2,D,FS,CC,D
10:52:14,MYOR,RG,2320,9,D,FS,CG,D
10:51:44,MYOR,RG,2320,8,D,FS,CG,D
10:51:19,MYOR,RG,2320,2,D,FS,XC,D
10:51:09,MYOR,RG,2320,8,D,FS,CG,D
10:50:59,MYOR,RG,2330,1,D,PD,CC,D
10:50:37,MYOR,RG,2320,7,D,FS,CG,D
10:49:59,MYOR,RG,2320,7,D,FS,CG,D
10:49:55,MYOR,RG,2330,1,D,NI,CC,D
10:49:25,MYOR,RG,2330,1,D,SQ,CC,D
10:49:25,MYOR,RG,2330,2,D,SQ,YP,D
10:49:25,MYOR,RG,2330,5,D,SQ,PD,D
10:49:25,MYOR,RG,2330,2,D,SQ,KZ,F
10:49:24,MYOR,RG,2320,5,D,FS,CG,D
10:48:52,MYOR,RG,2330,5,D,SQ,KZ,F
10:48:46,MYOR,RG,2330,1,D,YP,KZ,F
10:48:37,MYOR,RG,2330,1,D,AT,KZ,F
10:48:29,MYOR,RG,2330,4,D,ZP,KZ,F
10:48:29,MYOR,RG,2330,16,D,ZP,PD,D
10:48:17,MYOR,RG,2330,20,D,CC,PD,D
10:47:59,MYOR,RG,2330,3,D,FS,PD,D
10:47:59,MYOR,RG,2330,165,D,FS,KZ,F
10:47:59,MYOR,RG,2330,132,D,FS,OD,D
10:47:51,MYOR,RG,2330,10,D,XC,OD,D
10:47:43,MYOR,RG,2330,25,D,NI,OD,D
10:47:41,MYOR,RG,2330,3,D,SQ,OD,D
10:47:25,MYOR,RG,2330,15,D,PD,OD,D
10:47:22,MYOR,RG,2330,30,D,ZP,OD,D
10:46:36,MYOR,RG,2330,6,D,KK,OD,D
10:46:05,MYOR,RG,2330,100,D,NI,OD,D
10:46:01,MYOR,RG,2320,2,D,FS,KZ,F
10:45:37,MYOR,RG,2330,40,D,YP,OD,D
10:45:31,MYOR,RG,2320,4,D,FS,KZ,F
10:45:31,MYOR,RG,2320,7,D,FS,KZ,F
10:44:47,MYOR,RG,2330,1,D,YP,OD,D
10:44:41,MYOR,RG,2330,15,D,YP,OD,D
10:44:20,MYOR,RG,2330,1,D,YP,OD,D
10:43:51,MYOR,RG,2320,4,D,FS,KZ,F
10:43:48,MYOR,RG,2330,25,D,PD,OD,D
10:43:19,MYOR,RG,2330,50,D,NI,OD,D
10:42:39,MYOR,RG,2330,47,D,DX,OD,D
10:42:39,MYOR,RG,2330,3,D,DX,CC,D
10:41:00,MYOR,RG,2330,1,D,EP,CC,D
10:40:58,MYOR,RG,2330,8,D,YP,CC,D
10:40:33,MYOR,RG,2330,2,D,XC,CC,D
10:40:21,MYOR,RG,2330,1,D,XC,CC,D
10:39:58,MYOR,RG,2330,166,D,GR,KZ,F
10:39:58,MYOR,RG,2330,2,D,GR,KZ,F
10:39:58,MYOR,RG,2330,1,D,GR,KZ,F
10:39:58,MYOR,RG,2330,31,D,GR,KZ,F
10:39:25,MYOR,RG,2330,69,D,GR,KZ,F
10:39:25,MYOR,RG,2330,31,D,GR,CG,D
10:39:09,MYOR,RG,2330,32,D,CC,CG,D
10:39:03,MYOR,RG,2330,20,D,PD,CG,D
10:38:52,MYOR,RG,2330,72,D,FS,CG,D
10:38:52,MYOR,RG,2330,228,D,FS,AI,D
10:38:44,MYOR,RG,2320,10,D,FS,CG,D
10:38:40,MYOR,RG,2320,1,D,FS,CC,D
10:38:09,MYOR,RG,2320,7,D,FS,CG,D
10:37:54,MYOR,RG,2330,5,D,YP,AI,D
10:37:29,MYOR,RG,2320,8,D,FS,CG,D
10:36:59,MYOR,RG,2320,9,D,FS,CG,D
10:36:41,MYOR,RG,2320,2,D,FS,KZ,F
10:36:31,MYOR,RG,2320,9,D,FS,KZ,F
10:36:31,MYOR,RG,2320,2,D,FS,KZ,F
10:36:21,MYOR,RG,2320,1,D,FS,KZ,F
10:36:21,MYOR,RG,2320,3,D,FS,KZ,F
10:36:21,MYOR,RG,2320,2,D,FS,KZ,F
10:36:21,MYOR,RG,2320,22,D,FS,KZ,F
10:36:19,MYOR,RG,2320,7,D,FS,CG,D
10:35:39,MYOR,RG,2320,7,D,FS,CG,D
10:35:17,MYOR,RG,2320,1,D,FS,XC,D
10:35:13,MYOR,RG,2320,8,D,FS,CG,D
10:35:12,MYOR,RG,2330,10,D,OD,AI,D
10:34:41,MYOR,RG,2320,3,D,FS,KZ,F
10:34:39,MYOR,RG,2320,10,D,FS,CG,D
10:34:04,MYOR,RG,2320,8,D,FS,CG,D
10:33:29,MYOR,RG,2320,10,D,FS,CG,D
10:32:54,MYOR,RG,2320,7,D,FS,CG,D
10:32:44,MYOR,RG,2330,18,D,XC,AI,D
10:32:27,MYOR,RG,2320,3,D,FS,PD,D
10:32:14,MYOR,RG,2320,10,D,FS,CG,D
10:31:34,MYOR,RG,2320,9,D,FS,CG,D
10:30:56,MYOR,RG,2320,8,D,FS,CG,D
10:30:24,MYOR,RG,2320,8,D,FS,CG,D
10:29:51,MYOR,RG,2320,4,D,FS,CG,D
10:29:51,MYOR,RG,2320,5,D,GR,CG,D
10:29:51,MYOR,RG,2320,4,D,GR,KZ,F
10:29:51,MYOR,RG,2320,1,D,GR,KZ,F
10:29:51,MYOR,RG,2320,10,D,GR,KZ,F
10:29:44,MYOR,RG,2320,30,D,GR,PC,D
10:29:44,MYOR,RG,2320,1,D,YP,PC,D
10:29:44,MYOR,RG,2320,3,D,KK,PC,D
10:29:41,MYOR,RG,2320,2,D,KK,KZ,F
10:29:41,MYOR,RG,2320,10,D,YP,KZ,F
10:29:41,MYOR,RG,2320,5,D,AZ,KZ,F
10:29:41,MYOR,RG,2320,8,D,PD,KZ,F
10:29:41,MYOR,RG,2320,4,D,PD,KZ,F
10:29:41,MYOR,RG,2320,38,D,PD,KZ,F
10:29:41,MYOR,RG,2320,10,D,PD,KZ,F
10:29:41,MYOR,RG,2320,10,D,KK,KZ,F
10:29:41,MYOR,RG,2320,10,D,PD,KZ,F
10:29:41,MYOR,RG,2320,25,D,CC,KZ,F
10:29:41,MYOR,RG,2320,2,D,AZ,KZ,F
10:29:41,MYOR,RG,2320,8,D,YP,KZ,F
10:29:41,MYOR,RG,2320,42,D,YP,KZ,F
10:29:41,MYOR,RG,2320,10,D,YP,KZ,F
10:29:31,MYOR,RG,2320,4,D,YP,KZ,F
10:29:14,MYOR,RG,2320,9,D,YP,CG,D
10:28:39,MYOR,RG,2320,8,D,YP,CG,D
10:28:04,MYOR,RG,2320,8,D,YP,CG,D
10:27:34,MYOR,RG,2320,8,D,YP,CG,D
10:26:59,MYOR,RG,2320,10,D,YP,CG,D
10:26:19,MYOR,RG,2320,8,D,YP,CG,D
10:26:09,MYOR,RG,2330,5,D,YP,AI,D
10:25:53,MYOR,RG,2330,5,D,XC,AI,D
10:25:44,MYOR,RG,2320,16,D,YP,CG,D
10:25:31,MYOR,RG,2330,10,D,AZ,AI,D
10:25:17,MYOR,RG,2330,5,D,KK,AI,D
10:25:04,MYOR,RG,2320,9,D,YP,CG,D
10:25:03,MYOR,RG,2330,25,D,PD,AI,D
10:24:29,MYOR,RG,2330,4,D,YP,AI,D
10:24:28,MYOR,RG,2320,7,D,YP,CG,D
10:24:06,MYOR,RG,2330,1,D,YP,AI,D
10:23:59,MYOR,RG,2320,3,D,YP,CG,D
10:23:59,MYOR,RG,2320,3,D,YP,CG,D
10:23:59,MYOR,RG,2320,1,D,KK,CG,D
10:23:51,MYOR,RG,2330,1,D,AT,AI,D
10:23:29,MYOR,RG,2320,4,D,KK,CG,D
10:23:29,MYOR,RG,2320,6,D,YP,CG,D
10:22:49,MYOR,RG,2320,8,D,YP,CG,D
10:22:38,MYOR,RG,2330,1,D,YP,AI,D
10:22:14,MYOR,RG,2330,2,D,XA,AI,D
10:22:14,MYOR,RG,2320,7,D,YP,CG,D
10:22:07,MYOR,RG,2330,1,D,XL,AI,D
10:22:04,MYOR,RG,2330,300,D,AI,AI,D
10:21:59,MYOR,RG,2330,1,D,PD,AI,D
10:21:34,MYOR,RG,2320,7,D,YP,CG,D
10:21:30,MYOR,RG,2330,5,D,KI,AI,D
10:21:04,MYOR,RG,2320,7,D,YP,CG,D
10:20:55,MYOR,RG,2330,3,D,EP,AI,D
10:20:54,MYOR,RG,2330,50,D,SA,AI,D
10:20:47,MYOR,RG,2330,10,D,YP,AI,D
10:20:39,MYOR,RG,2330,1,D,XC,AI,D
10:20:39,MYOR,RG,2330,10,D,PD,AI,D
10:20:39,MYOR,RG,2330,299,D,FS,AI,D
10:20:31,MYOR,RG,2330,1,D,FS,KZ,F
10:20:31,MYOR,RG,2330,2,D,XC,KZ,F
10:20:28,MYOR,RG,2330,3,D,XC,CG,D
10:20:28,MYOR,RG,2330,7,D,YP,CG,D
10:20:01,MYOR,RG,2330,2,D,YP,KZ,F
10:19:54,MYOR,RG,2330,6,D,YP,CG,D
10:19:54,MYOR,RG,2330,3,D,YP,CG,D
10:19:52,MYOR,RG,2330,1,D,YP,PD,D
10:19:52,MYOR,RG,2330,5,D,KK,PD,D
10:19:51,MYOR,RG,2330,9,D,KK,KZ,F
10:19:41,MYOR,RG,2330,2,D,KK,KZ,F
10:19:41,MYOR,RG,2330,5,D,KK,KZ,F
10:19:20,MYOR,RG,2330,9,D,KK,PD,D
10:19:20,MYOR,RG,2330,5,D,EP,PD,D
10:19:20,MYOR,RG,2330,6,D,YP,PD,D
10:19:05,MYOR,RG,2330,4,D,YP,NI,D
10:19:05,MYOR,RG,2330,2,D,LS,NI,D
10:19:05,MYOR,RG,2330,10,D,KK,NI,D
10:19:05,MYOR,RG,2330,2,D,SS,NI,D
10:19:05,MYOR,RG,2330,1,D,YP,NI,D
10:19:05,MYOR,RG,2330,10,D,YP,NI,D
10:19:05,MYOR,RG,2330,6,D,KK,NI,D
10:18:51,MYOR,RG,2330,1,D,KK,KZ,F
10:18:18,MYOR,RG,2330,1,D,KK,YP,D
10:18:06,MYOR,RG,2330,1,D,KK,CC,D
10:17:04,MYOR,RG,2330,1,D,KK,PD,D
10:16:11,MYOR,RG,2330,3,D,YP,KZ,F
10:16:01,MYOR,RG,2330,7,D,YP,KZ,F
10:16:01,MYOR,RG,2330,7,D,YP,KZ,F
10:16:01,MYOR,RG,2330,3,D,YP,KZ,F
10:16:01,MYOR,RG,2330,4,D,YP,KZ,F
10:15:41,MYOR,RG,2330,1,D,YP,KZ,F
10:15:41,MYOR,RG,2330,9,D,YP,KZ,F
10:15:37,MYOR,RG,2330,25,D,YP,KK,D
10:15:23,MYOR,RG,2330,5,D,YP,CC,D
10:15:21,MYOR,RG,2330,20,D,YP,YP,D
10:15:04,MYOR,RG,2330,43,D,YP,HP,D
10:15:04,MYOR,RG,2330,7,D,YP,HP,D
10:15:02,MYOR,RG,2330,2,D,YP,PD,D
10:14:21,MYOR,RG,2330,7,D,YP,KZ,F
10:14:11,MYOR,RG,2330,3,D,YP,KZ,F
10:13:41,MYOR,RG,2330,1,D,YP,KZ,F
10:13:41,MYOR,RG,2330,1,D,EP,KZ,F
10:13:41,MYOR,RG,2330,3,D,BQ,KZ,F
10:13:35,MYOR,RG,2330,13,D,BQ,KK,D
10:13:35,MYOR,RG,2330,9,D,KK,KK,D
10:13:11,MYOR,RG,2330,3,D,KK,KZ,F
10:13:11,MYOR,RG,2330,1,D,KK,KZ,F
10:13:07,MYOR,RG,2330,3,D,KK,EP,D
10:13:02,MYOR,RG,2330,2,D,KK,KZ,F
10:13:02,MYOR,RG,2330,2,D,KK,KZ,F
10:13:02,MYOR,RG,2330,2,D,YP,KZ,F
10:13:02,MYOR,RG,2330,9,D,AI,KZ,F
10:13:02,MYOR,RG,2330,1,D,AI,KZ,F
10:10:35,MYOR,RG,2330,4,D,AI,NI,D
10:10:00,MYOR,RG,2330,16,D,AI,HP,D
10:10:00,MYOR,RG,2330,20,D,YP,HP,D
10:10:00,MYOR,RG,2330,1,D,XA,HP,D
10:10:00,MYOR,RG,2330,2,D,YP,HP,D
10:10:00,MYOR,RG,2330,5,D,LG,HP,D
10:10:00,MYOR,RG,2330,1,D,YP,HP,D
10:08:49,MYOR,RG,2330,10,D,YP,OD,D
10:08:37,MYOR,RG,2330,4,D,YP,KZ,F
10:08:37,MYOR,RG,2330,3,D,YP,CG,D
10:08:37,MYOR,RG,2330,22,D,YP,KZ,F
10:08:37,MYOR,RG,2330,4,D,YP,CG,D
10:08:37,MYOR,RG,2330,6,D,YP,AT,D
10:08:35,MYOR,RG,2330,10,D,PD,AT,D
10:08:34,MYOR,RG,2330,6,D,YP,AT,D
10:08:34,MYOR,RG,2330,2,D,YP,PD,D
10:08:34,MYOR,RG,2330,100,D,YP,CG,D
10:08:34,MYOR,RG,2330,6,D,YP,PD,D
10:08:34,MYOR,RG,2330,3,D,YP,KZ,F
10:08:34,MYOR,RG,2330,36,D,YP,KZ,F
10:08:34,MYOR,RG,2330,40,D,YP,OD,D
10:08:34,MYOR,RG,2330,2,D,YP,KK,D
10:08:34,MYOR,RG,2330,16,D,YP,KZ,F
10:08:34,MYOR,RG,2330,5,D,YP,CG,D
10:08:34,MYOR,RG,2330,7,D,YP,CG,D
10:08:34,MYOR,RG,2330,10,D,YP,CC,D
10:08:34,MYOR,RG,2330,4,D,YP,CG,D
10:08:34,MYOR,RG,2330,7,D,YP,CG,D
10:08:34,MYOR,RG,2330,1,D,YP,XC,D
10:08:34,MYOR,RG,2330,5,D,YP,NI,D
10:08:34,MYOR,RG,2330,1,D,YP,XC,D
10:08:34,MYOR,RG,2330,4,D,YP,CC,D
10:08:34,MYOR,RG,2330,10,D,YP,DH,D
10:08:34,MYOR,RG,2330,6,D,YP,CC,D
10:08:34,MYOR,RG,2330,60,D,YP,PD,D
10:08:34,MYOR,RG,2330,3,D,YP,YP,D
10:08:34,MYOR,RG,2330,5,D,YP,PD,D
10:08:34,MYOR,RG,2330,3,D,YP,KZ,F
10:08:34,MYOR,RG,2330,1,D,YP,PD,D
10:08:34,MYOR,RG,2330,1,D,YP,KZ,F
10:08:34,MYOR,RG,2330,16,D,YP,KZ,F
10:08:34,MYOR,RG,2330,140,D,YP,KZ,F
10:08:27,MYOR,RG,2330,5,D,YP,KZ,F
10:08:25,MYOR,RG,2330,191,D,GR,KZ,F
10:08:25,MYOR,RG,2330,1,D,GR,PD,D
10:08:25,MYOR,RG,2330,5,D,GR,PD,D
10:08:25,MYOR,RG,2330,2,D,GR,CC,D
10:08:25,MYOR,RG,2330,1,D,GR,AI,D
10:08:21,MYOR,RG,2330,1,D,YP,AI,D
10:08:13,MYOR,RG,2330,10,D,PD,AI,D
10:08:02,MYOR,RG,2330,20,D,KK,AI,D
10:08:02,MYOR,RG,2330,50,D,BQ,AI,D
10:07:58,MYOR,RG,2330,1,D,PD,AI,D
10:07:58,MYOR,RG,2330,10,D,DR,AI,D
10:07:50,MYOR,RG,2330,15,D,KK,AI,D
10:07:48,MYOR,RG,2330,205,D,CC,AI,D
10:07:43,MYOR,RG,2330,10,D,DR,AI,D
10:07:32,MYOR,RG,2330,10,D,CC,AI,D
10:07:32,MYOR,RG,2330,100,D,PD,AI,D
10:07:32,MYOR,RG,2330,1,D,XC,AI,D
10:06:49,MYOR,RG,2330,2,D,YP,AI,D
10:06:30,MYOR,RG,2330,5,D,YP,AI,D
10:05:51,MYOR,RG,2330,25,D,XC,AI,D
10:05:48,MYOR,RG,2330,10,D,DR,AI,D
10:04:53,MYOR,RG,2330,45,D,XC,AI,D
10:04:51,MYOR,RG,2330,1,D,AZ,AI,D
10:04:45,MYOR,RG,2330,1,D,KK,AI,D
10:04:39,MYOR,RG,2330,10,D,YP,AI,D
10:04:36,MYOR,RG,2330,1,D,DH,AI,D
10:04:34,MYOR,RG,2330,300,D,FS,AI,D
10:04:27,MYOR,RG,2330,25,D,DR,AI,D
10:03:52,MYOR,RG,2330,1,D,PD,AI,D
10:03:52,MYOR,RG,2320,3,D,YP,XL,D
10:03:28,MYOR,RG,2330,3,D,XC,AI,D
10:03:16,MYOR,RG,2330,1,D,XC,AI,D
10:02:51,MYOR,RG,2330,30,D,HP,AI,D
10:02:47,MYOR,RG,2330,1,D,XC,AI,D
10:02:43,MYOR,RG,2330,20,D,HP,AI,D
10:01:47,MYOR,RG,2330,50,D,PD,AI,D
10:01:40,MYOR,RG,2320,12,D,YP,PD,D
10:01:29,MYOR,RG,2330,20,D,HP,AI,D
10:01:10,MYOR,RG,2330,3,D,YB,AI,D
10:01:05,MYOR,RG,2330,10,D,YP,AI,D
10:00:53,MYOR,RG,2330,2,D,PD,AI,D
10:00:14,MYOR,RG,2320,1,F,BK,KZ,F
10:00:14,MYOR,RG,2320,3,F,BK,KZ,F
10:00:14,MYOR,RG,2320,90,F,BK,CG,D
10:00:14,MYOR,RG,2320,2,F,BK,NI,D
10:00:14,MYOR,RG,2320,8,F,BK,KZ,F
10:00:14,MYOR,RG,2320,1,D,YP,KZ,F
10:00:11,MYOR,RG,2320,52,F,BK,KZ,F
10:00:11,MYOR,RG,2320,23,F,BK,KZ,F
10:00:11,MYOR,RG,2320,9,F,BK,KZ,F
10:00:11,MYOR,RG,2320,7,F,BK,PD,D
10:00:11,MYOR,RG,2320,3,F,BK,XC,D
10:00:11,MYOR,RG,2320,14,F,BK,XC,D
10:00:11,MYOR,RG,2320,20,F,BK,CC,D
10:00:11,MYOR,RG,2320,90,F,BK,KZ,F
10:00:11,MYOR,RG,2320,11,F,BK,CG,D
10:00:11,MYOR,RG,2320,6,F,BK,KZ,F
10:00:11,MYOR,RG,2320,1,F,BK,KZ,F
10:00:11,MYOR,RG,2320,8,F,BK,CG,D
10:00:11,MYOR,RG,2320,6,F,BK,CG,D
10:00:11,MYOR,RG,2320,1,F,BK,KZ,F
10:00:11,MYOR,RG,2320,21,F,BK,CG,D
10:00:11,MYOR,RG,2320,2,F,BK,PD,D
10:00:11,MYOR,RG,2320,1,F,BK,PD,D
10:00:11,MYOR,RG,2320,225,F,BK,OD,D
10:00:08,MYOR,RG,2320,10,D,PD,OD,D
10:00:08,MYOR,RG,2310,8,F,ZP,CG,D
10:00:06,MYOR,RG,2320,20,D,PD,OD,D
10:00:02,MYOR,RG,2320,15,D,BQ,OD,D
9:59:47,MYOR,RG,2320,100,D,YP,OD,D
9:59:44,MYOR,RG,2320,100,D,YP,OD,D
9:59:43,MYOR,RG,2320,30,D,KK,OD,D
9:59:43,MYOR,RG,2320,1,D,KK,PD,D
9:59:43,MYOR,RG,2320,1,D,KK,KZ,F
9:59:43,MYOR,RG,2320,18,D,KK,EP,D
9:59:39,MYOR,RG,2320,7,D,YP,EP,D
9:59:39,MYOR,RG,2320,20,D,YP,PD,D
9:59:39,MYOR,RG,2320,9,D,YP,KZ,F
9:59:39,MYOR,RG,2320,2,D,YP,EP,D
9:59:39,MYOR,RG,2320,62,D,YP,KZ,F
9:59:37,MYOR,RG,2320,50,D,YP,KZ,F
9:59:31,MYOR,RG,2320,100,D,SQ,KZ,F
9:59:30,MYOR,RG,2320,8,D,NI,KZ,F
9:59:29,MYOR,RG,2310,10,F,ZP,CG,D
9:59:21,MYOR,RG,2320,20,D,KK,KZ,F
9:59:21,MYOR,RG,2310,3,F,ZP,XC,D
9:59:18,MYOR,RG,2320,2,D,EP,KZ,F
9:59:16,MYOR,RG,2320,5,D,CC,KZ,F
9:59:14,MYOR,RG,2320,25,D,IF,KZ,F
9:59:14,MYOR,RG,2320,2,D,YP,KZ,F
9:59:11,MYOR,RG,2320,1,D,PD,KZ,F
9:59:08,MYOR,RG,2320,35,D,YP,KZ,F
9:59:08,MYOR,RG,2320,115,D,YP,AI,D
9:59:04,MYOR,RG,2320,2,D,KK,AI,D
9:59:04,MYOR,RG,2320,50,D,YP,AI,D
9:59:03,MYOR,RG,2320,70,F,CC,AI,D
9:59:02,MYOR,RG,2320,1,D,YP,AI,D
9:59:01,MYOR,RG,2320,44,D,YP,AI,D
9:58:59,MYOR,RG,2320,2,D,PD,AI,D
9:58:53,MYOR,RG,2320,2,D,YP,AI,D
9:58:52,MYOR,RG,2320,1,D,YP,AI,D
9:58:52,MYOR,RG,2320,1,D,YP,AI,D
9:58:51,MYOR,RG,2320,11,F,CC,AI,D
9:58:49,MYOR,RG,2320,1,D,YP,AI,D
9:58:48,MYOR,RG,2320,50,D,YP,AI,D
9:58:48,MYOR,RG,2310,9,F,ZP,CG,D
9:58:47,MYOR,RG,2320,8,D,SQ,AI,D
9:58:46,MYOR,RG,2320,52,D,PD,AI,D
9:58:45,MYOR,RG,2320,10,D,YP,AI,D
9:58:44,MYOR,RG,2320,10,D,PD,AI,D
9:58:44,MYOR,RG,2320,26,F,CC,AI,D
9:58:36,MYOR,RG,2320,40,D,YP,AI,D
9:58:35,MYOR,RG,2320,2,D,CC,AI,D
9:58:35,MYOR,RG,2320,17,F,CC,AI,D
9:58:30,MYOR,RG,2320,30,D,YP,AI,D
9:58:28,MYOR,RG,2320,1,D,YP,AI,D
9:58:26,MYOR,RG,2320,10,D,SQ,AI,D
9:58:23,MYOR,RG,2320,20,D,YP,AI,D
9:58:18,MYOR,RG,2320,10,D,DR,AI,D
9:58:17,MYOR,RG,2320,1,D,XC,AI,D
9:58:17,MYOR,RG,2320,10,D,YP,AI,D
9:58:16,MYOR,RG,2320,100,D,BQ,AI,D
9:58:16,MYOR,RG,2320,3,D,PD,AI,D
9:58:14,MYOR,RG,2310,7,F,ZP,CG,D
9:58:14,MYOR,RG,2320,1,D,YP,AI,D
9:58:14,MYOR,RG,2320,299,D,YP,AI,D
9:58:14,MYOR,RG,2320,3,D,YP,KZ,F
9:58:14,MYOR,RG,2320,2,D,YP,KZ,F
9:58:14,MYOR,RG,2320,1,D,YP,KZ,F
9:58:14,MYOR,RG,2320,2,D,YP,KZ,F
9:58:14,MYOR,RG,2320,1,D,YP,KZ,F
9:58:14,MYOR,RG,2320,1,D,YP,KZ,F
9:58:14,MYOR,RG,2320,1,D,YP,YP,D
9:58:14,MYOR,RG,2320,7,D,YP,XC,D
9:58:14,MYOR,RG,2320,1,D,YP,XC,D
9:58:14,MYOR,RG,2320,25,D,YP,YP,D
9:58:14,MYOR,RG,2320,11,D,YP,YP,D
9:58:14,MYOR,RG,2320,1,D,YP,YP,D
9:58:14,MYOR,RG,2320,25,D,YP,KZ,F
9:58:12,MYOR,RG,2320,100,D,YP,KZ,F
9:58:09,MYOR,RG,2320,89,D,YP,KZ,F
9:58:09,MYOR,RG,2320,61,D,YP,AI,D
9:58:08,MYOR,RG,2320,10,D,YP,AI,D
9:58:08,MYOR,RG,2320,10,D,CC,AI,D
9:58:01,MYOR,RG,2310,44,F,ZP,KZ,F
9:58:01,MYOR,RG,2310,2,F,ZP,KZ,F
9:58:01,MYOR,RG,2310,300,F,ZP,KZ,F
9:58:01,MYOR,RG,2310,1,F,ZP,KZ,F
9:58:00,MYOR,RG,2320,10,D,PD,AI,D
9:57:58,MYOR,RG,2320,2,D,CC,AI,D
9:57:54,MYOR,RG,2310,4,F,ZP,SQ,D
9:57:50,MYOR,RG,2320,9,D,YP,AI,D
9:57:44,MYOR,RG,2310,4,F,ZP,CG,D
9:57:06,MYOR,RG,2310,900,F,ZP,YP,D
9:55:13,MYOR,RG,2310,2,F,ZP,PD,D
9:54:53,MYOR,RG,2320,5,D,XC,AI,D
9:54:22,MYOR,RG,2310,1,F,ZP,AT,D
9:53:32,MYOR,RG,2320,9,D,PD,AI,D
9:52:37,MYOR,RG,2320,20,D,DH,AI,D
9:52:27,MYOR,RG,2320,100,D,YP,AI,D
9:52:19,MYOR,RG,2310,5,F,ZP,CC,D
9:52:15,MYOR,RG,2320,100,D,YP,AI,D
9:52:10,MYOR,RG,2320,54,D,CC,AI,D
9:52:01,MYOR,RG,2320,100,D,YP,AI,D
9:51:47,MYOR,RG,2320,10,D,DR,AI,D
9:51:21,MYOR,RG,2320,1,D,CC,AI,D
9:50:56,MYOR,RG,2310,20,F,ZP,XC,D
9:50:56,MYOR,RG,2310,1,D,XC,XC,D
9:49:58,MYOR,RG,2310,4,D,CC,KZ,F
9:49:58,MYOR,RG,2310,10,D,CC,CG,D
9:49:58,MYOR,RG,2310,2,D,CC,KZ,F
9:49:58,MYOR,RG,2310,6,D,CC,CG,D
9:49:58,MYOR,RG,2310,2,D,CC,KZ,F
9:49:58,MYOR,RG,2310,4,D,CC,CG,D
9:49:41,MYOR,RG,2310,2,D,XC,CG,D
9:49:37,MYOR,RG,2310,3,D,XC,KZ,F
9:48:55,MYOR,RG,2310,31,D,FS,KZ,F
9:48:55,MYOR,RG,2310,100,D,FS,GR,D
9:48:55,MYOR,RG,2310,7,D,FS,CG,D
9:48:55,MYOR,RG,2310,31,D,FS,KZ,F
9:48:55,MYOR,RG,2310,41,D,FS,KZ,F
9:48:55,MYOR,RG,2310,19,D,FS,CG,D
9:48:55,MYOR,RG,2310,71,D,FS,GR,D
9:47:50,MYOR,RG,2300,25,D,YU,CC,D
9:47:11,MYOR,RG,2310,5,D,KK,GR,D
9:47:02,MYOR,RG,2310,122,F,BK,GR,D
9:47:02,MYOR,RG,2310,2,D,XC,GR,D
9:46:39,MYOR,RG,2310,13,D,XC,CG,D
9:46:01,MYOR,RG,2310,5,D,YP,CG,D
9:46:01,MYOR,RG,2310,13,D,YP,KZ,F
9:46:01,MYOR,RG,2310,18,D,YP,CG,D
9:46:01,MYOR,RG,2310,4,D,YP,KZ,F
9:46:01,MYOR,RG,2310,2,D,YP,KZ,F
9:46:01,MYOR,RG,2310,13,D,YP,CG,D
9:46:01,MYOR,RG,2310,1,D,YP,KZ,F
9:46:01,MYOR,RG,2310,10,D,YP,CG,D
9:46:01,MYOR,RG,2310,8,D,YP,KZ,F
9:46:01,MYOR,RG,2310,22,D,YP,CG,D
9:46:01,MYOR,RG,2310,4,D,YP,KZ,F
9:45:55,MYOR,RG,2310,2,D,XC,KZ,F
9:45:38,MYOR,RG,2300,1,D,YU,XC,D
9:44:32,MYOR,RG,2310,7,D,CC,KZ,F
9:44:32,MYOR,RG,2310,25,D,CC,CG,D
9:44:22,MYOR,RG,2310,2,D,NI,CG,D
9:43:56,MYOR,RG,2310,100,D,YP,KZ,F
9:43:54,MYOR,RG,2310,3,D,XC,KZ,F
9:42:32,MYOR,RG,2310,2,D,XC,KZ,F
9:42:32,MYOR,RG,2310,3,D,XC,CG,D
9:42:22,MYOR,RG,2310,5,D,DR,CG,D
9:42:21,MYOR,RG,2300,30,D,YU,CC,D
9:42:21,MYOR,RG,2300,40,D,YU,CC,D
9:42:18,MYOR,RG,2310,6,D,NI,CG,D
9:42:18,MYOR,RG,2310,44,D,NI,KZ,F
9:42:09,MYOR,RG,2310,5,D,GR,KZ,F
9:41:31,MYOR,RG,2310,10,D,OD,KZ,F
9:41:18,MYOR,RG,2310,1,D,XC,KZ,F
9:41:18,MYOR,RG,2310,1,D,YP,KZ,F
9:41:18,MYOR,RG,2310,1,D,PD,KZ,F
9:41:18,MYOR,RG,2310,1,D,KK,KZ,F
9:41:18,MYOR,RG,2310,100,D,AT,KZ,F
9:41:18,MYOR,RG,2310,10,D,PD,KZ,F
9:41:18,MYOR,RG,2310,74,D,FS,KZ,F
9:41:18,MYOR,RG,2310,49,D,FS,CG,D
9:41:18,MYOR,RG,2310,177,D,FS,AI,D
9:41:18,MYOR,RG,2310,10,D,PD,AI,D
9:41:18,MYOR,RG,2310,3,D,XC,AI,D
9:41:18,MYOR,RG,2310,1,D,XC,AI,D
9:41:18,MYOR,RG,2310,3,D,XC,AI,D
9:41:18,MYOR,RG,2310,5,D,TP,AI,D
9:41:18,MYOR,RG,2310,1,D,PD,AI,D
9:41:18,MYOR,RG,2310,1,D,XC,AI,D
9:41:18,MYOR,RG,2310,1,D,XC,AI,D
9:41:18,MYOR,RG,2310,25,D,GR,AI,D
9:41:18,MYOR,RG,2310,30,D,PD,AI,D
9:41:18,MYOR,RG,2310,2,D,CC,AI,D
9:41:18,MYOR,RG,2310,1,D,PD,AI,D
9:41:18,MYOR,RG,2310,740,F,ZP,AI,D
9:40:51,MYOR,RG,2310,2,F,ZP,KZ,F
9:40:51,MYOR,RG,2310,166,F,ZP,KZ,F
9:40:49,MYOR,RG,2310,34,F,ZP,KZ,F
9:40:48,MYOR,RG,2310,101,F,ZP,CC,D
9:40:41,MYOR,RG,2310,500,F,ZP,OD,D
9:40:34,MYOR,RG,2310,4,F,ZP,NI,D
9:39:51,MYOR,RG,2310,1,F,ZP,KZ,F
9:38:04,MYOR,RG,2310,4,F,ZP,PD,D
9:34:48,MYOR,RG,2310,16,F,ZP,KZ,F
9:34:48,MYOR,RG,2310,25,F,ZP,KK,D
9:34:48,MYOR,RG,2310,16,F,ZP,CG,D
9:34:45,MYOR,RG,2310,7,D,KK,CG,D
9:34:45,MYOR,RG,2310,4,D,KK,KZ,F
9:34:37,MYOR,RG,2310,3,D,YP,KZ,F
9:34:35,MYOR,RG,2310,2,D,PD,KZ,F
9:34:33,MYOR,RG,2310,2,D,OD,KZ,F
9:34:33,MYOR,RG,2310,3,D,OD,KZ,F
9:34:33,MYOR,RG,2310,2,D,OD,KZ,F
9:34:33,MYOR,RG,2310,3,D,OD,KZ,F
9:34:33,MYOR,RG,2310,34,D,OD,CG,D
9:34:33,MYOR,RG,2310,136,D,OD,KZ,F
9:34:23,MYOR,RG,2310,1,D,PD,KZ,F
9:34:03,MYOR,RG,2310,171,F,ZP,KZ,F
9:34:03,MYOR,RG,2310,1,D,XC,KZ,F
9:34:03,MYOR,RG,2310,3,D,XC,KZ,F
9:34:03,MYOR,RG,2310,2,D,NI,KZ,F
9:34:03,MYOR,RG,2310,1,D,XC,KZ,F
9:34:03,MYOR,RG,2310,1,D,SQ,KZ,F
9:34:03,MYOR,RG,2310,15,D,ZP,KZ,F
9:34:03,MYOR,RG,2310,1,D,KK,KZ,F
9:34:03,MYOR,RG,2310,1,D,XC,KZ,F
9:34:03,MYOR,RG,2310,6,F,BK,KZ,F
9:34:03,MYOR,RG,2310,10,D,CC,KZ,F
9:34:03,MYOR,RG,2310,8,D,OD,KZ,F
9:34:01,MYOR,RG,2310,32,D,OD,CG,D
9:34:01,MYOR,RG,2310,9,D,PD,CG,D
9:34:01,MYOR,RG,2310,14,D,YP,CG,D
9:34:01,MYOR,RG,2310,31,D,YP,KZ,F
9:34:01,MYOR,RG,2310,1,D,YP,KZ,F
9:34:01,MYOR,RG,2310,4,D,YP,KZ,F
9:34:01,MYOR,RG,2310,4,D,YP,KZ,F
9:34:00,MYOR,RG,2310,346,D,YP,AI,D
9:34:00,MYOR,RG,2310,5,D,PD,AI,D
9:34:00,MYOR,RG,2310,2,D,OD,AI,D
9:34:00,MYOR,RG,2310,2,D,YP,AI,D
9:34:00,MYOR,RG,2310,15,D,CC,AI,D
9:34:00,MYOR,RG,2310,100,D,PD,AI,D
9:34:00,MYOR,RG,2310,5,D,YP,AI,D
9:34:00,MYOR,RG,2310,10,D,YP,AI,D
9:34:00,MYOR,RG,2310,3,D,PD,AI,D
9:34:00,MYOR,RG,2310,1,D,PD,AI,D
9:34:00,MYOR,RG,2310,1,D,PD,AI,D
9:34:00,MYOR,RG,2310,300,D,FS,AI,D
9:34:00,MYOR,RG,2310,5,D,XC,AI,D
9:34:00,MYOR,RG,2310,1,D,YP,AI,D
9:34:00,MYOR,RG,2310,10,D,PD,AI,D
9:34:00,MYOR,RG,2310,4,D,NI,AI,D
9:34:00,MYOR,RG,2310,5,D,XC,AI,D
9:34:00,MYOR,RG,2310,13,D,CC,AI,D
9:34:00,MYOR,RG,2310,2,D,OD,AI,D
9:34:00,MYOR,RG,2310,25,D,OD,AI,D
9:34:00,MYOR,RG,2310,5,D,CC,AI,D
9:34:00,MYOR,RG,2310,1,D,XC,AI,D
9:34:00,MYOR,RG,2310,2,D,PD,AI,D
9:34:00,MYOR,RG,2310,10,D,PD,AI,D
9:34:00,MYOR,RG,2310,97,F,ZP,AI,D
9:34:00,MYOR,RG,2310,30,D,PD,AI,D
9:33:58,MYOR,RG,2320,1,D,YP,AI,D
9:33:44,MYOR,RG,2310,7,D,PD,CG,D
9:33:05,MYOR,RG,2310,7,D,PD,CG,D
9:32:29,MYOR,RG,2310,10,D,KK,CG,D
9:32:29,MYOR,RG,2310,2,D,YP,CG,D
9:32:29,MYOR,RG,2310,3,D,NI,CG,D
9:31:49,MYOR,RG,2320,7,D,XC,AI,D
9:31:49,MYOR,RG,2310,1,D,NI,CG,D
9:31:49,MYOR,RG,2310,5,D,SQ,CG,D
9:31:41,MYOR,RG,2310,16,D,SQ,CC,D
9:31:41,MYOR,RG,2310,77,F,ZP,CC,D
9:31:41,MYOR,RG,2310,7,D,FS,CC,D
9:31:18,MYOR,RG,2310,8,D,FS,CG,D
9:30:39,MYOR,RG,2310,7,D,FS,CG,D
9:30:31,MYOR,RG,2310,3,D,FS,KZ,F
9:30:14,MYOR,RG,2320,8,D,YP,AI,D
9:30:01,MYOR,RG,2310,7,D,FS,KZ,F
9:29:59,MYOR,RG,2310,10,D,FS,CG,D
9:29:41,MYOR,RG,2320,10,D,CC,AI,D
9:29:41,MYOR,RG,2310,2,D,FS,KZ,F
9:29:31,MYOR,RG,2310,2,D,FS,KZ,F
9:29:29,MYOR,RG,2310,6,D,FS,CG,D
9:29:08,MYOR,RG,2310,1,D,FS,XC,D
9:29:04,MYOR,RG,2320,4,D,EP,AI,D
9:29:01,MYOR,RG,2310,3,D,FS,KZ,F
9:28:58,MYOR,RG,2310,9,D,FS,CG,D
9:28:53,MYOR,RG,2310,1,D,FS,XC,D
9:28:41,MYOR,RG,2310,2,D,FS,KZ,F
9:28:31,MYOR,RG,2310,2,D,FS,KZ,F
9:28:24,MYOR,RG,2310,6,D,FS,CG,D
9:28:19,MYOR,RG,2310,1,D,FS,PD,D
9:28:05,MYOR,RG,2310,4,D,FS,PD,D
9:27:54,MYOR,RG,2310,10,D,FS,CG,D
9:27:51,MYOR,RG,2310,3,D,FS,KZ,F
9:27:31,MYOR,RG,2310,1,D,FS,KZ,F
9:27:21,MYOR,RG,2310,2,D,FS,KZ,F
9:27:14,MYOR,RG,2310,7,D,FS,CG,D
9:26:51,MYOR,RG,2310,2,D,FS,KZ,F
9:26:45,MYOR,RG,2320,1,D,EP,AI,D
9:26:44,MYOR,RG,2310,8,D,FS,CG,D
9:26:21,MYOR,RG,2310,3,D,FS,KZ,F
9:26:14,MYOR,RG,2310,7,D,FS,CG,D
9:26:01,MYOR,RG,2310,2,D,FS,KZ,F
9:25:41,MYOR,RG,2310,2,D,FS,KZ,F
9:25:40,MYOR,RG,2310,8,D,FS,CG,D
9:25:28,MYOR,RG,2310,5,D,FS,NI,D
9:25:13,MYOR,RG,2310,1,D,FS,XC,D
9:25:08,MYOR,RG,2310,7,D,FS,CG,D
9:25:01,MYOR,RG,2310,2,D,FS,KZ,F
9:24:47,MYOR,RG,2310,14,D,FS,KZ,F
9:24:46,MYOR,RG,2310,43,D,FS,PD,D
9:24:41,MYOR,RG,2310,3,D,FS,KZ,F
9:24:29,MYOR,RG,2310,9,D,FS,CG,D
9:24:21,MYOR,RG,2310,1,D,FS,KZ,F
9:24:06,MYOR,RG,2320,1,D,YP,AI,D
9:24:06,MYOR,RG,2310,1,D,FS,PD,D
9:23:57,MYOR,RG,2310,4,D,FS,KZ,F
9:23:49,MYOR,RG,2310,6,D,FS,CG,D
9:23:41,MYOR,RG,2310,2,D,FS,KZ,F
9:23:32,MYOR,RG,2310,5,D,FS,KZ,F
9:23:31,MYOR,RG,2310,16,D,FS,PD,D
9:23:18,MYOR,RG,2310,7,D,FS,CG,D
9:23:11,MYOR,RG,2310,3,D,FS,KZ,F
9:23:03,MYOR,RG,2310,7,D,FS,YP,D
9:22:51,MYOR,RG,2310,20,D,FS,KZ,F
9:22:51,MYOR,RG,2310,1,D,FS,KZ,F
9:22:47,MYOR,RG,2310,1,D,FS,KZ,F
9:22:45,MYOR,RG,2310,1,D,FS,KZ,F
9:22:44,MYOR,RG,2310,5,D,FS,CG,D
9:22:44,MYOR,RG,2310,1,D,SQ,CG,D
9:22:41,MYOR,RG,2310,1,D,SQ,KZ,F
9:22:41,MYOR,RG,2310,2,D,SQ,KZ,F
9:22:41,MYOR,RG,2310,1,D,SQ,KZ,F
9:22:41,MYOR,RG,2310,1,D,YP,KZ,F
9:22:37,MYOR,RG,2310,1,D,YP,PD,D
9:22:35,MYOR,RG,2310,8,D,YP,KZ,F
9:22:35,MYOR,RG,2310,7,D,YP,KZ,F
9:22:32,MYOR,RG,2310,2,D,YP,YP,D
9:22:32,MYOR,RG,2310,10,D,NI,YP,D
9:22:32,MYOR,RG,2310,10,D,PD,YP,D
9:22:32,MYOR,RG,2310,2,D,NI,YP,D
9:22:32,MYOR,RG,2310,20,D,YP,YP,D
9:22:32,MYOR,RG,2310,6,F,ZP,YP,D
9:22:25,MYOR,RG,2310,7,F,ZP,EP,D
9:22:21,MYOR,RG,2310,3,F,ZP,XC,D
9:21:39,MYOR,RG,2310,2,F,ZP,YP,D
9:20:53,MYOR,RG,2310,17,F,ZP,XC,D
9:20:45,MYOR,RG,2320,43,D,DR,AI,D
9:20:31,MYOR,RG,2310,3,F,ZP,KZ,F
9:20:21,MYOR,RG,2310,1,F,ZP,KZ,F
9:20:15,MYOR,RG,2320,11,D,PD,AI,D
9:19:47,MYOR,RG,2310,3,F,BK,XC,D
9:19:42,MYOR,RG,2310,10,F,BK,EP,D
9:18:11,MYOR,RG,2310,1,F,BK,KZ,F
9:18:09,MYOR,RG,2310,1,F,BK,XC,D
9:17:41,MYOR,RG,2310,1,F,BK,KZ,F
9:17:36,MYOR,RG,2310,2,F,BK,YP,D
9:17:31,MYOR,RG,2310,1,F,BK,KZ,F
9:17:21,MYOR,RG,2310,1,F,BK,PD,D
9:17:21,MYOR,RG,2310,5,F,BK,KZ,F
9:17:21,MYOR,RG,2310,10,F,BK,KZ,F
9:17:21,MYOR,RG,2310,3,F,BK,KZ,F
9:17:17,MYOR,RG,2310,22,F,BK,KZ,F
9:17:17,MYOR,RG,2310,9,F,ZP,KZ,F
9:17:16,MYOR,RG,2310,1,F,ZP,AK,F
9:17:16,MYOR,RG,2310,75,F,ZP,CG,D
9:17:15,MYOR,RG,2310,1,F,ZP,AK,F
9:17:15,MYOR,RG,2310,2,F,ZP,AK,F
9:17:15,MYOR,RG,2310,5,F,ZP,KZ,F
9:17:15,MYOR,RG,2310,20,D,SQ,KZ,F
9:17:15,MYOR,RG,2310,4,D,NI,KZ,F
9:17:15,MYOR,RG,2310,10,D,PD,KZ,F
9:17:15,MYOR,RG,2310,2,D,CC,KZ,F
9:17:15,MYOR,RG,2310,25,D,PD,KZ,F
9:17:15,MYOR,RG,2310,10,D,YP,KZ,F
9:17:15,MYOR,RG,2310,5,D,YP,KZ,F
9:17:15,MYOR,RG,2310,1,D,NI,KZ,F
9:17:15,MYOR,RG,2310,3,D,YP,KZ,F
9:17:15,MYOR,RG,2310,10,D,CC,KZ,F
9:17:15,MYOR,RG,2310,1,D,XC,KZ,F
9:17:15,MYOR,RG,2310,5,D,SQ,KZ,F
9:17:15,MYOR,RG,2310,1,D,ZP,KZ,F
9:17:15,MYOR,RG,2310,10,D,SQ,KZ,F
9:17:15,MYOR,RG,2310,13,D,CC,KZ,F
9:17:15,MYOR,RG,2310,7,F,BK,KZ,F
9:17:15,MYOR,RG,2310,1,D,SQ,KZ,F
9:17:15,MYOR,RG,2310,25,D,KK,KZ,F
9:17:15,MYOR,RG,2310,1,D,PD,KZ,F
9:17:15,MYOR,RG,2310,4,D,SQ,KZ,F
9:17:15,MYOR,RG,2310,40,D,NI,KZ,F
9:17:15,MYOR,RG,2310,10,D,PD,KZ,F
9:17:15,MYOR,RG,2310,1,D,XC,KZ,F
9:17:15,MYOR,RG,2310,50,D,NI,KZ,F
9:17:15,MYOR,RG,2310,4,D,NI,KZ,F
9:17:15,MYOR,RG,2310,1,D,XC,KZ,F
9:17:15,MYOR,RG,2310,1,D,YP,KZ,F
9:17:15,MYOR,RG,2310,10,D,EP,KZ,F
9:17:15,MYOR,RG,2310,50,D,FS,KZ,F
9:17:15,MYOR,RG,2310,6,D,CP,KZ,F
9:17:15,MYOR,RG,2310,4,D,CP,AK,F
9:17:14,MYOR,RG,2310,9,D,CP,AK,F
9:17:13,MYOR,RG,2310,31,D,CP,AI,D
9:17:13,MYOR,RG,2310,5,D,PD,AI,D
9:17:13,MYOR,RG,2310,1,D,XC,AI,D
9:17:13,MYOR,RG,2310,10,D,PD,AI,D
9:17:13,MYOR,RG,2310,2,D,XC,AI,D
9:17:13,MYOR,RG,2310,10,D,SQ,AI,D
9:17:13,MYOR,RG,2310,5,D,PD,AI,D
9:17:13,MYOR,RG,2310,50,D,EP,AI,D
9:17:13,MYOR,RG,2310,50,D,EP,AI,D
9:17:13,MYOR,RG,2310,2,D,KK,AI,D
9:17:13,MYOR,RG,2310,1,D,YP,AI,D
9:17:13,MYOR,RG,2310,24,D,PD,AI,D
9:17:13,MYOR,RG,2310,10,D,KK,AI,D
9:17:13,MYOR,RG,2310,146,F,ZP,AI,D
9:17:13,MYOR,RG,2310,10,D,GR,AI,D
9:17:13,MYOR,RG,2310,3,D,YP,AI,D
9:17:13,MYOR,RG,2310,1,D,DR,AI,D
9:17:13,MYOR,RG,2310,5,D,KK,AI,D
9:17:13,MYOR,RG,2310,5,D,XC,AI,D
9:17:13,MYOR,RG,2310,1,D,XC,AI,D
9:17:13,MYOR,RG,2310,10,D,PD,AI,D
9:17:13,MYOR,RG,2310,1,D,XC,AI,D
9:17:13,MYOR,RG,2310,4,D,PD,AI,D
9:17:13,MYOR,RG,2310,200,D,CC,AI,D
9:17:13,MYOR,RG,2310,1,D,XC,AI,D
9:17:13,MYOR,RG,2310,10,D,KK,AI,D
9:17:13,MYOR,RG,2310,10,D,PD,AI,D
9:17:13,MYOR,RG,2310,2,D,PD,AI,D
9:17:13,MYOR,RG,2310,3,D,XC,AI,D
9:17:13,MYOR,RG,2310,7,D,SQ,AI,D
9:17:13,MYOR,RG,2310,1,D,PD,AI,D
9:17:13,MYOR,RG,2310,5,D,EP,AI,D
9:17:13,MYOR,RG,2310,20,F,ZP,AI,D
9:17:13,MYOR,RG,2310,1,D,CC,AI,D
9:17:13,MYOR,RG,2310,1,D,SQ,AI,D
9:17:13,MYOR,RG,2310,1,D,PD,AI,D
9:17:13,MYOR,RG,2310,2,D,XC,AI,D
9:17:13,MYOR,RG,2310,11,D,GR,AI,D
9:17:13,MYOR,RG,2310,11,D,PD,AI,D
9:17:13,MYOR,RG,2310,2,D,PD,AI,D
9:17:13,MYOR,RG,2310,1,D,CC,AI,D
9:17:13,MYOR,RG,2310,121,F,ZP,AI,D
9:17:13,MYOR,RG,2310,3,D,AT,AI,D
9:17:13,MYOR,RG,2310,200,D,AR,AI,D
9:17:12,MYOR,RG,2320,10,D,NI,AI,D
9:17:03,MYOR,RG,2310,43,D,AR,KZ,F
9:17:01,MYOR,RG,2310,9,D,AR,CG,D
9:17:00,MYOR,RG,2320,20,D,YP,AI,D
9:16:40,MYOR,RG,2320,100,D,YP,AI,D
9:16:29,MYOR,RG,2310,8,D,AR,CG,D
9:16:05,MYOR,RG,2320,1,D,AT,AI,D
9:15:49,MYOR,RG,2310,7,D,AR,CG,D
9:15:29,MYOR,RG,2320,23,F,ZP,AI,D
9:15:21,MYOR,RG,2310,29,D,AR,KZ,F
9:15:21,MYOR,RG,2310,4,D,AR,KZ,F
9:15:21,MYOR,RG,2310,2,D,AR,KZ,F
9:15:20,MYOR,RG,2310,3,D,AR,KZ,F
9:15:19,MYOR,RG,2310,7,D,AR,CG,D
9:14:54,MYOR,RG,2310,8,D,AR,NI,D
9:14:40,MYOR,RG,2310,3,D,AR,KZ,F
9:14:39,MYOR,RG,2310,8,D,AR,CG,D
9:14:05,MYOR,RG,2310,3,D,AR,KZ,F
9:14:04,MYOR,RG,2310,9,D,AR,CG,D
9:13:41,MYOR,RG,2310,1,D,AR,KZ,F
9:13:41,MYOR,RG,2310,7,D,AR,KZ,F
9:13:41,MYOR,RG,2310,3,D,AR,KZ,F
9:13:41,MYOR,RG,2310,3,D,AR,KZ,F
9:13:38,MYOR,RG,2320,100,D,FS,AI,D
9:13:24,MYOR,RG,2310,8,D,AR,CG,D
9:12:49,MYOR,RG,2310,8,D,AR,CG,D
9:12:14,MYOR,RG,2310,9,D,AR,CG,D
9:11:50,MYOR,RG,2320,12,F,ZP,AI,D
9:11:41,MYOR,RG,2310,15,D,AR,KZ,F
9:11:41,MYOR,RG,2310,1,D,AR,KZ,F
9:11:41,MYOR,RG,2310,3,D,AR,KZ,F
9:11:41,MYOR,RG,2310,3,D,AR,KZ,F
9:11:35,MYOR,RG,2320,5,D,XC,AI,D
9:11:34,MYOR,RG,2310,8,D,AR,CG,D
9:11:04,MYOR,RG,2310,8,D,AR,CG,D
9:10:51,MYOR,RG,2310,4,D,AR,KZ,F
9:10:51,MYOR,RG,2310,1,D,AR,KZ,F
9:10:51,MYOR,RG,2310,1,D,AR,KZ,F
9:10:46,MYOR,RG,2320,50,D,NI,AI,D
9:10:36,MYOR,RG,2310,2,D,AR,YP,D
9:10:35,MYOR,RG,2310,4,D,AR,PD,D
9:10:29,MYOR,RG,2310,9,D,AR,CG,D
9:10:20,MYOR,RG,2320,3,F,ZP,AI,D
9:10:11,MYOR,RG,2310,3,D,AR,KZ,F
9:10:11,MYOR,RG,2310,1,D,AR,KZ,F
9:10:11,MYOR,RG,2310,13,D,AR,KZ,F
9:10:09,MYOR,RG,2320,14,F,ZP,AI,D
9:09:49,MYOR,RG,2310,9,D,AR,CG,D
9:09:10,MYOR,RG,2320,30,D,AN,AI,D
9:09:10,MYOR,RG,2310,4,D,AR,KZ,F
9:09:09,MYOR,RG,2310,9,D,AR,CG,D
9:09:04,MYOR,RG,2320,2,D,PD,AI,D
9:08:51,MYOR,RG,2310,2,D,AR,KZ,F
9:08:35,MYOR,RG,2310,3,D,AR,KZ,F
9:08:34,MYOR,RG,2310,10,D,AR,CG,D
9:07:54,MYOR,RG,2310,6,D,AR,CG,D
9:07:24,MYOR,RG,2310,3,D,AR,KZ,F
9:07:23,MYOR,RG,2310,9,D,AR,CG,D
9:07:22,MYOR,RG,2310,4,D,AR,NI,D
9:06:47,MYOR,RG,2310,5,D,AR,KZ,F
9:06:46,MYOR,RG,2310,13,D,AR,CC,D
9:06:45,MYOR,RG,2310,4,D,AR,KZ,F
9:06:44,MYOR,RG,2310,9,D,AR,CG,D
9:06:39,MYOR,RG,2320,3,D,XC,AI,D
9:06:21,MYOR,RG,2310,2,D,AR,KZ,F
9:06:21,MYOR,RG,2310,1,D,AR,KZ,F
9:06:18,MYOR,RG,2320,1,D,XC,AI,D
9:06:17,MYOR,RG,2320,9,F,ZP,AI,D
9:06:05,MYOR,RG,2310,2,D,AR,KZ,F
9:06:04,MYOR,RG,2310,7,D,AR,CG,D
9:05:40,MYOR,RG,2310,1,D,AR,XC,D
9:05:35,MYOR,RG,2310,2,D,AR,KZ,F
9:05:34,MYOR,RG,2310,8,D,AR,CG,D
9:05:00,MYOR,RG,2310,3,D,AR,KZ,F
9:04:59,MYOR,RG,2310,8,D,AR,CG,D
9:04:27,MYOR,RG,2310,3,D,AR,KZ,F
9:04:26,MYOR,RG,2310,8,D,AR,CG,D
9:04:03,MYOR,RG,2310,1,D,AR,YP,D
9:03:49,MYOR,RG,2310,6,D,AR,CG,D
9:03:49,MYOR,RG,2310,1,D,DX,CG,D
9:03:21,MYOR,RG,2310,3,D,DX,KZ,F
9:03:19,MYOR,RG,2310,1,D,DX,CG,D
9:03:19,MYOR,RG,2310,8,D,YU,CG,D
9:02:58,MYOR,RG,2320,1,D,CC,AI,D
9:02:47,MYOR,RG,2310,3,D,YU,XC,D
9:02:40,MYOR,RG,2310,7,D,YU,KZ,F
9:02:39,MYOR,RG,2310,12,D,YU,CG,D
9:02:30,MYOR,RG,2320,9,F,ZP,AI,D
9:01:31,MYOR,RG,2310,2,D,YU,KZ,F
9:01:31,MYOR,RG,2310,10,D,YU,KZ,F
9:01:30,MYOR,RG,2310,30,D,YU,PD,D
9:01:04,MYOR,RG,2310,1,D,YU,YP,D
9:00:35,MYOR,RG,2320,15,D,YP,AI,D
9:00:30,MYOR,RG,2310,1,D,YU,KZ,F
9:00:26,MYOR,RG,2310,2,D,YU,AT,D
9:00:21,MYOR,RG,2310,1,D,YU,KZ,F
9:00:18,MYOR,RG,2310,2,D,YU,KZ,F
9:00:14,MYOR,RG,2310,6,D,YU,KZ,F
9:00:13,MYOR,RG,2320,2,D,XC,AI,D
9:00:11,MYOR,RG,2310,12,D,YU,PD,D
9:00:10,MYOR,RG,2310,3,D,YU,PD,D
9:00:09,MYOR,RG,2320,3,D,SQ,AI,D