Time,Stock,Brd,Price,Qty,BT,BC,SC,ST
15:14:36,MYOR,RG,2390,21,D,XC,YP,D
15:14:31,MYOR,RG,2390,3,D,XC,YP,D
15:14:05,MYOR,RG,2390,1,D,XC,YP,D
15:13:48,MYOR,RG,2390,10,D,XC,YP,D
15:12:52,MYOR,RG,2390,45,D,XC,YP,D
15:12:38,MYOR,RG,2390,50,D,OK,YP,D
15:12:06,MYOR,RG,2390,5,D,PD,YP,D
15:12:06,MYOR,RG,2390,2,D,KK,YP,D
15:11:57,MYOR,RG,2390,10,D,CC,YP,D
15:11:37,MYOR,RG,2390,1,D,PD,YP,D
15:10:59,MYOR,RG,2390,1,D,KK,YP,D
15:10:42,MYOR,RG,2390,1,D,XC,YP,D
15:10:28,MYOR,RG,2390,10,D,NI,YP,D
15:10:01,MYOR,RG,2390,1,D,SQ,YP,D
15:09:50,MYOR,RG,2390,2,D,PD,YP,D
15:09:50,MYOR,RG,2390,2,D,XC,YP,D
15:09:42,MYOR,RG,2390,1,D,XC,XC,D
15:09:36,MYOR,RG,2390,6,D,XC,PD,D
15:09:36,MYOR,RG,2390,1,D,XC,YP,D
15:09:36,MYOR,RG,2390,3,D,XC,PD,D
15:09:34,MYOR,RG,2390,1,D,XC,PD,D
15:09:24,MYOR,RG,2390,1,D,XC,PD,D
15:09:24,MYOR,RG,2390,3,D,YP,PD,D
15:09:24,MYOR,RG,2390,4,D,YP,XL,D
15:09:24,MYOR,RG,2390,2,D,YP,YP,D
15:09:24,MYOR,RG,2390,10,D,YP,YP,D
15:09:24,MYOR,RG,2390,11,D,YP,YP,D
15:09:24,MYOR,RG,2390,5,D,YP,DH,D
15:09:24,MYOR,RG,2390,20,D,YP,PD,D
15:09:24,MYOR,RG,2390,18,D,YP,DR,D
15:09:24,MYOR,RG,2390,1,D,YP,PD,D
15:09:24,MYOR,RG,2390,5,D,YP,KK,D
15:09:24,MYOR,RG,2390,20,D,YP,PD,D
15:09:24,MYOR,RG,2390,1,D,YP,CC,D
15:09:10,MYOR,RG,2390,1,D,PD,CC,D
15:09:02,MYOR,RG,2390,5,D,DR,CC,D
15:08:53,MYOR,RG,2390,3,D,YP,CC,D
15:08:53,MYOR,RG,2390,9,D,YP,EP,D
15:08:53,MYOR,RG,2390,5,D,YP,PD,D
15:08:53,MYOR,RG,2390,8,D,YP,PD,D
15:08:40,MYOR,RG,2390,40,D,EP,PD,D
15:08:10,MYOR,RG,2390,5,D,XC,PD,D
15:08:09,MYOR,RG,2390,20,D,XC,PD,D
15:07:53,MYOR,RG,2390,5,D,XC,PD,D
15:07:51,MYOR,RG,2390,1,D,KK,PD,D
15:07:44,MYOR,RG,2390,1,D,XA,PD,D
15:07:40,MYOR,RG,2390,2,D,YP,PD,D
15:07:07,MYOR,RG,2390,1,D,KK,PD,D
15:06:19,MYOR,RG,2390,1,D,CC,PD,D
15:06:08,MYOR,RG,2390,5,D,PD,PD,D
15:05:32,MYOR,RG,2390,1,D,XC,PD,D
15:05:26,MYOR,RG,2390,1,D,XC,PD,D
15:05:02,MYOR,RG,2390,1,D,PD,PD,D
15:05:01,MYOR,RG,2390,2,D,XC,PD,D
15:05:01,MYOR,RG,2390,1,D,XC,PD,D
15:05:01,MYOR,RG,2390,1,D,XC,PD,D
15:05:00,MYOR,RG,2390,5,D,EP,PD,D
15:00:00,MYOR,RG,2390,1,D,SQ,PD,D
15:00:00,MYOR,RG,2390,1,F,AK,PD,D
15:00:00,MYOR,RG,2390,418,D,CC,PD,D
15:00:00,MYOR,RG,2390,20,D,CC,DR,D
15:00:00,MYOR,RG,2390,62,D,CC,GR,D
15:00:00,MYOR,RG,2390,2,D,CC,GR,D
15:00:00,MYOR,RG,2390,2,D,SQ,GR,D
15:00:00,MYOR,RG,2390,5,D,XC,GR,D
15:00:00,MYOR,RG,2390,10,D,PD,GR,D
15:00:00,MYOR,RG,2390,2,D,GR,GR,D
15:00:00,MYOR,RG,2390,2,D,YP,GR,D
15:00:00,MYOR,RG,2390,1,D,KK,GR,D
15:00:00,MYOR,RG,2390,1,D,YP,GR,D
15:00:00,MYOR,RG,2390,4,D,YP,GR,D
15:00:00,MYOR,RG,2390,2,F,OD,GR,D
15:00:00,MYOR,RG,2390,1,D,XC,GR,D
15:00:00,MYOR,RG,2390,1,D,XC,GR,D
15:00:00,MYOR,RG,2390,2,D,YP,GR,D
15:00:00,MYOR,RG,2390,3,D,XC,GR,D
15:00:00,MYOR,RG,2390,15,D,YP,GR,D
15:00:00,MYOR,RG,2390,4,D,YP,GR,D
15:00:00,MYOR,RG,2390,5,D,CC,GR,D
15:00:00,MYOR,RG,2390,10,D,KK,GR,D
15:00:00,MYOR,RG,2390,10,D,PD,GR,D
15:00:00,MYOR,RG,2390,1,D,XC,GR,D
15:00:00,MYOR,RG,2390,2,D,CC,GR,D
15:00:00,MYOR,RG,2390,5,D,SQ,GR,D
15:00:00,MYOR,RG,2390,833,D,DX,GR,D
15:00:00,MYOR,RG,2390,1,D,YP,GR,D
15:00:00,MYOR,RG,2390,8,D,SQ,GR,D
15:00:00,MYOR,RG,2390,2,D,YP,GR,D
15:00:00,MYOR,RG,2390,3,D,CC,GR,D
15:00:00,MYOR,RG,2390,4,D,CC,GR,D
15:00:00,MYOR,RG,2390,15,D,YP,GR,D
15:00:00,MYOR,RG,2390,30,D,XC,GR,D
15:00:00,MYOR,RG,2390,5,D,XL,GR,D
15:00:00,MYOR,RG,2390,50,D,NI,GR,D
15:00:00,MYOR,RG,2390,21,F,AK,GR,D
15:00:00,MYOR,RG,2390,160,D,AK,GR,D
15:00:00,MYOR,RG,2390,12,D,AK,YP,F
14:49:55,MYOR,RG,2400,5,D,DH,GR,D
14:49:55,MYOR,RG,2390,27,D,YJ,YP,D
14:49:47,MYOR,RG,2390,1,D,YJ,YP,D
14:49:45,MYOR,RG,2390,2,D,YJ,KK,D
14:49:41,MYOR,RG,2380,15,D,AZ,YP,D
14:49:41,MYOR,RG,2380,24,D,AZ,KK,D
14:49:41,MYOR,RG,2380,5,D,AZ,KK,D
14:49:41,MYOR,RG,2380,6,D,AZ,CC,D
14:49:40,MYOR,RG,2380,4,D,AZ,DR,D
14:49:40,MYOR,RG,2380,15,D,AZ,LG,D
14:49:40,MYOR,RG,2390,4,D,YP,LG,D
14:49:40,MYOR,RG,2380,16,D,AZ,LG,D
14:49:40,MYOR,RG,2390,3,D,PD,LG,D
14:49:29,MYOR,RG,2390,10,D,PD,LG,D
14:49:29,MYOR,RG,2390,1,D,PD,LG,D
14:49:29,MYOR,RG,2390,3,D,CC,LG,D
14:49:29,MYOR,RG,2390,50,D,XC,LG,D
14:49:29,MYOR,RG,2390,10,D,XC,LG,D
14:49:29,MYOR,RG,2390,15,D,XC,LG,D
14:49:29,MYOR,RG,2390,10,D,SQ,LG,D
14:49:29,MYOR,RG,2390,1,D,PD,LG,D
14:49:29,MYOR,RG,2390,1,D,PD,LG,D
14:49:29,MYOR,RG,2390,84,D,EP,LG,D
14:49:29,MYOR,RG,2390,42,D,EP,CC,D
14:49:29,MYOR,RG,2390,16,D,EP,LG,D
14:49:29,MYOR,RG,2390,13,D,EP,CC,D
14:49:29,MYOR,RG,2390,19,D,EP,LG,D
14:49:29,MYOR,RG,2390,26,D,EP,PD,D
14:49:29,MYOR,RG,2390,5,D,YP,PD,D
14:49:29,MYOR,RG,2390,1,D,PD,PD,D
14:49:29,MYOR,RG,2390,1,D,YP,PD,D
14:49:29,MYOR,RG,2390,50,D,KK,PD,D
14:49:29,MYOR,RG,2390,3,D,YP,PD,D
14:49:29,MYOR,RG,2390,1,D,XC,PD,D
14:49:29,MYOR,RG,2390,17,D,YP,PD,D
14:49:29,MYOR,RG,2390,1,D,SQ,PD,D
14:49:29,MYOR,RG,2390,2,D,XL,PD,D
14:49:29,MYOR,RG,2390,5,D,PD,PD,D
14:49:29,MYOR,RG,2390,10,D,PD,PD,D
14:49:29,MYOR,RG,2390,15,D,KK,PD,D
14:49:29,MYOR,RG,2390,1,D,YP,PD,D
14:49:29,MYOR,RG,2390,1,D,CC,PD,D
14:49:29,MYOR,RG,2390,10,D,SQ,PD,D
14:49:29,MYOR,RG,2390,22,D,CC,PD,D
14:49:29,MYOR,RG,2390,4,D,CC,PD,D
14:49:29,MYOR,RG,2390,12,D,CC,PD,D
14:49:29,MYOR,RG,2390,62,D,CC,LG,D
14:49:29,MYOR,RG,2390,1,D,PD,LG,D
14:49:29,MYOR,RG,2390,1,D,XC,LG,D
14:49:29,MYOR,RG,2390,5,D,KK,LG,D
14:49:29,MYOR,RG,2390,2,D,CC,LG,D
14:49:29,MYOR,RG,2390,3,D,XC,LG,D
14:49:29,MYOR,RG,2390,1,D,EP,LG,D
14:49:29,MYOR,RG,2390,1,D,PD,LG,D
14:49:29,MYOR,RG,2390,2,D,LG,LG,D
14:49:29,MYOR,RG,2390,5,D,KK,LG,D
14:49:29,MYOR,RG,2390,2,D,YP,LG,D
14:49:29,MYOR,RG,2390,1,D,PD,LG,D
14:49:29,MYOR,RG,2390,7,D,CC,LG,D
14:49:29,MYOR,RG,2390,3,D,YP,LG,D
14:49:29,MYOR,RG,2390,3,D,YP,LG,D
14:49:29,MYOR,RG,2390,1,D,GR,LG,D
14:49:29,MYOR,RG,2390,10,D,NI,LG,D
14:49:29,MYOR,RG,2390,1,D,YP,LG,D
14:49:29,MYOR,RG,2390,5,D,NI,LG,D
14:49:29,MYOR,RG,2390,1,D,YU,LG,D
14:49:29,MYOR,RG,2390,10,D,CC,LG,D
14:49:29,MYOR,RG,2390,10,D,PD,LG,D
14:49:29,MYOR,RG,2390,10,D,KK,LG,D
14:49:29,MYOR,RG,2390,1,D,CC,LG,D
14:49:29,MYOR,RG,2390,3,D,YP,LG,D
14:49:29,MYOR,RG,2390,1,D,SQ,LG,D
14:49:29,MYOR,RG,2390,1,D,CC,LG,D
14:49:29,MYOR,RG,2390,1,D,YP,LG,D
14:49:29,MYOR,RG,2390,5,D,MK,LG,D
14:49:29,MYOR,RG,2390,2,D,KK,LG,D
14:49:29,MYOR,RG,2390,10,D,PD,LG,D
14:49:29,MYOR,RG,2390,1,D,YP,LG,D
14:49:29,MYOR,RG,2390,1,D,YP,LG,D
14:49:29,MYOR,RG,2390,5,D,YP,LG,D
14:49:29,MYOR,RG,2390,20,D,NI,LG,D
14:49:29,MYOR,RG,2390,5,D,YP,LG,D
14:49:29,MYOR,RG,2390,2,D,YP,LG,D
14:49:29,MYOR,RG,2390,3,D,YP,LG,D
14:49:29,MYOR,RG,2390,13,D,YP,LG,D
14:49:29,MYOR,RG,2390,32,D,YP,LG,D
14:49:29,MYOR,RG,2390,33,D,YP,LG,D
14:49:29,MYOR,RG,2390,17,D,YP,LG,D
14:49:29,MYOR,RG,2390,10,D,YP,LG,D
14:49:29,MYOR,RG,2390,2,D,AG,LG,D
14:49:29,MYOR,RG,2390,15,D,XC,LG,D
14:49:29,MYOR,RG,2390,1,D,AT,LG,D
14:49:29,MYOR,RG,2390,1,D,XC,LG,D
14:49:29,MYOR,RG,2390,2,D,PD,LG,D
14:49:29,MYOR,RG,2390,3,D,PD,LG,D
14:49:29,MYOR,RG,2390,14,D,DR,LG,D
14:49:29,MYOR,RG,2390,4,D,DR,LG,D
14:49:29,MYOR,RG,2390,1,D,XC,LG,D
14:49:29,MYOR,RG,2390,2,D,PD,LG,D
14:49:29,MYOR,RG,2390,3,D,PD,LG,D
14:49:29,MYOR,RG,2390,20,D,AZ,LG,D
14:49:29,MYOR,RG,2390,1,D,KK,LG,D
14:48:58,MYOR,RG,2400,15,D,NI,LG,D
14:48:45,MYOR,RG,2400,20,D,NI,LG,D
14:48:45,MYOR,RG,2400,15,D,NI,LG,D
14:48:44,MYOR,RG,2400,1,D,XC,LG,D
14:48:44,MYOR,RG,2400,10,D,PD,LG,D
14:48:44,MYOR,RG,2400,10,D,CC,LG,D
14:48:44,MYOR,RG,2400,2,D,PD,LG,D
14:48:44,MYOR,RG,2400,1,D,XC,LG,D
14:48:44,MYOR,RG,2400,2,D,PD,LG,D
14:48:44,MYOR,RG,2400,3,D,GR,LG,D
14:48:44,MYOR,RG,2400,2,D,EP,LG,D
14:48:44,MYOR,RG,2400,5,D,YP,LG,D
14:48:44,MYOR,RG,2400,1,D,PD,LG,D
14:48:44,MYOR,RG,2400,2,D,YP,LG,D
14:48:44,MYOR,RG,2400,4,D,OD,LG,D
14:48:44,MYOR,RG,2400,1,D,NI,LG,D
14:48:44,MYOR,RG,2400,2,D,PD,LG,D
14:48:44,MYOR,RG,2400,1,D,YP,LG,D
14:48:44,MYOR,RG,2400,2,D,XC,LG,D
14:48:44,MYOR,RG,2400,2,D,PD,LG,D
14:48:44,MYOR,RG,2400,1,D,SQ,LG,D
14:48:44,MYOR,RG,2400,1,D,XC,LG,D
14:48:44,MYOR,RG,2400,10,D,XC,LG,D
14:48:44,MYOR,RG,2400,2,D,XC,LG,D
14:48:44,MYOR,RG,2400,13,D,XC,LG,D
14:48:44,MYOR,RG,2400,1,D,XC,LG,D
14:48:44,MYOR,RG,2400,1,D,XC,LG,D
14:48:44,MYOR,RG,2400,2,D,XC,LG,D
14:48:44,MYOR,RG,2400,6,D,CC,LG,D
14:48:44,MYOR,RG,2400,1,D,CC,LG,D
14:48:44,MYOR,RG,2400,1,D,CC,LG,D
14:48:44,MYOR,RG,2400,30,D,YP,LG,D
14:48:44,MYOR,RG,2400,1,D,XC,LG,D
14:48:44,MYOR,RG,2400,10,D,PD,LG,D
14:48:44,MYOR,RG,2400,1,D,YP,LG,D
14:48:44,MYOR,RG,2400,2,D,XC,LG,D
14:48:44,MYOR,RG,2400,10,D,CC,LG,D
14:48:44,MYOR,RG,2400,2,D,CC,LG,D
14:48:44,MYOR,RG,2400,2,D,PD,LG,D
14:48:44,MYOR,RG,2400,1,D,PD,LG,D
14:48:44,MYOR,RG,2400,5,D,SQ,LG,D
14:48:44,MYOR,RG,2400,25,D,KI,LG,D
14:48:44,MYOR,RG,2400,2,D,YP,LG,D
14:48:44,MYOR,RG,2400,25,D,NI,LG,D
14:48:44,MYOR,RG,2400,29,D,NI,LG,D
14:48:44,MYOR,RG,2400,21,D,NI,LG,D
14:48:44,MYOR,RG,2400,5,D,YP,LG,D
14:48:44,MYOR,RG,2400,8,D,YU,LG,D
14:48:44,MYOR,RG,2400,89,D,YU,LG,D
14:48:44,MYOR,RG,2400,3,D,YU,LG,D
14:48:44,MYOR,RG,2400,2,D,CC,LG,D
14:48:44,MYOR,RG,2400,1,D,XC,LG,D
14:48:44,MYOR,RG,2400,2,D,CC,LG,D
14:48:44,MYOR,RG,2400,8,D,YP,LG,D
14:48:44,MYOR,RG,2400,5,D,CC,LG,D
14:48:44,MYOR,RG,2400,3,D,XC,LG,D
14:48:44,MYOR,RG,2400,2,D,YP,LG,D
14:48:44,MYOR,RG,2400,1,D,NI,LG,D
14:48:44,MYOR,RG,2400,1,D,PD,LG,D
14:48:44,MYOR,RG,2400,11,D,XC,LG,D
14:48:44,MYOR,RG,2400,25,D,XC,LG,D
14:48:44,MYOR,RG,2400,10,D,YP,LG,D
14:48:44,MYOR,RG,2400,1,D,PD,LG,D
14:48:44,MYOR,RG,2400,1,D,YP,LG,D
14:48:44,MYOR,RG,2400,50,D,PD,LG,D
14:48:44,MYOR,RG,2400,1,D,PD,LG,D
14:48:44,MYOR,RG,2400,1,D,PD,LG,D
14:48:44,MYOR,RG,2400,1,D,DH,LG,D
14:48:44,MYOR,RG,2400,2,D,DH,LG,D
14:48:44,MYOR,RG,2400,4,D,CP,LG,D
14:48:44,MYOR,RG,2400,2,D,PD,LG,D
14:48:44,MYOR,RG,2400,2,D,PD,LG,D
14:48:44,MYOR,RG,2400,1,D,XC,LG,D
14:48:44,MYOR,RG,2400,1,D,PD,LG,D
14:48:44,MYOR,RG,2400,50,D,AN,LG,D
14:48:44,MYOR,RG,2400,3,D,XL,LG,D
14:48:44,MYOR,RG,2400,1,D,CC,LG,D
14:48:44,MYOR,RG,2400,1,D,XC,LG,D
14:48:44,MYOR,RG,2400,1,D,KK,LG,D
14:48:44,MYOR,RG,2400,7,D,OD,LG,D
14:48:35,MYOR,RG,2400,1,D,OD,LG,D
14:48:30,MYOR,RG,2400,1,D,OD,LG,D
14:48:17,MYOR,RG,2400,41,D,OD,LG,D
14:48:17,MYOR,RG,2400,1,D,PD,LG,D
14:48:17,MYOR,RG,2400,1,D,CC,LG,D
14:48:17,MYOR,RG,2400,10,D,XC,LG,D
14:48:17,MYOR,RG,2400,5,D,XC,LG,D
14:48:17,MYOR,RG,2400,3,D,YP,LG,D
14:48:17,MYOR,RG,2400,2,D,XC,LG,D
14:48:17,MYOR,RG,2400,1,D,PD,LG,D
14:48:17,MYOR,RG,2400,10,D,KK,LG,D
14:48:17,MYOR,RG,2400,3,D,YP,LG,D
14:48:17,MYOR,RG,2400,44,D,YB,LG,D
14:48:17,MYOR,RG,2400,56,D,YB,LG,D
14:48:17,MYOR,RG,2400,50,D,CC,LG,D
14:48:17,MYOR,RG,2400,6,D,NI,LG,D
14:48:17,MYOR,RG,2400,11,D,XC,LG,D
14:48:17,MYOR,RG,2400,40,D,YP,LG,D
14:48:17,MYOR,RG,2400,10,D,YP,LG,D
14:48:17,MYOR,RG,2400,1,D,NI,LG,D
14:48:17,MYOR,RG,2400,1,D,XC,LG,D
14:48:17,MYOR,RG,2400,1,D,XC,LG,D
14:48:17,MYOR,RG,2400,6,D,PD,LG,D
14:48:17,MYOR,RG,2400,5,D,GR,LG,D
14:48:17,MYOR,RG,2400,1,D,YP,LG,D
14:48:17,MYOR,RG,2400,1,D,PD,LG,D
14:48:17,MYOR,RG,2400,3,D,YP,LG,D
14:48:17,MYOR,RG,2400,10,D,CC,LG,D
14:48:17,MYOR,RG,2400,1,D,PD,LG,D
14:48:17,MYOR,RG,2400,5,D,YP,LG,D
14:48:17,MYOR,RG,2400,1,D,CC,LG,D
14:48:17,MYOR,RG,2400,25,D,YP,LG,D
14:48:17,MYOR,RG,2400,1,D,PD,LG,D
14:48:17,MYOR,RG,2400,1,D,PD,LG,D
14:48:17,MYOR,RG,2400,4,D,NI,LG,D
14:48:17,MYOR,RG,2400,10,D,CC,LG,D
14:48:17,MYOR,RG,2400,40,D,PD,LG,D
14:48:17,MYOR,RG,2400,3,D,PD,LG,D
14:48:17,MYOR,RG,2400,2,D,NI,LG,D
14:48:17,MYOR,RG,2400,1,D,XC,LG,D
14:48:17,MYOR,RG,2400,1,D,PD,LG,D
14:48:17,MYOR,RG,2400,10,D,PD,LG,D
14:48:17,MYOR,RG,2400,5,D,YP,LG,D
14:48:17,MYOR,RG,2400,1,D,YP,LG,D
14:48:17,MYOR,RG,2400,1,D,ZP,LG,D
14:48:17,MYOR,RG,2400,5,D,XC,LG,D
14:48:17,MYOR,RG,2400,1,D,YP,LG,D
14:48:17,MYOR,RG,2400,10,D,AI,LG,D
14:48:17,MYOR,RG,2400,12,D,PD,LG,D
14:48:17,MYOR,RG,2400,7,D,PD,LG,D
14:48:17,MYOR,RG,2400,10,D,PD,LG,D
14:48:17,MYOR,RG,2400,5,D,NI,LG,D
14:48:17,MYOR,RG,2400,3,D,PD,LG,D
14:48:17,MYOR,RG,2400,40,D,NI,LG,D
14:48:17,MYOR,RG,2400,8,D,CC,LG,D
14:48:17,MYOR,RG,2400,5,D,DH,LG,D
14:48:17,MYOR,RG,2400,4,D,KK,LG,D
14:48:17,MYOR,RG,2400,1,D,NI,LG,D
14:48:17,MYOR,RG,2400,10,D,YP,LG,D
14:48:17,MYOR,RG,2400,5,D,NI,LG,D
14:48:17,MYOR,RG,2400,2,D,GR,LG,D
14:48:17,MYOR,RG,2400,100,D,DH,LG,D
14:48:17,MYOR,RG,2400,30,D,TP,LG,D
14:48:17,MYOR,RG,2400,20,D,TP,LG,D
14:48:17,MYOR,RG,2400,5,D,YP,LG,D
14:48:17,MYOR,RG,2400,10,D,OD,LG,D
14:48:17,MYOR,RG,2400,2,D,SQ,LG,D
14:48:17,MYOR,RG,2400,20,D,YP,LG,D
14:48:17,MYOR,RG,2400,1,D,YP,LG,D
14:48:17,MYOR,RG,2400,2,D,NI,LG,D
14:48:17,MYOR,RG,2400,5,D,LG,LG,D
14:48:17,MYOR,RG,2400,10,D,PD,LG,D
14:48:17,MYOR,RG,2400,1,D,YP,LG,D
14:48:17,MYOR,RG,2400,1,D,SQ,LG,D
14:48:17,MYOR,RG,2400,1,D,XC,LG,D
14:48:17,MYOR,RG,2400,2,D,KK,LG,D
14:48:17,MYOR,RG,2400,1,D,YP,LG,D
14:48:17,MYOR,RG,2400,10,D,GR,LG,D
14:48:17,MYOR,RG,2400,10,D,YP,LG,D
14:48:17,MYOR,RG,2400,1,D,XC,LG,D
14:48:17,MYOR,RG,2400,1,D,XL,LG,D
14:48:17,MYOR,RG,2400,1,D,PD,LG,D
14:48:17,MYOR,RG,2400,1,D,YP,LG,D
14:48:17,MYOR,RG,2400,3,D,YP,LG,D
14:48:17,MYOR,RG,2400,1,D,NI,LG,D
14:48:17,MYOR,RG,2400,10,D,PD,LG,D
14:48:17,MYOR,RG,2400,100,D,PD,LG,D
14:48:17,MYOR,RG,2400,2,D,DR,LG,D
14:48:17,MYOR,RG,2400,20,D,YP,LG,D
14:48:17,MYOR,RG,2400,10,D,YP,LG,D
14:48:17,MYOR,RG,2400,5,D,YP,LG,D
14:48:17,MYOR,RG,2400,5,D,YP,LG,D
14:48:17,MYOR,RG,2400,5,D,YP,LG,D
14:48:17,MYOR,RG,2400,10,D,YP,LG,D
14:48:17,MYOR,RG,2400,50,D,YP,LG,D
14:48:17,MYOR,RG,2400,1,D,CC,LG,D
14:48:17,MYOR,RG,2400,8,D,YP,LG,D
14:48:17,MYOR,RG,2400,1,D,YP,LG,D
14:48:17,MYOR,RG,2400,1,D,DR,LG,D
14:48:17,MYOR,RG,2400,2,D,PD,LG,D
14:48:17,MYOR,RG,2400,1,D,XC,LG,D
14:48:17,MYOR,RG,2400,10,D,GR,LG,D
14:48:17,MYOR,RG,2400,21,D,EP,LG,D
14:48:17,MYOR,RG,2400,4,D,CC,LG,D
14:48:17,MYOR,RG,2400,20,D,EP,LG,D
14:48:17,MYOR,RG,2400,290,D,DX,LG,D
14:48:17,MYOR,RG,2400,103,D,DX,LG,D
14:47:59,MYOR,RG,2410,21,D,PD,LG,D
14:47:59,MYOR,RG,2410,87,D,PD,LG,D
14:47:25,MYOR,RG,2410,5,D,YP,LG,D
14:47:05,MYOR,RG,2410,10,D,PD,LG,D
14:45:07,MYOR,RG,2410,6,D,PD,LG,D
14:45:04,MYOR,RG,2400,5,D,DX,XC,D
14:44:58,MYOR,RG,2410,25,D,ZP,LG,D
14:44:41,MYOR,RG,2410,1,D,YP,LG,D
14:44:30,MYOR,RG,2400,200,D,DX,LG,D
14:44:27,MYOR,RG,2410,1,D,YP,LG,D
14:44:09,MYOR,RG,2410,1,D,GR,LG,D
14:43:46,MYOR,RG,2400,1,D,DX,XC,D
14:43:37,MYOR,RG,2410,2,D,NI,LG,D
14:43:34,MYOR,RG,2410,50,D,EP,LG,D
14:42:03,MYOR,RG,2410,25,D,PD,LG,D
14:41:04,MYOR,RG,2400,179,D,DX,CC,D
14:41:01,MYOR,RG,2410,11,D,XL,LG,D
14:41:01,MYOR,RG,2410,31,D,XL,LG,D
14:40:44,MYOR,RG,2400,1,D,DX,YP,D
14:40:09,MYOR,RG,2400,20,D,DX,PD,D
14:39:52,MYOR,RG,2410,3,D,PD,LG,D
14:39:52,MYOR,RG,2410,17,D,PD,NI,D
14:39:33,MYOR,RG,2410,1,D,GR,NI,D
14:39:17,MYOR,RG,2410,1,D,NI,NI,D
14:39:08,MYOR,RG,2400,20,D,DX,YP,D
14:38:57,MYOR,RG,2410,1,D,XC,NI,D
14:38:37,MYOR,RG,2400,2,D,DX,CC,D
14:38:32,MYOR,RG,2400,12,D,DX,PD,D
14:38:32,MYOR,RG,2400,1,D,XC,PD,D
14:38:32,MYOR,RG,2400,1,D,PD,PD,D
14:38:32,MYOR,RG,2400,1,D,PD,PD,D
14:38:32,MYOR,RG,2400,4,D,XC,PD,D
14:38:32,MYOR,RG,2400,1,D,XC,PD,D
14:38:07,MYOR,RG,2410,5,D,YP,NI,D
14:37:27,MYOR,RG,2410,2,D,NI,NI,D
14:37:25,MYOR,RG,2410,23,D,PD,NI,D
14:37:25,MYOR,RG,2410,1,D,PD,DR,D
14:37:15,MYOR,RG,2410,1,D,NI,DR,D
14:37:13,MYOR,RG,2400,1,D,PD,CD,D
14:37:13,MYOR,RG,2400,9,D,PD,CD,D
14:36:50,MYOR,RG,2410,3,D,YP,DR,D
14:36:50,MYOR,RG,2410,2,D,YP,EP,D
14:36:44,MYOR,RG,2410,10,D,HP,EP,D
14:36:06,MYOR,RG,2410,28,D,EP,EP,D
14:36:06,MYOR,RG,2410,22,D,EP,KK,D
14:35:50,MYOR,RG,2400,1,D,PD,CC,D
14:34:11,MYOR,RG,2410,20,D,NI,CC,F
14:34:11,MYOR,RG,2410,1,D,NI,NI,D
14:33:07,MYOR,RG,2410,1,D,PD,NI,D
14:32:40,MYOR,RG,2410,2,D,XC,NI,D
14:32:22,MYOR,RG,2400,10,D,PD,XC,D
14:32:22,MYOR,RG,2400,2,D,PD,XC,D
14:32:22,MYOR,RG,2400,2,D,CC,XC,D
14:32:22,MYOR,RG,2400,1,D,PD,XC,D
14:32:22,MYOR,RG,2400,1,D,PD,XC,D
14:32:22,MYOR,RG,2400,1,D,DR,XC,D
14:32:22,MYOR,RG,2400,5,D,MG,XC,D
14:32:19,MYOR,RG,2400,5,D,MG,XA,D
14:32:19,MYOR,RG,2400,1,D,PD,XA,D
14:32:19,MYOR,RG,2400,10,D,SQ,XA,D
14:32:19,MYOR,RG,2400,6,D,DX,XA,D
14:32:19,MYOR,RG,2400,24,D,DX,YP,D
14:32:19,MYOR,RG,2400,36,D,AZ,YP,D
14:32:19,MYOR,RG,2400,4,D,AZ,YP,D
14:32:19,MYOR,RG,2420,3,D,CC,YP,D
14:32:19,MYOR,RG,2400,2,D,AZ,PD,D
14:32:19,MYOR,RG,2420,10,D,PD,YP,D
14:32:19,MYOR,RG,2420,5,D,PD,YP,D
14:32:19,MYOR,RG,2400,10,D,AZ,AT,D
14:32:19,MYOR,RG,2400,48,D,AZ,YP,D
14:32:10,MYOR,RG,2410,25,D,PD,YP,D
14:32:00,MYOR,RG,2410,8,D,PD,YP,D
14:31:58,MYOR,RG,2410,1,D,PD,PD,D
14:31:21,MYOR,RG,2410,1,D,PD,XC,D
14:30:35,MYOR,RG,2410,13,D,XC,PD,D
14:30:35,MYOR,RG,2410,2,D,EP,PD,D
14:30:35,MYOR,RG,2410,7,D,PD,PD,D
14:30:35,MYOR,RG,2410,8,D,XC,PD,D
14:30:35,MYOR,RG,2410,7,D,EP,PD,D
14:28:26,MYOR,RG,2420,5,D,PD,YP,D
14:27:33,MYOR,RG,2420,9,D,PD,YP,D
14:27:33,MYOR,RG,2420,15,D,PD,LG,D
14:27:28,MYOR,RG,2410,43,D,EP,HP,D
14:27:28,MYOR,RG,2410,7,D,NI,HP,D
14:27:17,MYOR,RG,2410,3,D,NI,SQ,D
14:27:17,MYOR,RG,2410,2,D,PD,SQ,D
14:27:17,MYOR,RG,2410,2,D,PD,SQ,D
14:27:17,MYOR,RG,2410,3,D,SQ,SQ,D
14:26:51,MYOR,RG,2410,7,D,SQ,PD,D
14:26:51,MYOR,RG,2410,2,D,GR,PD,D
14:26:51,MYOR,RG,2410,1,D,DR,PD,D
14:26:37,MYOR,RG,2410,1,D,DR,KK,D
14:26:37,MYOR,RG,2410,1,D,YP,KK,D
14:25:31,MYOR,RG,2410,1,D,YP,XC,D
14:25:19,MYOR,RG,2410,5,D,YP,XC,D
14:25:02,MYOR,RG,2410,3,D,YP,OD,D
14:25:02,MYOR,RG,2410,1,D,NI,OD,D
14:25:02,MYOR,RG,2410,1,D,YP,OD,D
14:25:02,MYOR,RG,2410,1,D,OD,OD,D
14:25:02,MYOR,RG,2410,2,D,KK,OD,D
14:25:02,MYOR,RG,2410,2,D,YP,OD,D
14:24:59,MYOR,RG,2420,1,D,YP,LG,D
14:22:52,MYOR,RG,2410,3,D,YP,DX,D
14:22:52,MYOR,RG,2410,1,D,PD,DX,D
14:22:52,MYOR,RG,2410,1,D,NI,DX,D
14:22:52,MYOR,RG,2410,6,D,EP,DX,D
14:22:52,MYOR,RG,2410,1,D,PD,DX,D
14:22:52,MYOR,RG,2410,5,D,DR,DX,D
14:22:52,MYOR,RG,2410,5,D,EP,DX,D
14:22:52,MYOR,RG,2410,3,D,PD,DX,D
14:22:52,MYOR,RG,2410,15,D,EP,DX,D
14:22:52,MYOR,RG,2410,1,D,YP,DX,D
14:22:52,MYOR,RG,2410,14,D,YP,DX,D
14:22:52,MYOR,RG,2410,2,D,PD,DX,D
14:22:52,MYOR,RG,2410,2,D,CC,DX,D
14:22:52,MYOR,RG,2410,3,D,YP,DX,D
14:22:52,MYOR,RG,2410,1,D,NI,DX,D
14:22:52,MYOR,RG,2410,20,D,KK,DX,D
14:22:52,MYOR,RG,2410,5,D,PD,DX,D
14:22:52,MYOR,RG,2410,1,D,XC,DX,D
14:22:52,MYOR,RG,2410,10,D,PD,DX,D
14:22:52,MYOR,RG,2410,150,D,PD,DX,D
14:22:52,MYOR,RG,2410,1,D,CC,DX,D
14:22:07,MYOR,RG,2420,24,D,PD,LG,D
14:21:55,MYOR,RG,2410,13,D,SQ,YP,D
14:21:26,MYOR,RG,2410,12,D,SQ,OD,D
14:21:26,MYOR,RG,2410,1,D,CC,OD,D
14:21:26,MYOR,RG,2410,1,D,XC,OD,D
14:21:26,MYOR,RG,2410,1,D,YP,OD,D
14:21:26,MYOR,RG,2410,10,D,CC,OD,D
14:21:26,MYOR,RG,2410,20,D,TP,OD,D
14:21:26,MYOR,RG,2410,23,D,CC,OD,D
14:21:26,MYOR,RG,2410,25,D,EP,OD,D
14:21:00,MYOR,RG,2410,15,D,NI,LG,D
14:21:00,MYOR,RG,2410,16,D,PD,LG,D
14:21:00,MYOR,RG,2410,149,D,PD,LG,D
14:21:00,MYOR,RG,2410,179,D,PD,LG,D
14:21:00,MYOR,RG,2410,26,D,PD,LG,D
14:20:28,MYOR,RG,2410,5,D,PD,BQ,D
14:19:53,MYOR,RG,2410,107,D,PD,LG,D
14:19:53,MYOR,RG,2410,119,D,PD,LG,D
14:19:53,MYOR,RG,2410,9,D,YP,LG,D
14:19:53,MYOR,RG,2410,28,D,YP,LG,D
14:19:27,MYOR,RG,2410,23,D,YP,LG,D
14:19:27,MYOR,RG,2410,5,D,KK,LG,D
14:19:27,MYOR,RG,2410,352,D,PD,LG,D
14:19:27,MYOR,RG,2410,65,D,PD,LG,D
14:19:27,MYOR,RG,2410,10,D,YP,LG,D
14:19:27,MYOR,RG,2410,380,D,YP,LG,D
14:19:27,MYOR,RG,2410,98,D,YP,LG,D
14:17:13,MYOR,RG,2420,25,D,PD,LG,D
14:16:52,MYOR,RG,2410,1,D,YP,NI,D
14:15:42,MYOR,RG,2410,20,D,YP,LG,D
14:13:55,MYOR,RG,2410,1,D,YP,YP,D
14:13:55,MYOR,RG,2410,10,D,YP,YP,D
14:13:55,MYOR,RG,2410,1,D,PD,YP,D
14:13:55,MYOR,RG,2410,10,D,CC,YP,D
14:13:55,MYOR,RG,2410,1,D,YP,YP,D
14:13:55,MYOR,RG,2410,1,D,EP,YP,D
14:13:55,MYOR,RG,2410,1,D,XC,YP,D
14:13:55,MYOR,RG,2410,30,D,YP,YP,D
14:13:55,MYOR,RG,2410,1,D,LG,YP,D
14:13:06,MYOR,RG,2420,4,D,XC,CC,D
14:12:55,MYOR,RG,2410,11,D,LG,XC,D
14:12:55,MYOR,RG,2410,1,D,PD,XC,D
14:12:55,MYOR,RG,2410,10,D,CC,XC,D
14:12:55,MYOR,RG,2410,1,D,DH,XC,D
14:12:23,MYOR,RG,2420,24,D,PD,CC,D
14:11:18,MYOR,RG,2420,1,D,OD,CC,D
14:09:37,MYOR,RG,2410,1,D,DH,XC,D
14:08:29,MYOR,RG,2410,8,D,DH,PD,D
14:07:19,MYOR,RG,2420,1,D,PD,CC,D
14:07:19,MYOR,RG,2420,3,D,PD,CC,D
14:07:19,MYOR,RG,2420,21,D,PD,LG,D
14:05:04,MYOR,RG,2420,14,D,XC,LG,D
14:04:12,MYOR,RG,2420,1,D,KK,LG,D
14:02:55,MYOR,RG,2420,24,D,PD,LG,D
14:02:21,MYOR,RG,2410,5,D,DH,PD,D
14:00:46,MYOR,RG,2410,1,D,DH,PD,D
13:59:24,MYOR,RG,2410,4,D,DH,YP,D
13:59:24,MYOR,RG,2410,9,D,BQ,YP,D
13:59:06,MYOR,RG,2410,10,D,BQ,YB,D
13:57:57,MYOR,RG,2420,2,D,XC,LG,D
13:57:41,MYOR,RG,2420,3,D,PD,LG,D
13:57:41,MYOR,RG,2420,1,D,PD,PD,D
13:57:41,MYOR,RG,2420,28,D,PD,CC,D
13:57:27,MYOR,RG,2410,1,D,BQ,CC,D
13:57:27,MYOR,RG,2410,1,D,PD,CC,D
13:57:27,MYOR,RG,2410,2,D,SQ,CC,D
13:55:21,MYOR,RG,2410,1,D,PD,XC,D
13:55:21,MYOR,RG,2410,3,D,KK,XC,D
13:54:00,MYOR,RG,2410,15,D,KK,DH,D
13:51:20,MYOR,RG,2410,15,D,KK,DH,D
13:51:17,MYOR,RG,2410,1,D,KK,YP,D
13:50:38,MYOR,RG,2410,2,D,KK,PD,D
13:49:22,MYOR,RG,2410,6,D,KK,XC,D
13:48:58,MYOR,RG,2410,3,D,KK,YP,D
13:48:58,MYOR,RG,2410,1,D,XC,YP,D
13:48:58,MYOR,RG,2410,1,D,KK,YP,D
13:48:19,MYOR,RG,2410,41,D,LG,YP,D
13:44:52,MYOR,RG,2410,2,D,LG,XC,D
13:44:25,MYOR,RG,2410,7,D,LG,XC,D
13:44:25,MYOR,RG,2410,2,D,XC,XC,D
13:44:25,MYOR,RG,2410,1,D,PD,XC,D
13:44:25,MYOR,RG,2410,1,D,CC,XC,D
13:44:25,MYOR,RG,2410,22,D,XC,XC,D
13:44:25,MYOR,RG,2410,2,D,CC,XC,D
13:44:25,MYOR,RG,2410,25,D,EP,XC,D
13:43:45,MYOR,RG,2410,25,D,EP,SQ,D
13:43:45,MYOR,RG,2410,1,D,PD,SQ,D
13:43:45,MYOR,RG,2410,3,D,PD,SQ,D
13:43:45,MYOR,RG,2410,20,D,YP,SQ,D
13:43:45,MYOR,RG,2410,50,D,EP,SQ,D
13:43:45,MYOR,RG,2410,1,D,KK,SQ,D
13:43:42,MYOR,RG,2420,10,D,OD,CC,D
13:42:43,MYOR,RG,2420,4,D,PD,CC,D
13:42:32,MYOR,RG,2410,2,D,SS,YP,D
13:42:32,MYOR,RG,2410,1,D,YP,YP,D
13:42:32,MYOR,RG,2410,100,D,YP,YP,D
13:42:32,MYOR,RG,2410,3,D,XC,YP,D
13:42:32,MYOR,RG,2410,1,D,LG,YP,D
13:42:32,MYOR,RG,2410,15,D,XC,YP,D
13:42:32,MYOR,RG,2410,19,D,YP,YP,D
13:42:32,MYOR,RG,2410,2,D,PD,YP,D
13:42:32,MYOR,RG,2410,1,D,KK,YP,D
13:42:32,MYOR,RG,2410,10,D,YP,YP,D
13:42:32,MYOR,RG,2410,5,D,KK,YP,D
13:42:32,MYOR,RG,2410,2,D,PD,YP,D
13:42:32,MYOR,RG,2410,9,D,XC,YP,D
13:42:32,MYOR,RG,2410,1,D,CC,YP,D
13:42:32,MYOR,RG,2410,1,D,XC,YP,D
13:42:32,MYOR,RG,2410,1,D,XC,YP,D
13:42:32,MYOR,RG,2410,1,D,PD,YP,D
13:42:32,MYOR,RG,2410,1,D,XC,YP,D
13:42:32,MYOR,RG,2410,7,D,PD,YP,D
13:42:32,MYOR,RG,2410,8,D,XC,YP,D
13:42:32,MYOR,RG,2410,10,D,PD,YP,D
13:42:32,MYOR,RG,2410,3,D,SQ,YP,D
13:42:32,MYOR,RG,2410,11,D,XC,YP,D
13:42:32,MYOR,RG,2410,40,D,YP,YP,D
13:42:32,MYOR,RG,2410,1,D,YP,YP,D
13:42:32,MYOR,RG,2410,10,D,CC,YP,D
13:42:32,MYOR,RG,2410,3,D,PD,YP,D
13:42:32,MYOR,RG,2410,10,D,CC,YP,D
13:42:32,MYOR,RG,2410,10,D,YP,YP,D
13:42:21,MYOR,RG,2410,15,D,YP,KK,D
13:41:35,MYOR,RG,2420,2,D,YP,CC,D
13:41:01,MYOR,RG,2420,3,D,OD,CC,D
13:39:56,MYOR,RG,2410,2,D,YP,XC,D
13:38:47,MYOR,RG,2420,2,D,PD,CC,D
13:37:10,MYOR,RG,2420,1,D,EP,CC,D
13:36:47,MYOR,RG,2420,1,D,PD,CC,D
13:35:31,MYOR,RG,2420,1,D,XC,CC,D
13:34:47,MYOR,RG,2420,2,D,NI,CC,D
13:30:11,MYOR,RG,2420,5,D,BQ,CC,D
13:30:09,MYOR,RG,2410,1,D,YP,PD,D
13:30:09,MYOR,RG,2420,1,D,CC,PD,D
13:30:09,MYOR,RG,2420,7,D,CC,AZ,D
13:30:09,MYOR,RG,2420,1,D,CC,PD,D
13:30:09,MYOR,RG,2420,1,D,CC,PD,D
13:30:08,MYOR,RG,2420,1,D,CC,PD,D
13:30:08,MYOR,RG,2420,6,D,CC,XC,D
13:30:08,MYOR,RG,2420,10,D,CC,OD,D
13:30:08,MYOR,RG,2420,3,D,CC,DH,D
13:30:07,MYOR,RG,2420,1,D,PD,DH,D
13:30:07,MYOR,RG,2420,1,D,XC,DH,D
13:30:07,MYOR,RG,2420,1,D,XC,XC,D
13:30:07,MYOR,RG,2420,1,D,XC,XC,D
13:30:07,MYOR,RG,2420,2,D,XC,PD,D
13:30:07,MYOR,RG,2420,1,D,XC,PC,D
13:30:07,MYOR,RG,2420,2,D,XC,SQ,D
13:30:06,MYOR,RG,2420,1,D,PD,SQ,D
13:30:05,MYOR,RG,2420,1,D,XC,SQ,D
13:30:05,MYOR,RG,2420,2,D,PD,DR,D
13:30:05,MYOR,RG,2420,1,D,XC,DR,D
13:30:04,MYOR,RG,2420,27,D,YP,DR,D
13:30:04,MYOR,RG,2420,10,D,YP,NI,D
13:30:04,MYOR,RG,2420,15,D,YP,LG,D
13:30:04,MYOR,RG,2420,20,D,YP,SQ,D
13:30:04,MYOR,RG,2420,5,D,YP,DH,D
13:30:04,MYOR,RG,2420,10,D,YP,KK,D
13:30:04,MYOR,RG,2420,10,D,YP,NI,D
13:30:04,MYOR,RG,2420,50,D,YP,LG,D
13:30:04,MYOR,RG,2420,20,D,YP,PD,D
13:30:04,MYOR,RG,2420,10,D,YP,XC,D
13:30:04,MYOR,RG,2420,23,D,YP,NI,D
11:29:29,MYOR,RG,2420,1,D,NI,NI,D
11:29:21,MYOR,RG,2420,5,D,XC,NI,D
11:28:41,MYOR,RG,2420,2,D,XL,NI,D
11:27:12,MYOR,RG,2410,20,D,YP,CC,D
11:27:11,MYOR,RG,2410,1,D,YP,YP,D
11:26:10,MYOR,RG,2410,25,D,YP,LG,D
11:25:24,MYOR,RG,2420,1,D,EP,NI,D
11:25:02,MYOR,RG,2420,68,D,YP,NI,D
11:25:02,MYOR,RG,2420,5,D,YP,NI,D
11:25:02,MYOR,RG,2420,4,D,YP,XC,D
11:25:02,MYOR,RG,2420,12,D,YP,YP,D
11:24:40,MYOR,RG,2420,1,D,CC,YP,D
11:23:18,MYOR,RG,2420,1,D,XC,YP,D
11:22:58,MYOR,RG,2420,11,D,YP,YP,D
11:22:37,MYOR,RG,2410,10,D,YP,PD,D
11:21:57,MYOR,RG,2410,16,D,YP,OD,D
11:21:57,MYOR,RG,2410,1,D,KK,OD,D
11:21:57,MYOR,RG,2410,20,D,YP,OD,D
11:21:57,MYOR,RG,2410,1,D,CC,OD,D
11:21:57,MYOR,RG,2410,1,D,SQ,OD,D
11:21:57,MYOR,RG,2410,42,D,XC,OD,D
11:21:57,MYOR,RG,2410,40,D,NI,OD,D
11:21:57,MYOR,RG,2410,10,D,YP,OD,D
11:21:57,MYOR,RG,2410,1,D,XC,OD,D
11:21:57,MYOR,RG,2410,3,D,CC,OD,D
11:21:57,MYOR,RG,2410,10,D,PD,OD,D
11:21:57,MYOR,RG,2410,1,D,NI,OD,D
11:21:57,MYOR,RG,2410,1,D,CC,OD,D
11:21:57,MYOR,RG,2410,1,D,NI,OD,D
11:21:57,MYOR,RG,2410,1,D,KK,OD,D
11:21:57,MYOR,RG,2410,15,D,KK,OD,D
11:21:57,MYOR,RG,2410,3,D,CD,OD,D
11:21:57,MYOR,RG,2410,2,D,YU,OD,D
11:21:57,MYOR,RG,2410,10,D,DH,OD,D
11:21:57,MYOR,RG,2410,1,D,NI,OD,D
11:21:57,MYOR,RG,2410,2,D,PD,OD,D
11:21:57,MYOR,RG,2410,1,D,PD,OD,D
11:21:57,MYOR,RG,2410,5,D,KK,OD,D
11:21:57,MYOR,RG,2410,1,D,PD,OD,D
11:21:57,MYOR,RG,2410,11,D,LG,OD,D
11:21:15,MYOR,RG,2410,2,D,LG,KK,D
11:20:56,MYOR,RG,2410,12,D,LG,CC,D
11:20:56,MYOR,RG,2410,2,D,DH,CC,D
11:20:56,MYOR,RG,2410,10,D,SQ,CC,D
11:20:56,MYOR,RG,2410,2,D,KK,CC,D
11:20:56,MYOR,RG,2410,3,D,XC,CC,D
11:20:56,MYOR,RG,2410,3,D,AZ,CC,D
11:20:56,MYOR,RG,2410,1,D,YP,CC,D
11:20:56,MYOR,RG,2410,1,D,PD,CC,D
11:20:56,MYOR,RG,2410,1,D,CC,CC,D
11:20:56,MYOR,RG,2410,10,D,KK,CC,D
11:20:56,MYOR,RG,2410,1,D,CC,CC,D
11:20:56,MYOR,RG,2410,5,D,KK,CC,D
11:20:56,MYOR,RG,2410,1,D,CC,CC,D
11:20:56,MYOR,RG,2410,5,D,OD,CC,D
11:20:56,MYOR,RG,2410,43,D,XC,CC,D
11:18:55,MYOR,RG,2410,5,D,XC,GR,D
11:17:02,MYOR,RG,2410,2,D,XC,PD,D
11:17:02,MYOR,RG,2410,3,D,PD,PD,D
11:17:02,MYOR,RG,2410,2,D,YP,PD,D
11:17:02,MYOR,RG,2410,2,D,XC,PD,D
11:17:02,MYOR,RG,2410,1,D,XC,PD,D
11:17:02,MYOR,RG,2410,1,D,PD,PD,D
11:17:02,MYOR,RG,2410,5,D,PD,PD,D
11:15:42,MYOR,RG,2420,10,D,NI,YP,D
11:15:10,MYOR,RG,2420,2,D,PD,YP,D
11:14:48,MYOR,RG,2420,1,D,PD,YP,D
11:14:29,MYOR,RG,2420,3,D,PD,YP,D
11:14:01,MYOR,RG,2420,50,D,EP,YP,D
11:13:58,MYOR,RG,2420,50,D,EP,YP,D
11:13:02,MYOR,RG,2420,2,D,DH,YP,D
11:13:02,MYOR,RG,2420,21,D,YP,YP,D
11:12:58,MYOR,RG,2420,3,D,XC,YP,D
11:12:30,MYOR,RG,2420,1,D,SS,YP,D
11:06:19,MYOR,RG,2410,5,D,PD,GR,D
11:05:02,MYOR,RG,2410,10,D,PD,XL,D
11:05:02,MYOR,RG,2410,2,D,PD,XL,D
11:04:53,MYOR,RG,2410,2,D,PD,XC,D
11:03:31,MYOR,RG,2420,1,D,SQ,YP,D
11:02:45,MYOR,RG,2420,5,D,PD,YP,D
11:02:22,MYOR,RG,2410,16,D,PD,CC,D
11:02:22,MYOR,RG,2410,4,D,AT,CC,D
11:02:22,MYOR,RG,2410,5,D,PD,CC,D
11:02:22,MYOR,RG,2410,5,D,DR,CC,D
11:02:22,MYOR,RG,2410,5,D,XC,CC,D
11:02:22,MYOR,RG,2410,1,D,YU,CC,D
11:02:22,MYOR,RG,2410,3,D,PD,CC,D
11:02:22,MYOR,RG,2410,5,D,YP,CC,D
11:02:22,MYOR,RG,2410,10,D,KK,CC,D
11:02:22,MYOR,RG,2410,3,D,PD,CC,D
11:02:22,MYOR,RG,2410,4,D,XC,CC,D
11:02:22,MYOR,RG,2410,25,D,TP,CC,D
11:02:22,MYOR,RG,2410,2,D,PD,CC,D
11:02:22,MYOR,RG,2410,5,D,DH,CC,D
11:02:22,MYOR,RG,2410,1,D,SQ,CC,D
11:02:22,MYOR,RG,2410,10,D,PD,CC,D
11:02:22,MYOR,RG,2410,3,D,SQ,CC,D
11:02:22,MYOR,RG,2410,1,D,YP,CC,D
11:02:22,MYOR,RG,2410,1,D,PD,CC,D
11:02:22,MYOR,RG,2410,1,D,YP,CC,D
11:02:22,MYOR,RG,2410,1,D,KK,CC,D
11:02:22,MYOR,RG,2410,2,D,XC,CC,D
11:02:22,MYOR,RG,2410,10,D,AT,CC,D
11:02:22,MYOR,RG,2410,1,D,YP,CC,D
11:02:22,MYOR,RG,2410,2,D,PD,CC,D
11:02:22,MYOR,RG,2410,1,D,PD,CC,D
11:02:22,MYOR,RG,2410,73,D,EP,CC,D
11:01:09,MYOR,RG,2410,5,D,EP,OD,D
10:59:30,MYOR,RG,2420,1,D,CC,YP,D
10:59:21,MYOR,RG,2410,1,D,EP,KK,D
10:59:13,MYOR,RG,2410,21,D,EP,CC,D
10:59:13,MYOR,RG,2410,3,D,PD,CC,D
10:59:13,MYOR,RG,2410,10,D,PD,CC,D
10:59:13,MYOR,RG,2410,1,D,YP,CC,D
10:59:13,MYOR,RG,2410,5,D,YP,CC,D
10:59:13,MYOR,RG,2410,10,D,YP,CC,D
10:56:52,MYOR,RG,2410,1,D,CC,OD,D
10:56:52,MYOR,RG,2410,1,D,XC,OD,D
10:56:52,MYOR,RG,2410,21,D,DX,OD,D
10:56:20,MYOR,RG,2410,35,D,DX,LG,D
10:56:06,MYOR,RG,2410,5,D,DX,KK,D
10:56:06,MYOR,RG,2410,30,D,DX,LG,D
10:55:58,MYOR,RG,2420,1,D,XA,YP,D
10:55:48,MYOR,RG,2420,5,D,XC,YP,D
10:54:57,MYOR,RG,2420,4,D,PD,YP,D
10:54:49,MYOR,RG,2410,8,D,DX,NI,D
10:54:36,MYOR,RG,2410,290,D,DX,AO,D
10:54:29,MYOR,RG,2420,19,D,XC,YP,D
10:52:08,MYOR,RG,2420,1,D,PD,YP,D
10:50:21,MYOR,RG,2420,4,D,PD,YP,D
10:50:15,MYOR,RG,2410,100,D,DX,YP,D
10:50:14,MYOR,RG,2410,8,D,DX,AT,D
10:48:56,MYOR,RG,2410,30,D,DX,CC,D
10:46:18,MYOR,RG,2410,30,D,DX,DR,D
10:45:44,MYOR,RG,2410,20,D,DX,DR,D
10:45:33,MYOR,RG,2420,5,D,CC,YP,D
10:45:27,MYOR,RG,2410,5,D,DX,CC,D
10:43:33,MYOR,RG,2410,99,D,DX,LG,D
10:43:05,MYOR,RG,2410,10,D,DX,PD,D
10:42:31,MYOR,RG,2410,5,D,DX,PD,D
10:42:09,MYOR,RG,2410,1,D,DX,NI,D
10:41:34,MYOR,RG,2410,12,D,DX,CC,D
10:40:33,MYOR,RG,2420,2,D,KK,YP,D
10:40:02,MYOR,RG,2410,1,D,DX,XC,D
10:37:44,MYOR,RG,2420,1,D,PD,YP,D
10:36:44,MYOR,RG,2410,25,D,DX,ZP,D
10:36:36,MYOR,RG,2420,10,D,PD,YP,D
10:35:03,MYOR,RG,2420,1,D,EP,YP,D
10:34:42,MYOR,RG,2410,94,D,DX,CC,D
10:34:42,MYOR,RG,2410,1,D,XC,CC,D
10:34:42,MYOR,RG,2410,2,D,PD,CC,D
10:34:42,MYOR,RG,2410,1,D,PD,CC,D
10:34:42,MYOR,RG,2410,1,D,XC,CC,D
10:34:42,MYOR,RG,2410,1,D,PD,CC,D
10:34:23,MYOR,RG,2420,2,D,XC,YP,D
10:33:20,MYOR,RG,2420,20,D,KK,YP,D
10:33:20,MYOR,RG,2420,5,D,KK,GR,D
10:32:40,MYOR,RG,2410,1,D,PD,XC,D
10:31:05,MYOR,RG,2420,5,D,KK,GR,D
10:31:05,MYOR,RG,2420,9,D,KK,CC,D
10:30:41,MYOR,RG,2420,1,D,XC,CC,D
10:29:47,MYOR,RG,2420,2,D,KK,CC,D
10:29:47,MYOR,RG,2420,1,D,KK,CC,D
10:29:47,MYOR,RG,2420,11,D,KK,CC,F
10:29:17,MYOR,RG,2420,3,D,PD,CC,F
10:29:12,MYOR,RG,2410,2,D,PD,NI,D
10:29:12,MYOR,RG,2410,1,D,XL,NI,D
10:29:12,MYOR,RG,2410,7,D,DR,NI,D
10:29:11,MYOR,RG,2420,3,D,EP,CC,F
10:25:30,MYOR,RG,2420,1,D,YP,CC,F
10:25:22,MYOR,RG,2420,4,D,YP,CC,F
10:24:24,MYOR,RG,2420,2,D,CC,CC,F
10:24:18,MYOR,RG,2420,1,D,XC,CC,F
10:23:02,MYOR,RG,2420,1,D,DH,CC,F
10:21:53,MYOR,RG,2410,1,D,DR,XC,D
10:21:01,MYOR,RG,2410,1,D,DR,PD,D
10:20:22,MYOR,RG,2410,1,D,DR,CC,D
10:19:27,MYOR,RG,2410,1,D,XL,EP,D
10:18:30,MYOR,RG,2410,20,D,XL,YP,D
10:16:53,MYOR,RG,2410,20,D,XL,PD,D
10:16:52,MYOR,RG,2410,40,D,XL,KK,D
10:16:46,MYOR,RG,2420,2,D,XC,CC,F
10:16:41,MYOR,RG,2420,4,D,PD,CC,F
10:16:04,MYOR,RG,2420,1,D,XC,CC,F
10:14:40,MYOR,RG,2410,1,D,XL,EP,D
10:12:51,MYOR,RG,2410,1,D,XL,XC,D
10:12:23,MYOR,RG,2410,1,D,PD,NI,D
10:11:49,MYOR,RG,2410,5,D,PD,GR,D
10:10:17,MYOR,RG,2410,2,D,PD,SQ,D
10:09:44,MYOR,RG,2420,2,D,XC,SQ,D
10:09:08,MYOR,RG,2420,1,D,DX,SQ,D
10:09:06,MYOR,RG,2420,1,D,NI,SQ,D
10:08:30,MYOR,RG,2420,1,D,XC,SQ,D
10:08:04,MYOR,RG,2410,1,D,PD,PD,D
10:08:03,MYOR,RG,2410,1,D,PD,KK,D
10:07:03,MYOR,RG,2420,1,D,DR,SQ,D
10:06:19,MYOR,RG,2420,5,D,PD,SQ,D
10:05:53,MYOR,RG,2420,100,D,SQ,SQ,D
10:05:53,MYOR,RG,2420,5,D,YP,SQ,D
10:05:53,MYOR,RG,2420,39,D,KK,SQ,D
10:05:53,MYOR,RG,2420,30,D,XC,SQ,D
10:05:53,MYOR,RG,2420,10,D,YP,SQ,D
10:05:53,MYOR,RG,2420,3,D,EP,SQ,D
10:04:37,MYOR,RG,2420,1,D,EP,YB,D
10:04:37,MYOR,RG,2420,1,D,PD,YB,D
10:04:37,MYOR,RG,2420,18,D,PD,YB,D
10:01:36,MYOR,RG,2430,1,D,YP,ZP,D
10:00:53,MYOR,RG,2430,2,D,PD,ZP,D
10:00:41,MYOR,RG,2430,1,D,PD,ZP,D
9:59:29,MYOR,RG,2420,7,D,PD,KK,D
9:59:04,MYOR,RG,2420,1,D,CC,KK,D
9:58:17,MYOR,RG,2420,21,D,SQ,KK,D
9:58:09,MYOR,RG,2420,2,D,DR,KK,D
9:58:09,MYOR,RG,2420,1,D,CC,KK,D
9:58:09,MYOR,RG,2420,2,D,XC,KK,D
9:58:09,MYOR,RG,2420,1,D,CC,KK,D
9:58:09,MYOR,RG,2420,2,D,DR,KK,D
9:58:09,MYOR,RG,2420,3,D,DH,KK,D
9:57:28,MYOR,RG,2420,1,D,DH,YP,D
9:55:24,MYOR,RG,2420,6,D,DH,LG,D
9:55:24,MYOR,RG,2420,2,D,PD,LG,D
9:55:24,MYOR,RG,2420,1,D,PD,LG,D
9:54:57,MYOR,RG,2420,4,D,PD,LG,D
9:54:57,MYOR,RG,2420,10,D,KK,LG,D
9:54:57,MYOR,RG,2420,1,D,XC,LG,D
9:54:57,MYOR,RG,2420,2,D,CC,LG,D
9:54:57,MYOR,RG,2420,1,D,PD,LG,D
9:54:57,MYOR,RG,2420,2,D,XC,LG,D
9:54:50,MYOR,RG,2420,1,D,XC,YP,D
9:54:50,MYOR,RG,2420,5,D,PD,YP,D
9:54:50,MYOR,RG,2420,3,D,KK,YP,D
9:54:50,MYOR,RG,2420,5,D,EP,YP,D
9:54:50,MYOR,RG,2420,7,D,XC,YP,D
9:54:50,MYOR,RG,2420,11,D,XC,YP,D
9:54:50,MYOR,RG,2420,8,D,XC,YP,D
9:54:50,MYOR,RG,2420,7,D,YP,YP,D
9:54:50,MYOR,RG,2420,5,D,PD,YP,D
9:54:50,MYOR,RG,2420,10,D,XC,YP,D
9:54:50,MYOR,RG,2420,5,D,CC,YP,D
9:53:43,MYOR,RG,2420,5,D,CC,SQ,D
9:53:43,MYOR,RG,2420,2,D,CC,SQ,D
9:53:43,MYOR,RG,2420,1,D,YP,SQ,D
9:53:43,MYOR,RG,2420,2,D,YP,SQ,D
9:52:58,MYOR,RG,2420,3,D,YP,YP,D
9:52:58,MYOR,RG,2420,11,D,XL,YP,D
9:52:58,MYOR,RG,2420,1,D,OD,YP,D
9:50:50,MYOR,RG,2420,1,D,PD,PD,D
9:50:50,MYOR,RG,2420,38,D,AZ,PD,D
9:49:19,MYOR,RG,2420,5,D,AZ,XC,D
9:47:31,MYOR,RG,2420,6,D,AZ,PD,D
9:45:23,MYOR,RG,2420,13,D,AZ,CC,D
9:45:23,MYOR,RG,2420,2,D,PD,CC,D
9:45:23,MYOR,RG,2420,1,D,NI,CC,D
9:45:23,MYOR,RG,2420,3,D,YP,CC,D
9:45:23,MYOR,RG,2420,1,D,XC,CC,D
9:45:23,MYOR,RG,2420,4,D,PD,CC,D
9:45:23,MYOR,RG,2420,11,D,XC,CC,D
9:44:50,MYOR,RG,2420,19,D,XC,HP,D
9:44:50,MYOR,RG,2420,11,D,PD,HP,D
9:44:22,MYOR,RG,2420,9,D,PD,CC,D
9:44:22,MYOR,RG,2420,4,D,XC,CC,D
9:44:22,MYOR,RG,2420,10,D,DH,CC,D
9:44:22,MYOR,RG,2420,1,D,YP,CC,D
9:44:22,MYOR,RG,2420,20,D,XC,CC,D
9:44:22,MYOR,RG,2420,36,D,DX,CC,D
9:43:43,MYOR,RG,2420,4,D,DX,PD,D
9:43:43,MYOR,RG,2420,11,D,CP,PD,D
9:43:28,MYOR,RG,2420,2,D,CP,KK,D
9:42:21,MYOR,RG,2420,5,D,CP,EP,D
9:40:38,MYOR,RG,2420,3,D,CP,DR,D
9:40:38,MYOR,RG,2420,1,D,YP,DR,D
9:40:38,MYOR,RG,2420,6,D,KK,DR,D
9:40:28,MYOR,RG,2420,14,D,KK,XC,D
9:40:20,MYOR,RG,2420,1,D,KK,XC,D
9:40:02,MYOR,RG,2420,1,D,KK,AT,D
9:38:48,MYOR,RG,2420,5,D,KK,PD,D
9:37:55,MYOR,RG,2430,10,D,EP,ZP,D
9:37:45,MYOR,RG,2420,1,D,KK,XC,D
9:36:36,MYOR,RG,2420,19,D,KK,CC,D
9:36:30,MYOR,RG,2420,3,D,KK,PD,D
9:36:30,MYOR,RG,2420,3,D,PD,PD,D
9:36:30,MYOR,RG,2420,14,D,GR,PD,D
9:36:16,MYOR,RG,2420,10,D,GR,XC,D
9:36:08,MYOR,RG,2420,5,D,GR,DH,D
9:34:01,MYOR,RG,2420,12,D,GR,YP,D
9:34:00,MYOR,RG,2420,6,D,GR,XC,D
9:33:35,MYOR,RG,2420,1,D,GR,XC,D
9:33:29,MYOR,RG,2430,50,D,EP,ZP,D
9:33:23,MYOR,RG,2420,1,D,GR,CC,D
9:32:55,MYOR,RG,2420,1,D,GR,PD,D
9:32:55,MYOR,RG,2420,2,D,PD,PD,D
9:32:55,MYOR,RG,2420,10,D,XC,PD,D
9:32:55,MYOR,RG,2420,10,D,CC,PD,D
9:32:55,MYOR,RG,2420,4,D,PD,PD,D
9:32:55,MYOR,RG,2420,1,D,YP,PD,D
9:32:55,MYOR,RG,2420,47,D,NI,PD,D
9:32:45,MYOR,RG,2420,3,D,NI,GR,D
9:32:45,MYOR,RG,2420,17,D,OD,GR,D
9:31:58,MYOR,RG,2420,3,D,OD,XL,D
9:31:58,MYOR,RG,2420,2,D,CC,XL,D
9:30:04,MYOR,RG,2430,2,D,PD,ZP,D
9:29:43,MYOR,RG,2420,1,D,CC,CC,D
9:29:43,MYOR,RG,2430,1,D,SQ,ZP,D
9:29:22,MYOR,RG,2430,1,D,XC,ZP,D
9:28:22,MYOR,RG,2430,5,D,XC,ZP,D
9:27:48,MYOR,RG,2430,50,D,DR,ZP,D
9:27:21,MYOR,RG,2430,5,D,NI,ZP,D
9:27:21,MYOR,RG,2430,2,D,KK,ZP,D
9:27:21,MYOR,RG,2430,100,D,CC,ZP,D
9:27:21,MYOR,RG,2430,5,D,SQ,ZP,D
9:27:21,MYOR,RG,2430,4,D,PD,ZP,D
9:27:21,MYOR,RG,2430,1,D,AT,ZP,D
9:27:21,MYOR,RG,2430,1,D,XC,ZP,D
9:27:21,MYOR,RG,2430,20,D,XC,ZP,D
9:27:21,MYOR,RG,2430,2,D,XA,ZP,D
9:27:21,MYOR,RG,2430,1,D,XC,ZP,D
9:27:21,MYOR,RG,2430,5,D,DR,ZP,D
9:27:21,MYOR,RG,2430,1,D,XC,ZP,D
9:27:21,MYOR,RG,2430,1,D,YP,ZP,D
9:27:21,MYOR,RG,2430,10,D,PD,ZP,D
9:27:21,MYOR,RG,2430,1,D,XC,ZP,D
9:27:21,MYOR,RG,2430,4,D,PD,ZP,D
9:27:21,MYOR,RG,2430,4,D,PD,ZP,D
9:27:21,MYOR,RG,2430,4,D,PD,ZP,D
9:27:21,MYOR,RG,2430,20,D,XC,ZP,D
9:27:21,MYOR,RG,2430,28,D,LG,ZP,D
9:27:13,MYOR,RG,2440,1,D,SQ,OD,D
9:27:08,MYOR,RG,2440,1,D,CC,OD,D
9:26:32,MYOR,RG,2440,3,D,XC,OD,D
9:26:23,MYOR,RG,2440,1,D,CC,OD,D
9:26:04,MYOR,RG,2440,21,D,XC,OD,D
9:25:38,MYOR,RG,2440,2,D,YU,OD,D
9:25:35,MYOR,RG,2440,15,D,PD,OD,D
9:24:46,MYOR,RG,2440,1,D,XC,OD,D
9:23:09,MYOR,RG,2440,5,D,YP,OD,D
9:22:33,MYOR,RG,2440,1,D,XC,OD,D
9:20:42,MYOR,RG,2440,10,D,SQ,OD,D
9:20:24,MYOR,RG,2440,1,D,XC,OD,D
9:20:08,MYOR,RG,2440,5,D,LG,OD,D
9:20:07,MYOR,RG,2430,10,D,LG,XC,D
9:19:39,MYOR,RG,2440,1,D,XC,OD,D
9:19:22,MYOR,RG,2430,25,D,LG,ZP,D
9:19:17,MYOR,RG,2430,17,D,LG,CC,D
9:19:16,MYOR,RG,2430,25,D,LG,ZP,D
9:18:19,MYOR,RG,2430,2,D,LG,DR,D
9:17:17,MYOR,RG,2430,93,D,LG,NI,D
9:17:17,MYOR,RG,2430,5,D,CC,NI,D
9:17:17,MYOR,RG,2430,2,D,LG,NI,D
9:16:21,MYOR,RG,2440,3,D,XC,OD,D
9:16:03,MYOR,RG,2440,1,D,XC,OD,D
9:14:11,MYOR,RG,2440,15,D,PD,OD,D
9:13:14,MYOR,RG,2440,1,D,XC,OD,D
9:12:31,MYOR,RG,2440,1,D,XC,OD,D
9:12:31,MYOR,RG,2440,2,D,XC,OD,D
9:12:31,MYOR,RG,2440,86,D,NI,OD,D
9:12:16,MYOR,RG,2440,5,D,NI,YP,D
9:11:59,MYOR,RG,2440,1,D,NI,PD,D
9:11:59,MYOR,RG,2440,10,D,NI,NI,D
9:11:59,MYOR,RG,2440,130,D,NI,BK,F
9:11:59,MYOR,RG,2440,68,D,NI,CC,F
9:11:54,MYOR,RG,2440,30,D,XC,CC,F
9:11:37,MYOR,RG,2440,10,D,LG,CC,F
9:11:33,MYOR,RG,2440,3,D,CC,CC,F
9:11:33,MYOR,RG,2440,4,D,CC,PD,D
9:11:33,MYOR,RG,2440,1,D,CC,KK,D
9:11:33,MYOR,RG,2440,1,D,CC,PD,D
9:11:33,MYOR,RG,2440,1,D,CC,YB,D
9:11:19,MYOR,RG,2440,2,D,PD,YB,D
9:11:02,MYOR,RG,2440,1,D,EP,YB,D
9:08:48,MYOR,RG,2430,3,D,LG,PD,D
9:07:53,MYOR,RG,2430,3,D,KK,YP,D
9:07:30,MYOR,RG,2430,4,D,KK,PD,D
9:07:30,MYOR,RG,2430,6,D,KK,PD,D
9:06:25,MYOR,RG,2420,1,D,YP,SQ,D
9:06:25,MYOR,RG,2420,4,D,XA,SQ,D
9:04:15,MYOR,RG,2420,6,D,XA,PD,D
9:04:15,MYOR,RG,2420,1,D,NI,PD,D
9:04:15,MYOR,RG,2420,3,D,CC,PD,D
9:04:13,MYOR,RG,2430,1,D,PD,PD,D
9:03:41,MYOR,RG,2420,7,D,CC,YP,D
9:03:41,MYOR,RG,2420,9,D,CC,YP,D
9:03:15,MYOR,RG,2420,1,D,CC,XC,D
9:03:15,MYOR,RG,2420,1,D,NI,XC,D
9:03:13,MYOR,RG,2420,1,D,XC,CC,D
9:03:13,MYOR,RG,2420,4,D,CC,CC,D
9:02:54,MYOR,RG,2420,5,D,CC,XC,D
9:02:50,MYOR,RG,2420,6,D,CC,DR,D
9:02:50,MYOR,RG,2420,1,D,XC,DR,D
9:02:50,MYOR,RG,2420,3,D,XC,DR,D
9:02:50,MYOR,RG,2420,1,D,XC,DR,D
9:02:50,MYOR,RG,2420,1,D,XC,DR,D
9:02:50,MYOR,RG,2420,1,D,YP,DR,D
9:02:50,MYOR,RG,2420,2,D,YP,DR,D
9:02:47,MYOR,RG,2420,21,D,YP,YP,D
9:01:12,MYOR,RG,2420,3,D,YP,XC,D
9:01:04,MYOR,RG,2420,15,D,YP,NI,D
9:00:57,MYOR,RG,2420,5,D,NI,CC,D
9:00:57,MYOR,RG,2420,2,D,CC,CC,D
9:00:57,MYOR,RG,2420,1,D,XC,CC,D
9:00:57,MYOR,RG,2420,1,D,PD,CC,D
9:00:57,MYOR,RG,2420,2,D,AT,CC,D
9:00:57,MYOR,RG,2420,1,D,XC,CC,D
9:00:57,MYOR,RG,2420,2,D,PD,CC,D
9:00:57,MYOR,RG,2420,1,D,XC,CC,D
9:00:50,MYOR,RG,2420,7,D,CC,YP,D
9:00:39,MYOR,RG,2420,10,D,CC,YP,D
9:00:14,MYOR,RG,2420,30,D,CC,XC,D
9:00:12,MYOR,RG,2420,53,D,CC,PD,D
9:00:12,MYOR,RG,2420,1,D,XC,PD,D
9:00:12,MYOR,RG,2420,6,D,XC,PD,D
9:00:08,MYOR,RG,2420,4,D,XC,PD,D
9:00:08,MYOR,RG,2420,3,D,XC,PD,D
9:00:08,MYOR,RG,2420,1,D,XC,PD,D
9:00:08,MYOR,RG,2420,9,D,PD,PD,D
9:00:08,MYOR,RG,2420,20,D,XC,PD,D
9:00:08,MYOR,RG,2420,1,D,PD,PD,D
9:00:08,MYOR,RG,2420,10,D,PD,PD,D
9:00:08,MYOR,RG,2420,50,D,PD,PD,D
9:00:08,MYOR,RG,2420,2,D,EP,PD,D
9:00:06,MYOR,RG,2420,4,D,EP,PD,D
9:00:06,MYOR,RG,2430,3,D,PD,PD,D
9:00:06,MYOR,RG,2420,1,D,EP,PD,D
9:00:06,MYOR,RG,2420,13,D,EP,XC,D
9:00:06,MYOR,RG,2420,6,D,XA,XC,D
9:00:06,MYOR,RG,2420,1,D,KK,XC,D
9:00:03,MYOR,RG,2420,1,D,XC,XL,D