Time,Stock,Brd,Price,Qty,BT,BC,SC,ST
15:14:57,MYOR,RG,2230,3,D,YP,YP,D
15:14:45,MYOR,RG,2230,1,F,KZ,YP,D
15:14:45,MYOR,RG,2230,7,D,XC,YP,D
15:13:46,MYOR,RG,2230,1,F,KZ,YP,D
15:13:46,MYOR,RG,2230,4,D,PD,YP,D
15:13:40,MYOR,RG,2230,6,F,KZ,YP,D
15:13:40,MYOR,RG,2230,34,D,XC,YP,D
15:13:32,MYOR,RG,2230,1,F,KZ,YP,D
15:13:32,MYOR,RG,2230,4,D,XC,YP,D
15:13:27,MYOR,RG,2230,2,D,NI,YP,D
15:12:18,MYOR,RG,2230,1,F,KZ,YP,D
15:12:18,MYOR,RG,2230,3,D,XC,YP,D
15:11:32,MYOR,RG,2230,1,F,KZ,YP,D
15:11:31,MYOR,RG,2230,10,D,DH,YP,D
15:11:18,MYOR,RG,2230,1,F,KZ,YP,D
15:11:18,MYOR,RG,2230,5,D,XC,YP,D
15:11:10,MYOR,RG,2230,1,F,KZ,YP,D
15:11:10,MYOR,RG,2230,1,D,XC,YP,D
15:10:14,MYOR,RG,2230,42,F,KZ,YP,D
15:10:13,MYOR,RG,2230,6,F,KZ,YP,D
15:10:12,MYOR,RG,2230,64,D,DH,YP,D
15:10:12,MYOR,RG,2230,150,D,DH,YP,D
15:10:12,MYOR,RG,2230,24,D,DH,CC,D
15:10:12,MYOR,RG,2230,1,D,DH,XC,D
15:10:12,MYOR,RG,2230,3,D,DH,KK,D
15:10:12,MYOR,RG,2230,30,D,DH,GR,D
15:10:09,MYOR,RG,2230,1,D,DH,GR,D
15:08:53,MYOR,RG,2230,3,F,KZ,GR,D
15:08:52,MYOR,RG,2230,21,D,XC,GR,D
15:08:09,MYOR,RG,2230,30,F,KZ,GR,D
15:08:09,MYOR,RG,2230,165,D,CC,GR,D
15:08:04,MYOR,RG,2230,9,F,KZ,GR,D
15:08:04,MYOR,RG,2230,54,D,XC,GR,D
15:07:45,MYOR,RG,2230,3,F,KZ,GR,D
15:07:44,MYOR,RG,2230,16,D,XC,GR,D
15:07:16,MYOR,RG,2230,1,D,XC,GR,D
15:07:06,MYOR,RG,2230,1,F,KZ,GR,D
15:07:05,MYOR,RG,2230,5,D,KK,GR,D
15:06:59,MYOR,RG,2230,2,D,XC,GR,D
15:06:45,MYOR,RG,2230,1,F,KZ,GR,D
15:06:44,MYOR,RG,2230,2,D,XC,GR,D
15:05:36,MYOR,RG,2230,1,D,KK,GR,D
15:05:30,MYOR,RG,2230,2,F,KZ,GR,D
15:05:29,MYOR,RG,2230,10,D,KK,GR,D
15:05:27,MYOR,RG,2230,1,D,XC,GR,D
15:05:22,MYOR,RG,2230,5,F,KZ,GR,D
15:05:22,MYOR,RG,2230,27,D,GR,GR,D
15:05:14,MYOR,RG,2230,3,D,XC,GR,D
15:05:11,MYOR,RG,2230,1,F,KZ,GR,D
15:05:10,MYOR,RG,2230,3,D,XC,GR,D
15:05:04,MYOR,RG,2230,103,F,KZ,GR,D
15:05:04,MYOR,RG,2230,55,F,KZ,YB,D
15:05:02,MYOR,RG,2230,4,D,PD,YB,D
15:05:02,MYOR,RG,2230,2,D,YP,YB,D
15:05:02,MYOR,RG,2230,2,D,EP,YB,D
15:05:02,MYOR,RG,2230,3,D,KK,YB,D
15:05:02,MYOR,RG,2230,1,D,EP,YB,D
15:05:02,MYOR,RG,2230,7,D,NI,YB,D
15:05:01,MYOR,RG,2230,1,D,XC,YB,D
15:05:01,MYOR,RG,2230,1,D,XC,YB,D
15:05:01,MYOR,RG,2230,20,D,AO,YB,D
15:05:00,MYOR,RG,2230,2,D,XC,YB,D
15:05:00,MYOR,RG,2230,10,D,KK,YB,D
15:05:00,MYOR,RG,2230,5,D,AZ,YB,D
15:05:00,MYOR,RG,2230,1,D,CP,YB,D
15:05:00,MYOR,RG,2230,5,D,DR,YB,D
15:00:00,MYOR,RG,2230,6,D,KK,YB,D
15:00:00,MYOR,RG,2230,3,D,PD,YB,D
15:00:00,MYOR,RG,2230,2,D,EP,YB,D
15:00:00,MYOR,RG,2230,400,D,YJ,YB,D
15:00:00,MYOR,RG,2230,20,D,NI,YB,D
15:00:00,MYOR,RG,2230,10,D,NI,YB,D
15:00:00,MYOR,RG,2230,1,D,NI,YB,D
15:00:00,MYOR,RG,2230,1,D,XC,YB,D
15:00:00,MYOR,RG,2230,9,D,YP,YB,D
15:00:00,MYOR,RG,2230,20,D,NI,YB,D
15:00:00,MYOR,RG,2230,10,D,PD,YB,D
15:00:00,MYOR,RG,2230,1,D,KK,YB,D
15:00:00,MYOR,RG,2230,2,D,YP,YB,D
15:00:00,MYOR,RG,2230,4,D,YP,YB,D
15:00:00,MYOR,RG,2230,20,D,YP,YB,D
15:00:00,MYOR,RG,2230,4,D,YP,YB,D
15:00:00,MYOR,RG,2230,1,D,YP,YB,D
15:00:00,MYOR,RG,2230,1,D,YP,YB,D
15:00:00,MYOR,RG,2230,1,D,YP,YB,D
15:00:00,MYOR,RG,2230,2,D,YP,YB,D
15:00:00,MYOR,RG,2230,1,D,YP,YB,D
15:00:00,MYOR,RG,2230,1,D,YP,YB,D
15:00:00,MYOR,RG,2230,1,D,YP,YB,D
15:00:00,MYOR,RG,2230,1,D,YP,YB,D
15:00:00,MYOR,RG,2230,6,D,XC,YB,D
15:00:00,MYOR,RG,2230,2,D,XC,YB,D
15:00:00,MYOR,RG,2230,1,D,YP,YB,D
15:00:00,MYOR,RG,2230,1,D,XC,YB,D
15:00:00,MYOR,RG,2230,50,D,YP,YB,D
15:00:00,MYOR,RG,2230,9,D,XC,YB,D
15:00:00,MYOR,RG,2230,13,D,DH,YB,D
15:00:00,MYOR,RG,2230,10,D,DR,YB,D
15:00:00,MYOR,RG,2230,45,D,XC,YB,D
15:00:00,MYOR,RG,2230,1,D,PD,YB,D
15:00:00,MYOR,RG,2230,4,D,XC,YB,D
15:00:00,MYOR,RG,2230,3,D,DH,YB,D
15:00:00,MYOR,RG,2230,2,D,YP,YB,D
15:00:00,MYOR,RG,2230,1,D,ZP,YB,D
15:00:00,MYOR,RG,2230,3,D,KK,YB,D
15:00:00,MYOR,RG,2230,1,D,PD,YB,D
15:00:00,MYOR,RG,2230,5,D,XC,YB,D
15:00:00,MYOR,RG,2230,5,D,XC,YB,D
15:00:00,MYOR,RG,2230,3,D,DH,YB,D
15:00:00,MYOR,RG,2230,8,D,PD,YB,D
15:00:00,MYOR,RG,2230,1,D,XC,YB,D
15:00:00,MYOR,RG,2230,5,D,PD,YB,D
15:00:00,MYOR,RG,2230,1,D,PD,YB,D
15:00:00,MYOR,RG,2230,1,D,XC,YB,D
15:00:00,MYOR,RG,2230,3,D,NI,YB,D
15:00:00,MYOR,RG,2230,1,D,XC,YB,D
15:00:00,MYOR,RG,2230,1,D,XC,YB,D
15:00:00,MYOR,RG,2230,5,D,YP,YB,D
15:00:00,MYOR,RG,2230,51,D,AZ,YB,D
15:00:00,MYOR,RG,2230,50,D,CC,YB,D
15:00:00,MYOR,RG,2230,2,D,DH,YB,D
15:00:00,MYOR,RG,2230,8,D,CC,YB,D
15:00:00,MYOR,RG,2230,4,D,XC,YB,D
15:00:00,MYOR,RG,2230,14,D,CC,YB,D
15:00:00,MYOR,RG,2230,2,D,XC,YB,D
15:00:00,MYOR,RG,2230,3,D,PD,YB,D
15:00:00,MYOR,RG,2230,4,D,KK,YB,D
15:00:00,MYOR,RG,2230,1,D,PD,YB,D
15:00:00,MYOR,RG,2230,6,D,XC,YB,D
15:00:00,MYOR,RG,2230,5,D,NI,YB,D
15:00:00,MYOR,RG,2230,6,D,PD,YB,D
15:00:00,MYOR,RG,2230,30,D,PD,YB,D
15:00:00,MYOR,RG,2230,1,D,IF,YB,D
15:00:00,MYOR,RG,2230,2,D,XC,YB,D
15:00:00,MYOR,RG,2230,2,D,YP,YB,D
15:00:00,MYOR,RG,2230,1,D,XC,YB,D
15:00:00,MYOR,RG,2230,1,D,XC,YB,D
15:00:00,MYOR,RG,2230,75,D,HD,YB,D
15:00:00,MYOR,RG,2230,4,D,HD,PD,D
15:00:00,MYOR,RG,2230,100,D,HD,LS,D
15:00:00,MYOR,RG,2230,18,D,HD,YP,D
15:00:00,MYOR,RG,2230,2,D,XC,YP,D
15:00:00,MYOR,RG,2230,10,D,YP,YP,D
15:00:00,MYOR,RG,2230,45,D,KK,YP,D
15:00:00,MYOR,RG,2230,1,D,EP,YP,D
15:00:00,MYOR,RG,2230,24,D,OD,YP,D
15:00:00,MYOR,RG,2230,25,D,OD,KK,D
15:00:00,MYOR,RG,2230,1,D,OD,YP,D
15:00:00,MYOR,RG,2230,5,D,PD,YP,D
15:00:00,MYOR,RG,2230,25,D,PD,BK,F
15:00:00,MYOR,RG,2230,20,D,CP,BK,F
15:00:00,MYOR,RG,2230,5,F,KZ,BK,F
15:00:00,MYOR,RG,2230,25,F,KZ,BK,F
15:00:00,MYOR,RG,2230,1,F,KZ,BK,F
15:00:00,MYOR,RG,2230,44,F,KZ,BK,F
14:49:30,MYOR,RG,2240,1,F,KZ,CC,D
14:49:29,MYOR,RG,2240,1,D,XC,CC,D
14:49:29,MYOR,RG,2240,2,D,XC,CC,D
14:49:20,MYOR,RG,2240,1,D,XC,CC,D
14:49:13,MYOR,RG,2240,1,F,KZ,CC,D
14:49:11,MYOR,RG,2240,1,F,KZ,CC,D
14:49:10,MYOR,RG,2240,5,D,CC,CC,D
14:49:10,MYOR,RG,2240,5,D,CC,PD,D
14:49:07,MYOR,RG,2240,1,D,YP,PD,D
14:48:47,MYOR,RG,2240,10,F,KZ,PD,D
14:48:45,MYOR,RG,2240,2,F,KZ,PD,D
14:48:44,MYOR,RG,2240,3,D,KK,XC,D
14:48:44,MYOR,RG,2240,4,D,KK,YP,D
14:48:44,MYOR,RG,2240,5,D,KK,PD,D
14:48:44,MYOR,RG,2240,11,D,KK,YP,D
14:48:44,MYOR,RG,2240,20,D,KK,CC,D
14:48:44,MYOR,RG,2240,5,D,KK,PD,D
14:48:44,MYOR,RG,2240,7,D,KK,PD,D
14:48:44,MYOR,RG,2240,1,D,KK,YP,D
14:48:44,MYOR,RG,2240,14,D,KK,IP,D
14:48:29,MYOR,RG,2240,1,F,KZ,BK,F
14:48:28,MYOR,RG,2240,1,D,YP,BK,F
14:48:07,MYOR,RG,2240,2,F,KZ,BK,F
14:47:58,MYOR,RG,2240,4,D,KK,BK,F
14:47:58,MYOR,RG,2240,7,D,KK,CC,D
14:47:57,MYOR,RG,2240,1,D,XC,CC,D
14:47:53,MYOR,RG,2240,1,D,YP,CC,D
14:47:44,MYOR,RG,2240,1,F,KZ,CC,D
14:47:44,MYOR,RG,2240,1,F,KZ,BK,F
14:47:29,MYOR,RG,2240,1,F,KZ,BK,F
14:47:09,MYOR,RG,2240,1,D,XC,BK,F
14:47:09,MYOR,RG,2240,1,F,KZ,BK,F
14:46:39,MYOR,RG,2240,1,F,KZ,BK,F
14:46:37,MYOR,RG,2240,1,D,PD,BK,F
14:46:34,MYOR,RG,2240,1,F,KZ,BK,F
14:46:33,MYOR,RG,2240,1,D,YP,BK,F
14:46:31,MYOR,RG,2240,2,D,XC,BK,F
14:46:21,MYOR,RG,2240,1,D,PD,BK,F
14:46:09,MYOR,RG,2240,1,F,KZ,BK,F
14:46:09,MYOR,RG,2240,33,F,KZ,BK,F
14:46:09,MYOR,RG,2240,4,F,KZ,BK,F
14:46:09,MYOR,RG,2240,32,F,KZ,YP,D
14:46:04,MYOR,RG,2240,1,F,KZ,YP,D
14:46:04,MYOR,RG,2240,2,F,KZ,YP,D
14:45:49,MYOR,RG,2240,1,D,CC,YP,D
14:45:44,MYOR,RG,2240,1,D,YP,YP,D
14:45:40,MYOR,RG,2240,163,D,KK,YP,D
14:45:40,MYOR,RG,2240,10,D,KK,PD,D
14:45:40,MYOR,RG,2240,1,D,KK,PD,D
14:45:40,MYOR,RG,2240,10,D,KK,PD,D
14:45:40,MYOR,RG,2240,16,D,KK,BK,F
14:45:29,MYOR,RG,2240,4,F,KZ,BK,F
14:45:09,MYOR,RG,2240,1,D,CC,BK,F
14:44:55,MYOR,RG,2230,13,D,AZ,DX,D
14:44:47,MYOR,RG,2240,1,D,YP,BK,F
14:44:44,MYOR,RG,2240,6,F,KZ,BK,F
14:44:36,MYOR,RG,2230,3,D,AZ,PD,D
14:44:36,MYOR,RG,2230,2,D,PD,PD,D
14:44:36,MYOR,RG,2230,10,D,EL,PD,D
14:44:34,MYOR,RG,2230,8,D,EL,XC,D
14:44:33,MYOR,RG,2240,10,D,XC,BK,F
14:44:26,MYOR,RG,2230,15,D,EL,DX,D
14:43:56,MYOR,RG,2230,10,D,EL,PD,D
14:43:54,MYOR,RG,2240,1,D,CC,BK,F
14:43:54,MYOR,RG,2240,2,F,KZ,KK,D
14:43:54,MYOR,RG,2240,3,F,KZ,KK,D
14:43:54,MYOR,RG,2240,3,F,KZ,IP,D
14:43:54,MYOR,RG,2240,3,F,KZ,IP,D
14:43:50,MYOR,RG,2240,30,D,KK,IP,D
14:43:50,MYOR,RG,2240,10,D,KK,CC,D
14:43:50,MYOR,RG,2240,30,D,KK,GR,D
14:43:50,MYOR,RG,2240,5,D,KK,PD,D
14:43:50,MYOR,RG,2240,10,D,KK,HP,D
14:43:50,MYOR,RG,2240,3,D,KK,KK,D
14:43:50,MYOR,RG,2240,6,D,KK,YP,D
14:43:50,MYOR,RG,2240,5,D,KK,PD,D
14:43:50,MYOR,RG,2240,3,D,KK,XC,D
14:43:50,MYOR,RG,2240,3,D,KK,PD,D
14:43:50,MYOR,RG,2240,40,D,KK,KK,D
14:43:50,MYOR,RG,2240,20,D,KK,XC,D
14:43:50,MYOR,RG,2240,10,D,KK,YP,D
14:43:50,MYOR,RG,2240,10,D,KK,PD,D
14:43:50,MYOR,RG,2240,1,D,KK,AT,D
14:43:50,MYOR,RG,2240,2,D,KK,PD,D
14:43:50,MYOR,RG,2240,2,D,KK,XC,D
14:43:50,MYOR,RG,2240,5,D,KK,XC,D
14:43:50,MYOR,RG,2240,19,D,KK,BK,F
14:43:50,MYOR,RG,2240,13,D,KK,CC,D
14:43:27,MYOR,RG,2240,1,D,CC,CC,D
14:43:02,MYOR,RG,2240,1,D,PD,CC,D
14:42:49,MYOR,RG,2240,1,D,YP,CC,D
14:42:34,MYOR,RG,2230,7,D,EL,XC,D
14:42:01,MYOR,RG,2230,11,D,EL,DX,D
14:41:54,MYOR,RG,2240,1,F,KZ,CC,D
14:41:54,MYOR,RG,2240,1,F,KZ,CC,D
14:41:49,MYOR,RG,2240,1,F,KZ,CC,D
14:41:41,MYOR,RG,2240,1,D,CC,CC,D
14:41:18,MYOR,RG,2240,1,D,PD,CC,D
14:40:42,MYOR,RG,2240,3,D,PD,CC,D
14:40:42,MYOR,RG,2240,4,D,PD,BK,F
14:40:42,MYOR,RG,2240,5,D,PD,KK,D
14:40:42,MYOR,RG,2240,3,D,PD,DH,D
14:40:09,MYOR,RG,2240,1,F,KZ,DH,D
14:39:59,MYOR,RG,2240,1,D,DH,DH,D
14:39:39,MYOR,RG,2240,11,F,KZ,DH,D
14:39:27,MYOR,RG,2230,12,D,EL,DX,D
14:38:09,MYOR,RG,2240,2,F,KZ,DH,D
14:37:21,MYOR,RG,2230,15,D,EL,CC,D
14:37:11,MYOR,RG,2230,50,D,EL,GI,D
14:37:09,MYOR,RG,2240,1,F,KZ,DH,D
14:37:04,MYOR,RG,2230,13,D,EL,DX,D
14:36:46,MYOR,RG,2240,1,D,XC,DH,D
14:36:37,MYOR,RG,2240,1,D,CC,BK,F
14:36:19,MYOR,RG,2240,1,D,CC,BK,F
14:35:59,MYOR,RG,2240,1,F,KZ,BK,F
14:35:38,MYOR,RG,2240,1,D,XC,BK,F
14:35:34,MYOR,RG,2240,3,F,KZ,BK,F
14:35:14,MYOR,RG,2240,2,F,KZ,BK,F
14:35:06,MYOR,RG,2240,3,D,DH,BK,F
14:35:05,MYOR,RG,2230,10,D,EL,NI,D
14:34:49,MYOR,RG,2240,3,F,KZ,BK,F
14:34:34,MYOR,RG,2240,1,F,KZ,BK,F
14:34:30,MYOR,RG,2230,15,D,EL,DX,D
14:34:13,MYOR,RG,2240,1,D,XC,BK,F
14:34:13,MYOR,RG,2240,1,D,XC,BK,F
14:33:05,MYOR,RG,2240,1,D,GR,BK,F
14:32:51,MYOR,RG,2240,1,D,CC,BK,F
14:32:29,MYOR,RG,2240,1,F,KZ,BK,F
14:32:29,MYOR,RG,2240,2,F,KZ,BK,F
14:32:04,MYOR,RG,2240,1,D,CC,BK,F
14:31:57,MYOR,RG,2230,14,D,EL,DX,D
14:31:29,MYOR,RG,2240,5,F,KZ,BK,F
14:30:54,MYOR,RG,2240,2,F,KZ,BK,F
14:30:52,MYOR,RG,2240,25,D,YP,BK,F
14:30:29,MYOR,RG,2240,2,F,KZ,BK,F
14:30:12,MYOR,RG,2240,8,D,PD,BK,F
14:30:12,MYOR,RG,2240,4,D,PD,XC,D
14:30:12,MYOR,RG,2240,13,D,PD,CC,D
14:30:00,MYOR,RG,2240,1,D,KK,CC,D
14:29:45,MYOR,RG,2240,1,D,YP,PD,D
14:29:33,MYOR,RG,2240,1,D,CC,PD,D
14:29:31,MYOR,RG,2230,10,D,EL,DX,D
14:29:31,MYOR,RG,2230,1,D,YP,DX,D
14:29:31,MYOR,RG,2230,2,D,XC,DX,D
14:29:30,MYOR,RG,2230,5,D,XC,AZ,D
14:28:19,MYOR,RG,2230,1,D,XC,PD,D
14:28:04,MYOR,RG,2240,1,D,CC,PD,D
14:27:34,MYOR,RG,2240,1,F,KZ,PD,D
14:27:34,MYOR,RG,2240,4,F,KZ,NI,D
14:27:29,MYOR,RG,2240,4,F,KZ,NI,D
14:27:26,MYOR,RG,2240,25,D,IH,NI,D
14:27:26,MYOR,RG,2240,17,D,IH,DH,D
14:27:05,MYOR,RG,2230,2,F,KZ,DX,D
14:27:05,MYOR,RG,2230,2,F,KZ,DX,D
14:27:05,MYOR,RG,2230,7,D,YP,DX,D
14:26:28,MYOR,RG,2240,8,D,BS,DH,D
14:26:28,MYOR,RG,2240,5,D,BS,PD,D
14:26:28,MYOR,RG,2240,3,D,BS,CC,D
14:26:17,MYOR,RG,2240,1,D,DH,CC,D
14:25:53,MYOR,RG,2240,1,D,NI,CC,D
14:25:53,MYOR,RG,2240,4,D,NI,DH,D
14:25:24,MYOR,RG,2240,2,F,KZ,DH,D
14:25:21,MYOR,RG,2230,10,D,YP,NI,D
14:25:12,MYOR,RG,2230,1,D,YP,XC,D
14:25:04,MYOR,RG,2240,1,D,HP,DH,D
14:24:34,MYOR,RG,2240,2,F,KZ,DH,D
14:24:31,MYOR,RG,2230,12,D,YP,DX,D
14:24:18,MYOR,RG,2240,1,D,XC,DH,D
14:24:16,MYOR,RG,2240,1,D,NI,DH,D
14:24:14,MYOR,RG,2240,1,F,KZ,DH,D
14:23:49,MYOR,RG,2240,21,F,KZ,DH,D
14:23:19,MYOR,RG,2240,2,F,KZ,DH,D
14:23:14,MYOR,RG,2240,5,F,KZ,DH,D
14:23:14,MYOR,RG,2240,2,F,KZ,YP,D
14:23:09,MYOR,RG,2240,1,F,KZ,PD,D
14:22:50,MYOR,RG,2230,1,D,YP,EP,D
14:22:04,MYOR,RG,2230,14,D,YP,DX,D
14:21:50,MYOR,RG,2230,20,D,YP,XC,D
14:20:18,MYOR,RG,2230,5,D,YP,CC,D
14:19:44,MYOR,RG,2240,2,F,KZ,PD,D
14:19:30,MYOR,RG,2230,14,D,YP,DX,D
14:19:28,MYOR,RG,2230,1,D,YP,PD,D
14:19:25,MYOR,RG,2230,1,D,YP,XC,D
14:19:11,MYOR,RG,2230,9,D,YP,XC,D
14:18:54,MYOR,RG,2240,2,F,KZ,XC,D
14:18:45,MYOR,RG,2230,5,D,YP,XC,D
14:18:45,MYOR,RG,2230,5,D,NI,XC,D
14:18:24,MYOR,RG,2240,5,F,KZ,XC,D
14:18:13,MYOR,RG,2230,30,D,NI,PD,D
14:18:08,MYOR,RG,2230,15,D,NI,YP,D
14:18:08,MYOR,RG,2230,10,D,YP,YP,D
14:18:08,MYOR,RG,2230,1,F,KZ,YP,D
14:18:08,MYOR,RG,2230,10,D,IP,YP,D
14:18:08,MYOR,RG,2230,35,D,NI,YP,D
14:18:08,MYOR,RG,2230,5,D,XC,YP,D
14:18:08,MYOR,RG,2230,10,D,XC,YP,D
14:18:08,MYOR,RG,2230,3,F,KZ,YP,D
14:18:08,MYOR,RG,2230,3,D,XC,YP,D
14:18:08,MYOR,RG,2230,1,D,XC,YP,D
14:18:08,MYOR,RG,2230,10,D,YP,YP,D
14:18:08,MYOR,RG,2230,10,D,ZP,YP,D
14:18:08,MYOR,RG,2230,5,D,XC,YP,D
14:18:08,MYOR,RG,2230,1,D,KK,YP,D
14:18:08,MYOR,RG,2230,1,D,XC,YP,D
14:18:08,MYOR,RG,2230,2,D,PD,YP,D
14:18:08,MYOR,RG,2230,2,D,DH,YP,D
14:18:08,MYOR,RG,2230,1,D,PD,YP,D
14:18:04,MYOR,RG,2230,1,D,IP,XC,D
14:17:14,MYOR,RG,2240,2,F,KZ,XC,D
14:17:06,MYOR,RG,2230,3,D,IP,DX,D
14:17:06,MYOR,RG,2230,1,D,YP,DX,D
14:17:06,MYOR,RG,2230,2,F,KZ,DX,D
14:17:06,MYOR,RG,2230,9,F,CC,DX,D
14:16:44,MYOR,RG,2240,3,F,KZ,KK,D
14:16:24,MYOR,RG,2230,20,F,CC,SQ,D
14:16:20,MYOR,RG,2230,10,F,CC,PD,D
14:14:41,MYOR,RG,2230,13,F,CC,DX,D
14:14:39,MYOR,RG,2240,1,F,KZ,KK,D
14:13:50,MYOR,RG,2240,1,D,PD,KK,D
14:13:50,MYOR,RG,2240,1,D,PD,YP,D
14:13:29,MYOR,RG,2240,1,F,KZ,YP,D
14:13:16,MYOR,RG,2230,5,F,CC,XC,D
14:12:09,MYOR,RG,2240,8,F,KZ,YP,D
14:12:07,MYOR,RG,2230,11,F,CC,DX,D
14:11:40,MYOR,RG,2240,46,F,CC,YP,D
14:09:44,MYOR,RG,2240,2,F,KZ,YP,D
14:09:32,MYOR,RG,2230,14,F,CC,DX,D
14:08:24,MYOR,RG,2230,4,F,CC,DR,D
14:07:26,MYOR,RG,2230,1,F,CC,DH,D
14:07:02,MYOR,RG,2230,14,F,CC,DX,D
14:06:49,MYOR,RG,2240,1,F,KZ,YP,D
14:06:44,MYOR,RG,2240,1,F,KZ,YP,D
14:06:35,MYOR,RG,2240,5,D,XC,YP,D
14:04:39,MYOR,RG,2230,5,F,CC,DX,D
14:04:39,MYOR,RG,2230,5,F,KZ,DX,D
14:04:39,MYOR,RG,2230,1,F,KZ,DX,D
14:03:33,MYOR,RG,2230,1,F,KZ,NI,D
14:02:44,MYOR,RG,2230,2,F,KZ,XA,D
14:02:17,MYOR,RG,2240,6,D,XC,YP,D
14:02:04,MYOR,RG,2240,10,D,ZP,YP,D
14:01:41,MYOR,RG,2230,15,F,AK,BK,F
14:01:41,MYOR,RG,2230,10,F,AK,PD,D
14:01:41,MYOR,RG,2230,24,F,AK,PD,D
14:01:41,MYOR,RG,2230,2,F,KZ,PD,D
14:01:40,MYOR,RG,2230,10,D,KK,PD,D
14:01:40,MYOR,RG,2230,1,F,KZ,PD,D
14:01:39,MYOR,RG,2230,15,D,CC,PD,D
14:01:31,MYOR,RG,2230,2,D,YP,PD,D
14:01:23,MYOR,RG,2230,1,D,PD,PD,D
14:01:11,MYOR,RG,2230,95,F,AK,PD,D
14:01:11,MYOR,RG,2230,12,F,AK,DX,D
14:01:11,MYOR,RG,2230,143,F,AK,BK,F
14:01:11,MYOR,RG,2230,20,D,AT,DX,D
14:01:04,MYOR,RG,2230,1,D,PD,DX,D
14:00:47,MYOR,RG,2220,3,F,KZ,XC,D
14:00:40,MYOR,RG,2230,4,D,XC,DX,D
13:59:44,MYOR,RG,2220,14,F,KZ,DX,D
13:59:23,MYOR,RG,2230,5,D,PD,DX,D
13:58:51,MYOR,RG,2220,19,F,KZ,BK,F
13:58:48,MYOR,RG,2220,19,F,KZ,BK,F
13:58:48,MYOR,RG,2220,3,D,PD,BK,F
13:58:48,MYOR,RG,2220,5,D,KK,BK,F
13:58:48,MYOR,RG,2220,7,D,YP,BK,F
13:58:48,MYOR,RG,2230,39,F,KZ,DX,D
13:58:45,MYOR,RG,2230,4,F,KZ,DX,D
13:58:45,MYOR,RG,2230,3,D,NI,DX,D
13:58:45,MYOR,RG,2230,2,D,PD,DX,D
13:58:45,MYOR,RG,2230,1,D,PD,DX,D
13:58:45,MYOR,RG,2230,5,D,XC,DX,D
13:58:45,MYOR,RG,2230,1,F,KZ,DX,D
13:58:45,MYOR,RG,2230,9,D,XC,DX,D
13:58:45,MYOR,RG,2230,50,D,CC,DX,D
13:58:45,MYOR,RG,2230,10,D,IP,DX,D
13:58:45,MYOR,RG,2230,1,D,XC,DX,D
13:58:45,MYOR,RG,2230,1,D,PD,DX,D
13:58:45,MYOR,RG,2230,20,D,SQ,DX,D
13:58:45,MYOR,RG,2230,1,D,EP,DX,D
13:58:45,MYOR,RG,2230,1,D,XC,DX,D
13:58:45,MYOR,RG,2230,1,D,XC,DX,D
13:58:45,MYOR,RG,2230,5,D,CP,DX,D
13:58:45,MYOR,RG,2230,10,D,DH,DX,D
13:58:45,MYOR,RG,2230,2,D,PD,DX,D
13:58:45,MYOR,RG,2230,10,D,PD,DX,D
13:58:45,MYOR,RG,2230,1,D,PD,DX,D
13:58:45,MYOR,RG,2230,2,F,KZ,DX,D
13:58:45,MYOR,RG,2230,1,D,EP,DX,D
13:58:45,MYOR,RG,2230,5,F,KZ,DX,D
13:58:45,MYOR,RG,2230,85,D,YP,DX,D
13:58:37,MYOR,RG,2240,1,D,DH,YP,D
13:58:36,MYOR,RG,2230,15,D,YP,XC,D
13:58:36,MYOR,RG,2230,4,D,CC,XC,D
13:58:36,MYOR,RG,2230,3,D,PD,XC,D
13:58:24,MYOR,RG,2240,3,F,KZ,YP,D
13:58:19,MYOR,RG,2240,10,F,KZ,YP,D
13:58:16,MYOR,RG,2230,2,D,PD,YP,D
13:58:16,MYOR,RG,2230,1,D,XC,YP,D
13:57:59,MYOR,RG,2240,2,F,KZ,YP,D
13:57:38,MYOR,RG,2230,9,F,KZ,BK,F
13:57:35,MYOR,RG,2230,6,F,KZ,BK,F
13:57:35,MYOR,RG,2230,8,D,CC,BK,F
13:57:32,MYOR,RG,2230,12,D,CC,NI,D
13:57:32,MYOR,RG,2230,1,D,XC,NI,D
13:57:32,MYOR,RG,2230,41,F,KZ,NI,D
13:57:32,MYOR,RG,2230,25,D,DH,NI,D
13:57:32,MYOR,RG,2230,1,D,NI,NI,D
13:57:32,MYOR,RG,2230,20,D,PD,NI,D
13:57:10,MYOR,RG,2230,13,D,XC,DX,D
13:57:10,MYOR,RG,2230,2,D,YP,DX,D
13:56:33,MYOR,RG,2230,5,D,YP,XC,D
13:56:08,MYOR,RG,2240,1,D,XC,YP,D
13:55:57,MYOR,RG,2240,2,D,PD,YP,D
13:55:39,MYOR,RG,2240,2,D,CC,YP,D
13:54:49,MYOR,RG,2240,3,F,KZ,YP,D
13:54:46,MYOR,RG,2230,3,D,YP,DX,D
13:54:46,MYOR,RG,2230,9,D,CC,DX,D
13:54:29,MYOR,RG,2240,7,F,KZ,YP,D
13:54:24,MYOR,RG,2240,1,D,CC,YP,D
13:53:29,MYOR,RG,2240,3,F,KZ,YP,D
13:53:20,MYOR,RG,2230,7,D,CC,BK,F
13:53:20,MYOR,RG,2230,6,D,CC,BK,F
13:53:20,MYOR,RG,2230,5,D,DR,BK,F
13:53:14,MYOR,RG,2230,1,D,XC,AK,F
13:53:14,MYOR,RG,2230,38,D,LG,AK,F
13:53:04,MYOR,RG,2240,5,F,KZ,YP,D
13:52:54,MYOR,RG,2240,15,D,PD,YP,D
13:52:18,MYOR,RG,2230,13,D,LG,DX,D
13:52:14,MYOR,RG,2240,2,F,KZ,YP,D
13:52:13,MYOR,RG,2230,1,D,LG,YP,D
13:51:47,MYOR,RG,2240,1,D,PD,YP,D
13:50:54,MYOR,RG,2240,3,F,KZ,YP,D
13:50:16,MYOR,RG,2230,1,D,LG,DH,D
13:49:42,MYOR,RG,2230,14,D,LG,DX,D
13:49:24,MYOR,RG,2240,10,D,DH,YP,D
13:49:12,MYOR,RG,2240,3,D,NI,YP,D
13:48:55,MYOR,RG,2230,1,D,LG,CC,D
13:48:25,MYOR,RG,2230,10,D,LG,EP,D
13:47:58,MYOR,RG,2230,27,D,LG,CC,D
13:47:10,MYOR,RG,2230,10,D,LG,PD,D
13:47:08,MYOR,RG,2230,14,D,LG,DX,D
13:45:47,MYOR,RG,2230,21,D,LG,EP,D
13:45:47,MYOR,RG,2230,10,D,CP,EP,D
13:45:47,MYOR,RG,2230,1,F,KZ,EP,D
13:45:47,MYOR,RG,2230,1,F,KZ,EP,D
13:45:47,MYOR,RG,2230,2,D,XC,EP,D
13:45:47,MYOR,RG,2230,3,D,NI,EP,D
13:45:47,MYOR,RG,2230,1,D,YP,EP,D
13:45:47,MYOR,RG,2230,1,F,KZ,EP,D
13:45:47,MYOR,RG,2230,2,D,NI,EP,D
13:45:47,MYOR,RG,2230,50,D,NI,EP,D
13:45:47,MYOR,RG,2230,10,D,PD,EP,D
13:45:47,MYOR,RG,2230,10,D,CC,EP,D
13:45:47,MYOR,RG,2230,1,F,KZ,EP,D
13:45:47,MYOR,RG,2230,1,D,YP,EP,D
13:45:47,MYOR,RG,2230,9,D,PD,EP,D
13:45:47,MYOR,RG,2230,9,D,XC,EP,D
13:45:47,MYOR,RG,2230,1,D,CC,EP,D
13:45:47,MYOR,RG,2230,10,D,PD,EP,D
13:45:47,MYOR,RG,2230,1,D,PD,EP,D
13:45:47,MYOR,RG,2230,2,D,PD,EP,D
13:45:47,MYOR,RG,2230,11,F,KZ,EP,D
13:45:47,MYOR,RG,2230,3,D,PD,EP,D
13:45:47,MYOR,RG,2230,1,D,PD,EP,D
13:45:47,MYOR,RG,2230,20,D,CP,EP,D
13:45:47,MYOR,RG,2230,69,D,EL,EP,D
13:45:45,MYOR,RG,2230,2,D,EL,DH,D
13:44:54,MYOR,RG,2230,11,D,EL,XC,D
13:44:42,MYOR,RG,2230,20,D,EL,AT,D
13:44:41,MYOR,RG,2240,12,D,NI,YP,D
13:44:41,MYOR,RG,2230,12,D,EL,DX,D
13:44:40,MYOR,RG,2240,1,D,XC,YP,D
13:44:29,MYOR,RG,2240,1,F,KZ,YP,D
13:44:24,MYOR,RG,2240,1,F,KZ,YP,D
13:44:24,MYOR,RG,2240,1,F,KZ,YP,D
13:44:20,MYOR,RG,2240,10,D,NI,YP,D
13:44:14,MYOR,RG,2240,1,F,KZ,YP,D
13:43:39,MYOR,RG,2240,2,F,KZ,YP,D
13:43:08,MYOR,RG,2240,1,D,XC,YP,D
13:42:28,MYOR,RG,2240,4,D,CC,YP,D
13:42:19,MYOR,RG,2240,11,F,KZ,YP,D
13:42:19,MYOR,RG,2240,1,F,KZ,KK,D
13:42:19,MYOR,RG,2240,7,F,KZ,HP,D
13:42:14,MYOR,RG,2230,12,D,EL,DX,D
13:41:55,MYOR,RG,2240,3,D,CC,HP,D
13:41:55,MYOR,RG,2240,2,D,CC,YB,D
13:41:55,MYOR,RG,2240,2,D,CC,EP,D
13:41:32,MYOR,RG,2230,5,D,EL,XC,D
13:41:03,MYOR,RG,2230,69,D,EL,DX,D
13:41:03,MYOR,RG,2230,3,D,XC,DX,D
13:41:03,MYOR,RG,2230,1,D,XC,DX,D
13:41:03,MYOR,RG,2230,10,D,YP,DX,D
13:41:03,MYOR,RG,2230,1,D,YP,DX,D
13:41:03,MYOR,RG,2230,1,D,CC,DX,D
13:41:03,MYOR,RG,2230,1,D,XC,DX,D
13:41:03,MYOR,RG,2230,1,F,KZ,DX,D
13:41:03,MYOR,RG,2230,1,D,XC,DX,D
13:41:03,MYOR,RG,2230,12,D,CC,DX,D
13:40:01,MYOR,RG,2240,1,D,PD,EP,D
13:39:59,MYOR,RG,2240,2,D,CC,EP,D
13:39:59,MYOR,RG,2240,1,D,CC,CC,D
13:39:54,MYOR,RG,2240,1,F,KZ,CC,D
13:39:54,MYOR,RG,2240,1,F,KZ,EP,D
13:39:49,MYOR,RG,2230,14,D,CC,DX,D
13:39:24,MYOR,RG,2240,2,F,KZ,EP,D
13:39:22,MYOR,RG,2240,2,D,CC,EP,D
13:39:22,MYOR,RG,2240,11,D,CC,CC,D
13:39:13,MYOR,RG,2240,6,D,KK,CC,D
13:39:07,MYOR,RG,2240,1,D,KK,CC,D
13:38:48,MYOR,RG,2230,2,D,CC,YP,D
13:38:36,MYOR,RG,2230,5,D,CC,CC,D
13:37:15,MYOR,RG,2230,7,D,CC,DX,D
13:37:15,MYOR,RG,2230,4,F,KZ,DX,D
13:36:12,MYOR,RG,2240,1,D,PD,CC,D
13:35:28,MYOR,RG,2230,7,F,KZ,ES,D
13:35:28,MYOR,RG,2230,1,D,XC,ES,D
13:35:28,MYOR,RG,2230,4,D,PD,ES,D
13:35:28,MYOR,RG,2230,8,D,CC,ES,D
13:35:28,MYOR,RG,2230,1,D,PD,ES,D
13:35:28,MYOR,RG,2230,2,D,PD,ES,D
13:35:28,MYOR,RG,2230,2,D,XC,ES,D
13:35:28,MYOR,RG,2230,29,F,KZ,ES,D
13:35:28,MYOR,RG,2230,10,D,XC,ES,D
13:35:28,MYOR,RG,2230,1,D,KK,ES,D
13:35:28,MYOR,RG,2230,4,D,XC,ES,D
13:35:28,MYOR,RG,2230,1,D,PD,ES,D
13:35:28,MYOR,RG,2230,1,D,XC,ES,D
13:35:28,MYOR,RG,2230,2,D,XC,ES,D
13:35:28,MYOR,RG,2230,1,D,XC,ES,D
13:35:28,MYOR,RG,2230,2,D,DH,ES,D
13:35:28,MYOR,RG,2230,1,D,XC,ES,D
13:35:28,MYOR,RG,2230,1,D,DH,ES,D
13:35:28,MYOR,RG,2230,1,D,XC,ES,D
13:35:28,MYOR,RG,2230,1,D,PD,ES,D
13:35:28,MYOR,RG,2230,5,D,XC,ES,D
13:35:28,MYOR,RG,2230,1,D,DH,ES,D
13:35:28,MYOR,RG,2230,14,D,YB,ES,D
13:35:19,MYOR,RG,2240,3,F,KZ,CC,D
13:35:14,MYOR,RG,2240,6,F,KZ,CC,D
13:35:14,MYOR,RG,2240,3,F,KZ,CC,D
13:35:13,MYOR,RG,2240,1,F,KZ,CC,D
13:34:55,MYOR,RG,2230,3,D,YB,CC,D
13:34:55,MYOR,RG,2230,2,D,EL,CC,D
13:34:49,MYOR,RG,2230,13,D,EL,DX,D
13:34:17,MYOR,RG,2230,40,D,EL,DX,D
13:34:08,MYOR,RG,2240,1,D,XC,CC,D
13:33:41,MYOR,RG,2230,4,D,EL,YP,D
13:30:59,MYOR,RG,2230,1,D,EL,AT,D
13:30:14,MYOR,RG,2230,10,D,EL,YP,D
13:30:13,MYOR,RG,2230,4,D,EL,LG,D
13:30:09,MYOR,RG,2230,1,D,EL,XC,D
13:30:09,MYOR,RG,2230,1,D,EL,CC,D
13:30:09,MYOR,RG,2240,7,F,KZ,CC,D
13:30:06,MYOR,RG,2230,3,D,EL,PD,D
13:30:05,MYOR,RG,2230,4,D,EL,XC,D
13:30:04,MYOR,RG,2230,33,D,EL,BK,F
13:30:04,MYOR,RG,2230,15,D,EL,DX,D
13:30:03,MYOR,RG,2230,2,D,EL,XA,D
13:30:02,MYOR,RG,2230,1,D,EL,RG,D
13:30:02,MYOR,RG,2230,10,D,EL,IP,D
13:30:02,MYOR,RG,2230,14,D,EL,DX,D
13:30:02,MYOR,RG,2230,2,D,EL,AT,D
13:30:02,MYOR,RG,2230,3,D,EL,XC,D
13:30:02,MYOR,RG,2230,2,D,EL,PD,D
13:30:02,MYOR,RG,2230,1,D,EL,PD,D
13:30:02,MYOR,RG,2230,5,D,EL,XC,D
13:30:02,MYOR,RG,2230,1,D,EL,PD,D
13:30:02,MYOR,RG,2230,5,D,EL,CC,D
13:30:02,MYOR,RG,2230,20,D,EL,IP,D
13:30:02,MYOR,RG,2230,3,D,EL,KK,D
13:30:02,MYOR,RG,2230,39,D,EL,KK,D
13:30:02,MYOR,RG,2230,5,D,EL,ZP,D
13:30:02,MYOR,RG,2230,10,D,EL,PD,D
13:30:02,MYOR,RG,2230,5,D,EL,CC,D
13:30:02,MYOR,RG,2230,2,D,EL,PD,D
13:30:02,MYOR,RG,2230,3,D,EL,PD,D
13:30:02,MYOR,RG,2230,10,D,EL,YP,D
13:30:02,MYOR,RG,2230,10,D,EL,XC,D
13:30:02,MYOR,RG,2230,16,D,EL,YP,D
11:29:53,MYOR,RG,2230,1,D,XC,YP,D
11:28:52,MYOR,RG,2220,15,D,YP,DX,D
11:26:27,MYOR,RG,2220,3,D,YP,DX,D
11:26:27,MYOR,RG,2220,7,D,SQ,DX,D
11:26:27,MYOR,RG,2220,3,D,PD,DX,D
11:26:18,MYOR,RG,2220,1,D,PD,YB,D
11:26:08,MYOR,RG,2220,2,D,PD,YP,D
11:26:08,MYOR,RG,2220,2,D,PD,YP,D
11:25:39,MYOR,RG,2230,1,D,XC,YP,D
11:25:02,MYOR,RG,2230,1,F,KZ,YP,D
11:25:02,MYOR,RG,2230,1,D,XC,YP,D
11:24:43,MYOR,RG,2230,1,F,KZ,YP,D
11:24:43,MYOR,RG,2230,10,D,CC,YP,D
11:24:42,MYOR,RG,2230,1,F,KZ,YP,D
11:24:42,MYOR,RG,2230,2,D,PD,YP,D
11:24:28,MYOR,RG,2230,8,F,KZ,YP,D
11:24:28,MYOR,RG,2230,50,D,YP,YP,D
11:24:06,MYOR,RG,2230,2,F,KZ,YP,D
11:24:04,MYOR,RG,2230,1,F,KZ,YP,D
11:24:04,MYOR,RG,2230,2,D,DH,YP,D
11:24:04,MYOR,RG,2230,3,F,KZ,YP,D
11:24:04,MYOR,RG,2230,2,F,KZ,YP,D
11:24:04,MYOR,RG,2230,4,F,KZ,NI,D
11:24:01,MYOR,RG,2220,11,D,PD,DX,D
11:23:59,MYOR,RG,2230,2,F,KZ,NI,D
11:23:56,MYOR,RG,2230,1,F,KZ,NI,D
11:23:55,MYOR,RG,2230,3,F,KZ,NI,D
11:23:55,MYOR,RG,2230,3,F,KZ,PD,D
11:23:55,MYOR,RG,2230,3,F,KZ,IP,D
11:23:54,MYOR,RG,2230,1,F,KZ,IP,D
11:23:54,MYOR,RG,2230,3,F,KZ,IP,D
11:23:54,MYOR,RG,2230,2,F,KZ,IP,D
11:23:53,MYOR,RG,2230,8,D,NI,IP,D
11:23:53,MYOR,RG,2230,15,D,NI,YP,D
11:23:53,MYOR,RG,2230,1,D,NI,XC,D
11:23:53,MYOR,RG,2230,1,D,NI,XC,D
11:23:53,MYOR,RG,2230,5,D,NI,YP,F
11:23:53,MYOR,RG,2230,1,D,NI,XC,D
11:23:53,MYOR,RG,2230,19,D,NI,DH,D
11:23:52,MYOR,RG,2230,1,F,KZ,DH,D
11:23:52,MYOR,RG,2230,8,D,YP,DH,D
11:23:52,MYOR,RG,2230,2,D,YP,XC,D
11:23:52,MYOR,RG,2230,5,D,YP,XC,D
11:23:52,MYOR,RG,2230,10,D,YP,PD,D
11:23:52,MYOR,RG,2230,20,D,YP,IP,D
11:23:52,MYOR,RG,2230,1,D,YP,XC,D
11:23:52,MYOR,RG,2230,4,D,YP,BK,F
11:22:32,MYOR,RG,2230,10,D,CC,BK,F
11:22:05,MYOR,RG,2230,3,D,PC,BK,F
11:21:32,MYOR,RG,2220,12,D,PD,DX,D
11:19:01,MYOR,RG,2220,15,D,PD,DX,D
11:16:37,MYOR,RG,2220,11,D,PD,DX,D
11:15:53,MYOR,RG,2230,1,F,KZ,BK,F
11:15:52,MYOR,RG,2230,3,D,YP,BK,F
11:15:52,MYOR,RG,2230,7,D,YP,YP,D
11:15:34,MYOR,RG,2230,6,F,KZ,YP,D
11:15:30,MYOR,RG,2230,1,D,XC,YP,D
11:15:29,MYOR,RG,2230,1,F,KZ,YP,D
11:15:29,MYOR,RG,2230,8,F,KZ,BK,F
11:15:29,MYOR,RG,2230,5,F,KZ,BK,F
11:15:28,MYOR,RG,2230,8,F,KZ,BK,F
11:15:26,MYOR,RG,2230,10,F,KZ,BK,F
11:15:26,MYOR,RG,2230,47,D,YP,BK,F
11:15:26,MYOR,RG,2230,53,D,YP,CC,D
11:14:21,MYOR,RG,2230,1,D,PD,CC,D
11:14:20,MYOR,RG,2230,1,D,XC,CC,D
11:14:18,MYOR,RG,2230,10,D,DX,CC,D
11:14:12,MYOR,RG,2220,15,D,PD,DX,D
11:12:54,MYOR,RG,2230,13,F,KZ,CC,D
11:12:53,MYOR,RG,2230,1,D,PD,CC,D
11:12:45,MYOR,RG,2230,3,D,PD,CC,D
11:12:09,MYOR,RG,2230,7,F,KZ,CC,D
11:12:03,MYOR,RG,2230,21,D,XC,CC,D
11:11:39,MYOR,RG,2220,14,D,PD,DX,D
11:11:10,MYOR,RG,2230,2,D,XC,CC,D
11:09:29,MYOR,RG,2220,5,D,PD,NI,D
11:09:14,MYOR,RG,2220,14,D,PD,DX,D
11:08:36,MYOR,RG,2220,23,D,PD,ZP,D
11:08:24,MYOR,RG,2220,17,D,PD,PD,D
11:08:23,MYOR,RG,2230,2,D,PD,CC,D
11:07:48,MYOR,RG,2230,50,D,NI,CC,D
11:07:14,MYOR,RG,2230,12,F,KZ,CC,D
11:07:03,MYOR,RG,2230,1,D,XC,CC,D
11:06:54,MYOR,RG,2220,11,D,PD,DX,D
11:05:57,MYOR,RG,2220,1,D,PD,XC,D
11:05:57,MYOR,RG,2220,10,D,CC,XC,D
11:05:57,MYOR,RG,2220,1,D,PD,XC,D
11:05:57,MYOR,RG,2220,15,D,YP,XC,D
11:05:57,MYOR,RG,2220,5,D,YP,XC,D
11:04:28,MYOR,RG,2220,14,D,YP,DX,D
11:04:19,MYOR,RG,2230,1,F,KZ,CC,D
11:03:59,MYOR,RG,2230,3,F,KZ,CC,D
11:03:29,MYOR,RG,2230,1,F,KZ,CC,D
11:03:29,MYOR,RG,2230,3,F,KZ,CC,D
11:03:29,MYOR,RG,2230,1,F,KZ,CC,D
11:03:29,MYOR,RG,2230,1,F,KZ,CC,D
11:03:27,MYOR,RG,2230,1,D,XC,CC,D
11:03:26,MYOR,RG,2230,2,D,PD,CC,D
11:02:14,MYOR,RG,2230,4,F,KZ,CC,D
11:02:09,MYOR,RG,2230,4,F,KZ,CC,D
11:01:59,MYOR,RG,2220,13,D,YP,DX,D
11:01:36,MYOR,RG,2230,6,D,NI,CC,D
11:01:14,MYOR,RG,2230,24,D,DH,CC,D
11:00:56,MYOR,RG,2230,5,D,PD,CC,D
11:00:22,MYOR,RG,2230,3,D,XC,CC,D
10:59:49,MYOR,RG,2230,5,F,KZ,CC,D
10:59:37,MYOR,RG,2220,15,D,YP,DX,D
10:59:31,MYOR,RG,2230,1,D,PD,CC,D
10:59:26,MYOR,RG,2230,1,D,XC,CC,D
10:59:20,MYOR,RG,2220,20,D,YP,PD,D
10:58:51,MYOR,RG,2230,2,D,CC,CC,D
10:58:39,MYOR,RG,2230,4,D,PD,CC,D
10:58:39,MYOR,RG,2230,1,D,XC,CC,D
10:57:23,MYOR,RG,2230,1,D,PD,CC,D
10:57:09,MYOR,RG,2230,3,D,PD,CC,D
10:57:06,MYOR,RG,2220,4,D,YP,DX,D
10:57:06,MYOR,RG,2220,7,D,OD,DX,D
10:57:06,MYOR,RG,2230,4,D,KK,CC,D
10:55:45,MYOR,RG,2230,4,D,NI,CC,D
10:55:29,MYOR,RG,2230,3,F,KZ,CC,D
10:54:48,MYOR,RG,2230,3,D,EP,CC,D
10:54:41,MYOR,RG,2220,12,D,OD,DX,D
10:52:52,MYOR,RG,2230,1,D,XC,CC,D
10:52:26,MYOR,RG,2230,16,D,EP,CC,D
10:52:16,MYOR,RG,2220,15,D,OD,DX,D
10:52:01,MYOR,RG,2230,2,F,KZ,CC,D
10:52:01,MYOR,RG,2230,8,D,NI,CC,D
10:51:59,MYOR,RG,2230,19,F,KZ,CC,D
10:51:57,MYOR,RG,2230,1,D,XC,CC,D
10:51:54,MYOR,RG,2230,1,F,KZ,CC,D
10:51:54,MYOR,RG,2230,2,F,KZ,CC,D
10:51:53,MYOR,RG,2230,2,D,KK,CC,D
10:51:49,MYOR,RG,2230,1,F,KZ,CC,D
10:51:49,MYOR,RG,2230,3,F,KZ,CC,D
10:51:49,MYOR,RG,2230,1,F,KZ,CC,D
10:51:48,MYOR,RG,2230,2,F,KZ,CC,D
10:51:48,MYOR,RG,2230,10,D,XC,CC,D
10:51:44,MYOR,RG,2230,3,D,PD,CC,D
10:51:36,MYOR,RG,2230,5,D,XC,CC,D
10:51:29,MYOR,RG,2230,1,F,KZ,CC,D
10:51:24,MYOR,RG,2230,1,F,KZ,CC,D
10:51:24,MYOR,RG,2230,2,F,KZ,CC,D
10:51:24,MYOR,RG,2230,1,F,KZ,CC,D
10:51:24,MYOR,RG,2230,5,F,KZ,CC,D
10:51:22,MYOR,RG,2230,5,D,PD,CC,D
10:50:33,MYOR,RG,2230,10,D,PD,CC,D
10:50:23,MYOR,RG,2230,10,D,PD,CC,D
10:50:05,MYOR,RG,2230,10,D,PD,CC,D
10:50:02,MYOR,RG,2220,2,D,OD,PD,D
10:49:50,MYOR,RG,2220,14,D,OD,DX,D
10:49:44,MYOR,RG,2230,1,F,KZ,CC,D
10:49:44,MYOR,RG,2230,2,F,KZ,CC,D
10:49:40,MYOR,RG,2230,4,D,EP,CC,D
10:49:14,MYOR,RG,2230,1,F,KZ,CC,D
10:49:10,MYOR,RG,2230,10,D,PD,CC,D
10:48:29,MYOR,RG,2230,2,D,XC,CC,D
10:48:23,MYOR,RG,2230,4,D,TF,CC,D
10:47:40,MYOR,RG,2230,5,D,PD,CC,D
10:47:34,MYOR,RG,2230,1,F,KZ,CC,D
10:47:24,MYOR,RG,2220,12,D,OD,DX,D
10:47:11,MYOR,RG,2230,4,D,PD,CC,D
10:47:01,MYOR,RG,2230,3,D,XC,CC,D
10:46:47,MYOR,RG,2230,5,D,XC,CC,D
10:46:40,MYOR,RG,2230,4,D,DH,CC,D
10:46:39,MYOR,RG,2230,1,F,KZ,CC,D
10:44:59,MYOR,RG,2220,10,D,OD,DX,D
10:44:47,MYOR,RG,2230,4,D,XC,CC,D
10:44:41,MYOR,RG,2230,1,D,XC,CC,D
10:43:24,MYOR,RG,2230,6,F,KZ,CC,D
10:43:19,MYOR,RG,2230,7,F,KZ,CC,D
10:42:45,MYOR,RG,2220,3,D,OD,DX,D
10:42:30,MYOR,RG,2230,15,D,RF,CC,D
10:42:12,MYOR,RG,2220,20,D,OD,PD,D
10:42:04,MYOR,RG,2230,4,F,KZ,CC,D
10:41:34,MYOR,RG,2230,1,F,KZ,CC,D
10:39:44,MYOR,RG,2220,5,D,OD,XC,D
10:39:44,MYOR,RG,2220,1,D,XC,XC,D
10:39:44,MYOR,RG,2220,1,D,NI,XC,D
10:39:44,MYOR,RG,2220,5,D,XC,XC,D
10:39:44,MYOR,RG,2220,1,D,PD,XC,D
10:39:44,MYOR,RG,2220,1,D,YP,XC,D
10:39:44,MYOR,RG,2220,1,D,XC,XC,D
10:39:44,MYOR,RG,2220,1,D,YP,XC,D
10:39:44,MYOR,RG,2220,1,D,XC,XC,D
10:38:57,MYOR,RG,2220,3,D,KK,AT,D
10:38:23,MYOR,RG,2230,1,D,YP,CC,D
10:38:14,MYOR,RG,2230,7,D,PD,CC,D
10:37:59,MYOR,RG,2220,4,D,KK,XC,D
10:37:59,MYOR,RG,2220,3,D,YP,XC,D
10:37:59,MYOR,RG,2220,1,D,XC,XC,D
10:37:59,MYOR,RG,2220,18,D,KK,XC,D
10:37:49,MYOR,RG,2230,1,F,KZ,CC,D
10:37:44,MYOR,RG,2230,5,F,KZ,CC,D
10:37:44,MYOR,RG,2230,1,F,KZ,CC,D
10:37:20,MYOR,RG,2230,1,D,PD,CC,D
10:37:00,MYOR,RG,2230,1,D,PD,CC,D
10:36:49,MYOR,RG,2230,1,F,KZ,CC,D
10:36:44,MYOR,RG,2230,1,D,PD,CC,D
10:36:32,MYOR,RG,2230,5,D,YP,CC,D
10:35:16,MYOR,RG,2230,1,D,PD,CC,D
10:35:16,MYOR,RG,2230,1,D,PD,BK,F
10:34:49,MYOR,RG,2230,2,F,KZ,BK,F
10:34:49,MYOR,RG,2230,1,F,KZ,BK,F
10:34:49,MYOR,RG,2230,1,F,KZ,BK,F
10:34:45,MYOR,RG,2230,4,D,DH,BK,F
10:34:40,MYOR,RG,2230,8,D,PD,BK,F
10:34:40,MYOR,RG,2230,10,D,PD,EP,D
10:34:40,MYOR,RG,2230,2,D,PD,PD,D
10:33:54,MYOR,RG,2230,1,F,KZ,YP,D
10:33:47,MYOR,RG,2230,5,D,PD,YP,D
10:33:19,MYOR,RG,2230,1,D,XC,YP,D
10:33:09,MYOR,RG,2230,1,D,KK,YP,D
10:32:25,MYOR,RG,2230,1,D,PD,YP,D
10:31:42,MYOR,RG,2230,2,D,DH,YP,D
10:31:39,MYOR,RG,2220,18,D,KK,YP,D
10:30:58,MYOR,RG,2230,9,D,PD,YP,D
10:30:24,MYOR,RG,2230,1,F,KZ,YP,D
10:29:59,MYOR,RG,2230,4,D,YP,YP,D
10:29:59,MYOR,RG,2230,1,D,YP,SQ,D
10:28:54,MYOR,RG,2230,2,F,KZ,SQ,D
10:28:52,MYOR,RG,2230,10,D,NI,SQ,D
10:28:05,MYOR,RG,2230,1,D,XC,SQ,D
10:27:23,MYOR,RG,2230,2,D,NI,SQ,D
10:27:23,MYOR,RG,2230,5,D,YP,SQ,D
10:27:19,MYOR,RG,2230,1,F,KZ,SQ,D
10:27:14,MYOR,RG,2230,3,F,KZ,SQ,D
10:27:14,MYOR,RG,2230,5,F,KZ,NI,D
10:27:14,MYOR,RG,2230,11,F,KZ,NI,D
10:27:11,MYOR,RG,2230,4,D,PD,NI,D
10:27:11,MYOR,RG,2230,1,D,PD,BK,F
10:26:44,MYOR,RG,2230,1,F,KZ,BK,F
10:25:48,MYOR,RG,2230,3,D,XC,BK,F
10:22:59,MYOR,RG,2230,6,F,KZ,BK,F
10:22:14,MYOR,RG,2230,2,F,KZ,BK,F
10:22:10,MYOR,RG,2230,11,D,BS,BK,F
10:22:10,MYOR,RG,2230,39,D,BS,YP,D
10:22:09,MYOR,RG,2230,4,F,KZ,YP,D
10:21:46,MYOR,RG,2220,52,D,KK,CC,D
10:21:39,MYOR,RG,2230,11,F,KZ,YP,D
10:21:13,MYOR,RG,2220,12,D,KK,YP,D
10:21:13,MYOR,RG,2220,2,D,XC,YP,D
10:21:13,MYOR,RG,2220,4,D,XC,YP,D
10:21:13,MYOR,RG,2220,2,D,NI,YP,D
10:17:56,MYOR,RG,2220,8,D,NI,NI,D
10:17:56,MYOR,RG,2220,2,D,PD,NI,D
10:17:56,MYOR,RG,2220,5,D,PD,NI,D
10:17:56,MYOR,RG,2220,1,D,YP,NI,D
10:17:56,MYOR,RG,2220,7,D,PD,NI,D
10:17:56,MYOR,RG,2220,1,D,AO,NI,D
10:17:56,MYOR,RG,2220,4,D,CC,NI,D
10:17:56,MYOR,RG,2220,6,D,CC,NI,D
10:17:56,MYOR,RG,2220,1,D,NI,NI,D
10:17:56,MYOR,RG,2220,20,D,IP,NI,D
10:17:56,MYOR,RG,2220,10,D,NI,NI,D
10:17:56,MYOR,RG,2220,19,D,XC,NI,D
10:17:56,MYOR,RG,2220,1,D,XC,NI,D
10:17:56,MYOR,RG,2220,10,D,NI,NI,D
10:17:56,MYOR,RG,2220,1,D,OD,NI,D
10:17:56,MYOR,RG,2220,2,D,XC,NI,D
10:17:56,MYOR,RG,2220,10,D,YP,NI,D
10:17:56,MYOR,RG,2220,1,D,SQ,NI,D
10:17:56,MYOR,RG,2220,20,D,OD,NI,D
10:17:56,MYOR,RG,2220,4,D,AT,NI,D
10:17:56,MYOR,RG,2220,1,D,PD,NI,D
10:17:56,MYOR,RG,2220,1,D,CC,NI,D
10:17:56,MYOR,RG,2220,25,D,KK,NI,D
10:17:56,MYOR,RG,2220,2,D,AT,NI,D
10:17:56,MYOR,RG,2220,5,D,DH,NI,D
10:17:56,MYOR,RG,2220,3,D,XC,NI,D
10:17:56,MYOR,RG,2220,10,D,YP,NI,D
10:17:56,MYOR,RG,2220,5,D,PD,NI,D
10:17:56,MYOR,RG,2220,1,D,CC,NI,D
10:17:56,MYOR,RG,2220,2,D,CP,NI,D
10:17:56,MYOR,RG,2220,21,F,KZ,NI,D
10:17:56,MYOR,RG,2220,100,D,PD,NI,D
10:17:56,MYOR,RG,2220,1,D,OD,NI,D
10:17:56,MYOR,RG,2220,1,F,KZ,NI,D
10:17:56,MYOR,RG,2220,5,D,XC,NI,D
10:17:56,MYOR,RG,2220,4,D,YP,NI,D
10:17:56,MYOR,RG,2220,3,D,NI,NI,D
10:17:56,MYOR,RG,2220,10,D,KK,NI,D
10:17:56,MYOR,RG,2220,12,D,PD,NI,D
10:17:56,MYOR,RG,2220,5,D,DR,NI,D
10:17:56,MYOR,RG,2220,2,D,YP,NI,D
10:17:56,MYOR,RG,2220,2,D,XC,NI,D
10:17:56,MYOR,RG,2220,1,D,PD,NI,D
10:17:56,MYOR,RG,2220,1,D,DH,NI,D
10:17:56,MYOR,RG,2220,2,D,PD,NI,D
10:17:56,MYOR,RG,2220,1,D,NI,NI,D
10:17:56,MYOR,RG,2220,1,D,PD,NI,D
10:17:56,MYOR,RG,2220,1,D,PD,NI,D
10:17:56,MYOR,RG,2220,39,F,KZ,NI,D
10:17:47,MYOR,RG,2230,2,D,PD,YP,D
10:17:19,MYOR,RG,2230,1,F,KZ,YP,D
10:17:15,MYOR,RG,2230,1,D,YP,YP,D
10:17:11,MYOR,RG,2230,1,D,XC,YP,D
10:17:06,MYOR,RG,2230,46,D,DH,YP,D
10:16:37,MYOR,RG,2230,30,D,PD,YP,D
10:15:30,MYOR,RG,2230,4,D,XC,YP,D
10:14:47,MYOR,RG,2230,1,D,XC,YP,D
10:14:16,MYOR,RG,2230,1,D,YP,YP,D
10:14:07,MYOR,RG,2220,4,F,KZ,YP,D
10:13:32,MYOR,RG,2220,1,F,KZ,NI,D
10:13:09,MYOR,RG,2230,5,D,CC,YP,D
10:12:51,MYOR,RG,2220,29,F,KZ,DH,D
10:12:51,MYOR,RG,2220,221,D,EP,DH,D
10:12:41,MYOR,RG,2230,2,D,CC,YP,D
10:12:24,MYOR,RG,2230,2,F,KZ,YP,D
10:12:24,MYOR,RG,2230,10,D,CC,YP,D
10:12:07,MYOR,RG,2230,1,F,KZ,YP,D
10:12:06,MYOR,RG,2230,3,D,CC,YP,D
10:11:11,MYOR,RG,2220,3,D,EP,YP,D
10:11:10,MYOR,RG,2230,1,D,XC,YP,D
10:11:04,MYOR,RG,2230,2,D,PD,YP,D
10:10:40,MYOR,RG,2230,1,F,KZ,YP,D
10:10:40,MYOR,RG,2230,2,D,PD,YP,D
10:10:35,MYOR,RG,2230,2,D,PD,YP,D
10:10:30,MYOR,RG,2230,1,F,KZ,YP,D
10:10:30,MYOR,RG,2230,3,D,XC,YP,D
10:09:48,MYOR,RG,2230,3,D,PD,YP,D
10:09:46,MYOR,RG,2230,3,F,KZ,YP,D
10:09:44,MYOR,RG,2230,2,F,KZ,YP,D
10:09:44,MYOR,RG,2230,16,D,CC,YP,D
10:09:44,MYOR,RG,2230,10,D,CC,BK,F
10:09:44,MYOR,RG,2230,1,D,CC,PD,D
10:09:34,MYOR,RG,2230,1,F,KZ,PD,D
10:09:29,MYOR,RG,2230,1,F,KZ,PD,D
10:09:25,MYOR,RG,2230,1,D,XC,PD,D
10:09:10,MYOR,RG,2230,3,D,XC,PD,D
10:09:05,MYOR,RG,2230,2,D,CC,PD,D
10:07:59,MYOR,RG,2230,2,D,PD,PD,D
10:07:29,MYOR,RG,2230,1,D,SQ,PD,D
10:07:25,MYOR,RG,2230,3,F,KZ,PD,D
10:07:25,MYOR,RG,2230,1,F,KZ,PD,D
10:06:57,MYOR,RG,2230,2,D,PD,PD,D
10:06:54,MYOR,RG,2230,8,D,PD,KK,D
10:06:54,MYOR,RG,2230,1,F,KZ,KK,D
10:06:54,MYOR,RG,2230,4,D,DR,KK,D
10:06:54,MYOR,RG,2230,1,F,KZ,KK,D
10:06:54,MYOR,RG,2230,1,F,KZ,KK,D
10:06:54,MYOR,RG,2230,1,F,KZ,KK,D
10:06:54,MYOR,RG,2230,2,F,KZ,KK,D
10:06:54,MYOR,RG,2230,3,F,KZ,KK,D
10:06:54,MYOR,RG,2230,9,D,KK,KK,D
10:06:06,MYOR,RG,2230,5,D,KK,CC,D
10:04:10,MYOR,RG,2240,1,D,XC,BK,F
10:02:47,MYOR,RG,2240,5,D,PD,EP,D
10:02:33,MYOR,RG,2230,10,D,KK,MK,D
10:02:30,MYOR,RG,2230,11,D,KK,BK,F
10:02:30,MYOR,RG,2230,15,D,KK,CC,D
10:02:14,MYOR,RG,2230,1,F,KZ,CC,D
10:02:14,MYOR,RG,2230,21,F,KZ,CC,D
10:02:14,MYOR,RG,2230,3,F,KZ,CC,D
10:02:14,MYOR,RG,2230,8,D,KK,CC,D
10:02:07,MYOR,RG,2230,2,D,KK,NI,D
10:01:38,MYOR,RG,2230,5,D,KK,YP,D
10:01:38,MYOR,RG,2230,1,D,KK,XC,D
10:01:38,MYOR,RG,2230,1,D,KK,YP,D
10:01:38,MYOR,RG,2230,4,D,KK,PD,D
10:01:38,MYOR,RG,2230,40,D,KK,PD,D
10:01:38,MYOR,RG,2230,5,D,KK,XC,D
10:01:38,MYOR,RG,2230,20,D,KK,DH,D
10:01:38,MYOR,RG,2230,1,D,KK,XC,D
10:01:38,MYOR,RG,2230,1,D,KK,XC,D
10:01:38,MYOR,RG,2230,1,D,KK,XC,D
10:01:38,MYOR,RG,2230,24,D,KK,CC,D
10:01:38,MYOR,RG,2230,1,D,KK,AT,D
10:01:38,MYOR,RG,2230,18,D,KK,BK,F
10:01:38,MYOR,RG,2230,15,D,KK,SQ,D
10:01:38,MYOR,RG,2230,3,D,KK,PD,D
10:01:35,MYOR,RG,2230,1,F,KZ,PD,D
10:01:35,MYOR,RG,2230,1,D,CC,PD,D
10:01:35,MYOR,RG,2230,1,D,CC,BK,F
10:01:34,MYOR,RG,2230,1,F,KZ,BK,F
10:01:29,MYOR,RG,2230,1,F,KZ,BK,F
10:01:25,MYOR,RG,2230,1,D,PD,BK,F
10:01:23,MYOR,RG,2230,1,D,NI,BK,F
10:00:08,MYOR,RG,2230,1,D,PD,BK,F
10:00:05,MYOR,RG,2230,1,D,PD,BK,F
9:59:42,MYOR,RG,2230,2,D,XC,BK,F
9:59:42,MYOR,RG,2220,1,D,EP,XC,D
9:58:54,MYOR,RG,2230,5,F,KZ,BK,F
9:58:49,MYOR,RG,2230,2,D,XC,BK,F
9:57:27,MYOR,RG,2230,1,D,NI,BK,F
9:57:21,MYOR,RG,2220,1,D,EP,CC,D
9:56:41,MYOR,RG,2220,2,D,EP,CC,D
9:56:04,MYOR,RG,2220,10,D,EP,PD,D
9:55:23,MYOR,RG,2220,4,D,EP,YP,D
9:54:04,MYOR,RG,2220,6,D,EP,YP,D
9:53:53,MYOR,RG,2230,1,D,XC,BK,F
9:53:53,MYOR,RG,2230,1,D,XC,YP,D
9:53:28,MYOR,RG,2230,2,D,YP,YP,D
9:53:10,MYOR,RG,2230,1,F,KZ,YP,D
9:53:10,MYOR,RG,2230,7,D,XC,YP,D
9:52:44,MYOR,RG,2230,1,F,KZ,YP,D
9:52:31,MYOR,RG,2230,1,D,PD,YP,D
9:52:22,MYOR,RG,2230,1,D,PD,YP,D
9:52:04,MYOR,RG,2230,1,D,XC,YP,D
9:50:45,MYOR,RG,2230,2,D,PD,YP,D
9:50:29,MYOR,RG,2230,1,D,CC,YP,D
9:50:23,MYOR,RG,2230,2,F,KZ,YP,D
9:50:23,MYOR,RG,2230,10,D,PD,YP,D
9:50:14,MYOR,RG,2230,2,F,KZ,YP,D
9:50:11,MYOR,RG,2230,5,F,KZ,YP,D
9:50:09,MYOR,RG,2230,2,F,KZ,YP,D
9:50:08,MYOR,RG,2230,31,D,SQ,YP,D
9:50:08,MYOR,RG,2230,10,D,SQ,PD,D
9:50:08,MYOR,RG,2230,9,D,SQ,EP,D
9:49:24,MYOR,RG,2230,1,F,KZ,EP,D
9:49:07,MYOR,RG,2230,1,D,CC,DR,D
9:49:03,MYOR,RG,2230,1,D,KK,DR,D
9:49:01,MYOR,RG,2230,5,D,PD,DR,D
9:47:39,MYOR,RG,2230,1,D,YP,DR,D
9:46:54,MYOR,RG,2230,1,F,KZ,DR,D
9:46:29,MYOR,RG,2230,5,D,PD,DR,D
9:46:07,MYOR,RG,2230,2,D,EP,DR,D
9:45:24,MYOR,RG,2230,4,F,KZ,DR,D
9:45:24,MYOR,RG,2230,2,F,KZ,AT,D
9:45:24,MYOR,RG,2230,1,F,KZ,AT,D
9:45:23,MYOR,RG,2230,2,D,YP,AT,D
9:45:23,MYOR,RG,2230,1,D,YP,PD,D
9:45:19,MYOR,RG,2230,1,F,KZ,PD,D
9:45:19,MYOR,RG,2230,1,F,KZ,AK,F
9:45:19,MYOR,RG,2230,1,F,KZ,DH,D
9:45:19,MYOR,RG,2230,2,F,KZ,DH,D
9:45:19,MYOR,RG,2230,3,F,KZ,BK,F
9:45:17,MYOR,RG,2230,2,F,KZ,BK,F
9:45:17,MYOR,RG,2230,10,D,NI,BK,F
9:45:16,MYOR,RG,2230,1,D,OD,BK,F
9:45:15,MYOR,RG,2230,2,F,KZ,HP,D
9:45:14,MYOR,RG,2230,7,D,XC,HP,D
9:45:14,MYOR,RG,2230,3,D,XC,BK,F
9:45:14,MYOR,RG,2230,2,D,XC,IF,D
9:45:14,MYOR,RG,2230,2,D,XC,NI,D
9:45:14,MYOR,RG,2230,9,D,XC,NI,D
9:44:51,MYOR,RG,2230,1,D,NI,NI,D
9:44:51,MYOR,RG,2230,29,D,NI,CC,D
9:44:29,MYOR,RG,2230,7,F,KZ,CC,D
9:43:59,MYOR,RG,2230,1,F,KZ,CC,D
9:43:58,MYOR,RG,2230,3,D,XC,CC,D
9:43:43,MYOR,RG,2230,5,D,XC,PD,D
9:42:44,MYOR,RG,2230,6,D,NI,PD,D
9:42:08,MYOR,RG,2220,7,D,EP,YP,D
9:41:15,MYOR,RG,2220,18,D,EP,XC,D
9:40:59,MYOR,RG,2220,1,D,EP,NI,D
9:40:50,MYOR,RG,2220,1,D,EP,PD,D
9:39:45,MYOR,RG,2230,1,D,XC,PD,D
9:39:23,MYOR,RG,2230,2,D,CC,PD,D
9:38:56,MYOR,RG,2230,3,D,PD,PD,D
9:38:38,MYOR,RG,2220,10,D,EP,YP,D
9:36:29,MYOR,RG,2220,9,D,EP,CC,D
9:36:24,MYOR,RG,2220,4,D,EP,PD,D
9:35:54,MYOR,RG,2220,7,D,EP,DR,D
9:34:24,MYOR,RG,2230,1,F,KZ,PD,D
9:34:03,MYOR,RG,2230,2,D,PD,PD,D
9:34:03,MYOR,RG,2230,3,D,PD,AK,F
9:33:54,MYOR,RG,2230,1,F,KZ,AK,F
9:33:31,MYOR,RG,2230,2,D,PD,AK,F
9:33:04,MYOR,RG,2230,1,F,KZ,AK,F
9:32:59,MYOR,RG,2230,1,F,KZ,AK,F
9:32:34,MYOR,RG,2230,1,D,PD,AK,F
9:32:34,MYOR,RG,2230,9,D,PD,BK,F
9:32:34,MYOR,RG,2230,5,D,PD,CC,D
9:32:14,MYOR,RG,2230,1,D,XC,CC,D
9:31:49,MYOR,RG,2230,5,F,KZ,CC,D
9:31:44,MYOR,RG,2230,5,F,KZ,CC,D
9:31:39,MYOR,RG,2230,1,F,KZ,CC,D
9:31:39,MYOR,RG,2230,20,F,KZ,CC,D
9:31:36,MYOR,RG,2230,1,F,KZ,CC,D
9:31:34,MYOR,RG,2230,3,F,KZ,CC,D
9:31:34,MYOR,RG,2230,3,F,KZ,CC,D
9:31:34,MYOR,RG,2230,1,F,KZ,CC,D
9:31:34,MYOR,RG,2230,2,F,KZ,CC,D
9:31:34,MYOR,RG,2230,1,F,KZ,CC,D
9:31:33,MYOR,RG,2230,20,D,PD,CC,D
9:31:27,MYOR,RG,2230,1,D,NI,CC,D
9:31:06,MYOR,RG,2220,4,D,EP,YP,D
9:31:01,MYOR,RG,2230,2,D,XC,CC,D
9:30:51,MYOR,RG,2230,1,D,PD,CC,D
9:30:44,MYOR,RG,2220,2,D,EP,NI,D
9:30:43,MYOR,RG,2230,10,D,EP,CC,D
9:30:19,MYOR,RG,2230,2,F,KZ,CC,D
9:30:14,MYOR,RG,2230,1,F,KZ,CC,D
9:30:14,MYOR,RG,2230,1,F,KZ,CC,D
9:30:01,MYOR,RG,2230,1,D,PD,CC,D
9:29:57,MYOR,RG,2230,4,D,PD,CC,D
9:29:46,MYOR,RG,2230,9,D,EP,CC,D
9:29:46,MYOR,RG,2230,5,D,EP,PD,D
9:29:46,MYOR,RG,2230,5,D,EP,PD,D
9:29:46,MYOR,RG,2230,1,D,EP,AK,F
9:29:46,MYOR,RG,2230,5,D,EP,BK,F
9:29:15,MYOR,RG,2230,15,D,OD,BK,F
9:29:15,MYOR,RG,2230,10,D,OD,YP,D
9:28:50,MYOR,RG,2220,45,D,EP,PD,D
9:27:39,MYOR,RG,2220,8,D,EP,XC,D
9:27:18,MYOR,RG,2220,3,D,EP,PD,D
9:27:09,MYOR,RG,2220,15,D,EP,PD,D
9:26:53,MYOR,RG,2220,1,D,EP,PD,D
9:26:47,MYOR,RG,2220,17,D,EP,YP,D
9:26:20,MYOR,RG,2230,1,D,XC,YP,D
9:25:40,MYOR,RG,2230,1,D,PD,YP,D
9:25:28,MYOR,RG,2220,1,D,EP,PD,D
9:25:10,MYOR,RG,2220,1,D,EP,AK,F
9:25:10,MYOR,RG,2220,12,D,EP,BK,F
9:25:09,MYOR,RG,2220,5,D,EP,XC,D
9:25:09,MYOR,RG,2220,5,D,EP,AK,F
9:25:09,MYOR,RG,2220,23,D,EP,YP,D
9:25:07,MYOR,RG,2220,1,D,YU,YP,D
9:25:06,MYOR,RG,2220,2,F,KZ,YP,D
9:25:06,MYOR,RG,2220,1,D,YU,YP,D
9:25:05,MYOR,RG,2220,2,D,YU,YP,D
9:25:05,MYOR,RG,2220,3,D,YU,YP,D
9:25:04,MYOR,RG,2220,3,F,KZ,YP,D
9:25:04,MYOR,RG,2220,2,F,KZ,XA,D
9:25:04,MYOR,RG,2220,1,F,KZ,XC,D
9:25:04,MYOR,RG,2220,1,F,KZ,AK,F
9:25:04,MYOR,RG,2220,7,F,KZ,BK,F
9:25:04,MYOR,RG,2220,1,D,YU,BK,F
9:25:04,MYOR,RG,2220,2,D,NI,BK,F
9:25:02,MYOR,RG,2220,1,F,KZ,BK,F
9:25:02,MYOR,RG,2220,69,D,YU,BK,F
9:25:02,MYOR,RG,2220,1,D,YU,AK,F
9:25:02,MYOR,RG,2220,2,D,YU,PD,D
9:24:46,MYOR,RG,2210,3,D,HD,XC,D
9:24:46,MYOR,RG,2210,1,F,KZ,XC,D
9:24:46,MYOR,RG,2210,1,D,YP,XC,D
9:24:30,MYOR,RG,2220,2,D,DH,PD,D
9:24:19,MYOR,RG,2220,1,F,KZ,PD,D
9:24:18,MYOR,RG,2220,1,D,YP,PD,D
9:23:58,MYOR,RG,2220,1,D,NI,PD,D
9:23:27,MYOR,RG,2220,2,D,XC,PD,D
9:23:07,MYOR,RG,2220,1,F,KZ,PD,D
9:23:06,MYOR,RG,2220,2,D,XC,PD,D
9:22:35,MYOR,RG,2220,4,D,PD,PD,D
9:22:26,MYOR,RG,2220,12,F,KZ,PD,D
9:22:26,MYOR,RG,2220,1,D,CC,PD,D
9:22:14,MYOR,RG,2210,1,D,XC,PD,D
9:21:46,MYOR,RG,2210,4,D,XC,PD,D
9:21:46,MYOR,RG,2210,4,D,YP,PD,D
9:21:46,MYOR,RG,2210,9,D,PD,PD,D
9:21:46,MYOR,RG,2210,13,D,XC,PD,D
9:21:41,MYOR,RG,2210,1,D,XC,AK,F
9:21:41,MYOR,RG,2210,10,D,CC,AK,F
9:21:41,MYOR,RG,2210,1,D,XC,AK,F
9:21:41,MYOR,RG,2220,6,F,KZ,PD,D
9:21:41,MYOR,RG,2220,2,D,CC,PD,D
9:21:41,MYOR,RG,2220,29,F,KZ,PD,D
9:21:41,MYOR,RG,2220,2,D,CC,PD,D
9:21:41,MYOR,RG,2220,2,D,PD,PD,D
9:21:41,MYOR,RG,2220,1,D,XC,PD,D
9:21:41,MYOR,RG,2220,12,D,YU,PD,D
9:21:41,MYOR,RG,2220,1,D,PD,PD,D
9:21:41,MYOR,RG,2220,1,F,KZ,PD,D
9:21:41,MYOR,RG,2220,15,D,YU,PD,D
9:21:27,MYOR,RG,2230,1,D,DH,YP,D
9:21:21,MYOR,RG,2230,2,D,CC,YP,D
9:21:14,MYOR,RG,2230,21,F,KZ,YP,D
9:21:11,MYOR,RG,2220,1,D,YU,DH,D
9:21:06,MYOR,RG,2230,1,D,YP,YP,D
9:20:52,MYOR,RG,2220,7,D,YU,YP,D
9:20:44,MYOR,RG,2220,5,F,KZ,XC,D
9:20:44,MYOR,RG,2220,2,F,KZ,XC,D
9:20:44,MYOR,RG,2220,1,F,KZ,XC,D
9:20:44,MYOR,RG,2220,1,F,KZ,XC,D
9:20:44,MYOR,RG,2220,1,D,OD,XC,D
9:20:44,MYOR,RG,2220,1,D,XC,XC,D
9:20:44,MYOR,RG,2220,1,D,PD,XC,D
9:20:44,MYOR,RG,2220,1,D,YP,XC,D
9:20:44,MYOR,RG,2220,1,F,KZ,XC,D
9:20:44,MYOR,RG,2220,1,F,KZ,XC,D
9:20:44,MYOR,RG,2220,1,D,PD,XC,D
9:20:44,MYOR,RG,2220,1,F,KZ,XC,D
9:20:44,MYOR,RG,2220,2,D,YP,XC,D
9:20:44,MYOR,RG,2220,2,D,YP,XC,D
9:20:44,MYOR,RG,2220,1,D,YP,XC,D
9:20:44,MYOR,RG,2220,27,D,PD,XC,D
9:20:44,MYOR,RG,2220,10,D,AT,XC,D
9:20:44,MYOR,RG,2220,4,D,PD,XC,D
9:20:44,MYOR,RG,2220,10,D,PD,XC,D
9:20:44,MYOR,RG,2220,1,D,XC,XC,D
9:20:44,MYOR,RG,2220,5,D,PD,XC,D
9:20:44,MYOR,RG,2220,10,D,AT,XC,D
9:20:44,MYOR,RG,2220,11,D,RG,XC,D
9:20:39,MYOR,RG,2230,1,F,KZ,YP,D
9:20:09,MYOR,RG,2220,1,D,RG,XC,D
9:19:13,MYOR,RG,2220,2,D,RG,XC,D
9:19:13,MYOR,RG,2220,1,D,XC,XC,D
9:19:13,MYOR,RG,2220,10,D,PD,XC,D
9:19:13,MYOR,RG,2220,5,D,NI,XC,D
9:19:08,MYOR,RG,2220,5,D,NI,KK,D
9:19:08,MYOR,RG,2220,1,D,XC,KK,D
9:19:08,MYOR,RG,2220,1,D,XC,KK,D
9:19:08,MYOR,RG,2220,3,D,NI,KK,D
9:19:01,MYOR,RG,2220,2,D,NI,OD,D
9:18:46,MYOR,RG,2230,1,D,KK,YP,D
9:18:32,MYOR,RG,2220,1,D,PD,SQ,D
9:18:32,MYOR,RG,2220,2,D,XC,SQ,D
9:18:32,MYOR,RG,2220,7,F,KZ,SQ,D
9:18:32,MYOR,RG,2220,2,F,KZ,SQ,D
9:18:32,MYOR,RG,2220,10,D,OD,SQ,D
9:18:32,MYOR,RG,2220,16,F,KZ,SQ,D
9:18:32,MYOR,RG,2220,20,D,YP,SQ,D
9:18:31,MYOR,RG,2220,13,D,YP,NI,D
9:18:29,MYOR,RG,2220,9,D,YP,AK,F
9:18:28,MYOR,RG,2220,50,D,YP,DH,D
9:18:26,MYOR,RG,2230,11,D,YP,YP,D
9:18:26,MYOR,RG,2230,64,D,YP,CC,D
9:18:24,MYOR,RG,2220,8,D,YP,GR,D
9:18:24,MYOR,RG,2220,3,D,SQ,GR,D
9:18:24,MYOR,RG,2220,1,D,DH,GR,D
9:18:24,MYOR,RG,2220,10,D,CC,GR,D
9:18:24,MYOR,RG,2220,2,D,KK,GR,D
9:18:24,MYOR,RG,2220,1,D,PD,GR,D
9:18:24,MYOR,RG,2220,1,D,XC,GR,D
9:18:24,MYOR,RG,2220,24,D,YU,GR,D
9:18:17,MYOR,RG,2230,1,D,XC,CC,D
9:18:14,MYOR,RG,2230,2,D,PD,CC,D
9:17:44,MYOR,RG,2230,1,D,XC,CC,D
9:17:36,MYOR,RG,2230,4,D,XC,CC,D
9:17:30,MYOR,RG,2230,2,D,YP,CC,D
9:17:29,MYOR,RG,2230,26,D,CC,CC,D
9:17:29,MYOR,RG,2230,2,D,CC,GR,D
9:17:29,MYOR,RG,2230,12,D,CC,YP,D
9:17:29,MYOR,RG,2230,1,D,CC,AK,F
9:17:29,MYOR,RG,2230,4,D,CC,AK,F
9:17:29,MYOR,RG,2230,1,D,CC,BK,F
9:17:15,MYOR,RG,2230,2,D,PD,BK,F
9:16:40,MYOR,RG,2230,5,D,XC,BK,F
9:16:25,MYOR,RG,2230,2,D,XC,BK,F
9:16:25,MYOR,RG,2230,2,D,XC,ZP,D
9:16:22,MYOR,RG,2230,1,D,XC,ZP,D
9:16:12,MYOR,RG,2230,3,D,CC,ZP,D
9:16:12,MYOR,RG,2230,1,D,NI,ZP,D
9:15:33,MYOR,RG,2230,6,D,XC,ZP,D
9:14:44,MYOR,RG,2230,6,F,KZ,ZP,D
9:14:32,MYOR,RG,2230,2,D,PD,ZP,D
9:14:24,MYOR,RG,2230,1,F,KZ,ZP,D
9:14:18,MYOR,RG,2230,5,D,BQ,ZP,D
9:14:01,MYOR,RG,2230,32,D,XC,ZP,D
9:13:44,MYOR,RG,2230,1,F,KZ,ZP,D
9:13:19,MYOR,RG,2230,5,D,XC,ZP,D
9:12:59,MYOR,RG,2230,2,D,PD,ZP,D
9:12:59,MYOR,RG,2230,1,F,KZ,ZP,D
9:12:47,MYOR,RG,2230,1,D,YP,ZP,D
9:12:33,MYOR,RG,2230,5,D,DR,ZP,D
9:12:33,MYOR,RG,2230,1,F,KZ,ZP,D
9:12:33,MYOR,RG,2230,1,F,KZ,ZP,D
9:12:33,MYOR,RG,2230,1,F,KZ,ZP,D
9:12:33,MYOR,RG,2230,1,D,KK,ZP,D
9:12:22,MYOR,RG,2230,1,D,KK,AK,F
9:12:18,MYOR,RG,2230,1,D,PD,BK,F
9:12:15,MYOR,RG,2230,8,D,TF,BK,F
9:12:15,MYOR,RG,2230,1,D,TF,NI,D
9:12:15,MYOR,RG,2230,1,D,TF,PD,D
9:12:14,MYOR,RG,2230,1,F,KZ,PD,D
9:12:07,MYOR,RG,2230,1,D,CC,AK,F
9:12:05,MYOR,RG,2230,1,D,XC,BK,F
9:11:59,MYOR,RG,2230,3,F,KZ,BK,F
9:11:54,MYOR,RG,2230,4,F,KZ,BK,F
9:11:53,MYOR,RG,2230,20,D,NI,BK,F
9:11:29,MYOR,RG,2230,2,F,KZ,BK,F
9:11:29,MYOR,RG,2230,1,F,KZ,AK,F
9:11:29,MYOR,RG,2230,6,F,KZ,CC,D
9:11:26,MYOR,RG,2220,2,D,YU,XC,D
9:11:02,MYOR,RG,2220,5,D,YU,YP,D
9:10:23,MYOR,RG,2220,15,D,YU,YP,D
9:10:13,MYOR,RG,2230,10,D,XC,CC,D
9:10:02,MYOR,RG,2220,4,D,YU,AK,F
9:10:02,MYOR,RG,2220,1,D,CC,AK,F
9:10:02,MYOR,RG,2220,1,D,XC,AK,F
9:10:02,MYOR,RG,2220,1,D,XC,AK,F
9:10:01,MYOR,RG,2230,22,F,KZ,CC,D
9:10:00,MYOR,RG,2230,1,D,XA,CC,D
9:10:00,MYOR,RG,2230,3,D,PD,CC,D
9:10:00,MYOR,RG,2230,3,F,KZ,CC,D
9:10:00,MYOR,RG,2230,4,D,EP,CC,D
9:10:00,MYOR,RG,2230,1,D,AT,CC,D
9:10:00,MYOR,RG,2230,1,D,XC,CC,D
9:10:00,MYOR,RG,2230,10,D,CC,CC,D
9:10:00,MYOR,RG,2230,1,D,YP,CC,D
9:10:00,MYOR,RG,2230,5,D,NI,CC,D
9:10:00,MYOR,RG,2230,2,F,KZ,CC,D
9:10:00,MYOR,RG,2230,1,F,KZ,CC,D
9:10:00,MYOR,RG,2230,130,D,YU,CC,D
9:09:39,MYOR,RG,2230,20,D,YU,OD,D
9:08:26,MYOR,RG,2230,1,D,NI,XC,D
9:08:26,MYOR,RG,2230,1,D,NI,PD,D
9:08:26,MYOR,RG,2230,1,D,NI,PD,D
9:08:26,MYOR,RG,2230,1,D,NI,AK,F
9:08:26,MYOR,RG,2230,1,D,NI,BK,F
9:08:13,MYOR,RG,2230,1,D,YP,BK,F
9:08:06,MYOR,RG,2230,8,D,CC,BK,F
9:08:06,MYOR,RG,2230,2,D,CC,YP,D
9:07:58,MYOR,RG,2230,1,D,DH,YP,D
9:07:54,MYOR,RG,2230,1,F,KZ,YP,D
9:07:54,MYOR,RG,2230,4,F,KZ,XC,D
9:07:32,MYOR,RG,2230,1,F,KZ,XC,D
9:07:31,MYOR,RG,2240,5,D,CC,EP,D
9:07:31,MYOR,RG,2240,2,D,CC,PD,D
9:07:31,MYOR,RG,2240,2,D,CC,CC,D
9:07:31,MYOR,RG,2240,1,D,CC,AK,F
9:07:30,MYOR,RG,2230,3,F,KZ,YP,D
9:07:29,MYOR,RG,2230,3,F,KZ,AK,F
9:07:28,MYOR,RG,2230,7,F,KZ,YP,D
9:07:28,MYOR,RG,2230,2,F,KZ,YP,D
9:07:28,MYOR,RG,2230,10,D,XC,YP,D
9:07:28,MYOR,RG,2230,6,D,DH,YP,D
9:07:21,MYOR,RG,2230,10,D,DH,PD,D
9:07:19,MYOR,RG,2240,5,D,NI,CC,D
9:07:19,MYOR,RG,2240,10,D,NI,PD,D
9:07:19,MYOR,RG,2240,21,D,NI,NI,D
9:07:17,MYOR,RG,2230,2,D,DH,AK,F
9:07:16,MYOR,RG,2230,27,D,DH,YP,D
9:07:16,MYOR,RG,2230,1,D,OD,YP,D
9:07:16,MYOR,RG,2230,1,D,BQ,YP,D
9:07:16,MYOR,RG,2230,1,D,DR,YP,D
9:07:16,MYOR,RG,2230,3,D,PD,YP,D
9:07:16,MYOR,RG,2230,11,D,XC,YP,D
9:07:16,MYOR,RG,2230,6,F,KZ,YP,D
9:06:32,MYOR,RG,2230,1,F,KZ,PD,D
9:06:11,MYOR,RG,2230,1,F,KZ,YP,D
9:06:04,MYOR,RG,2230,1,F,KZ,XC,D
9:05:34,MYOR,RG,2230,1,D,NI,YP,D
9:05:34,MYOR,RG,2230,1,D,NI,XC,D
9:05:34,MYOR,RG,2230,1,D,NI,AK,F
9:05:34,MYOR,RG,2230,3,D,NI,BK,F
9:05:29,MYOR,RG,2230,7,D,PD,BK,F
9:05:12,MYOR,RG,2230,2,D,PD,PD,D
9:04:56,MYOR,RG,2220,2,D,PD,PD,D
9:04:52,MYOR,RG,2220,12,D,PD,YP,D
9:04:32,MYOR,RG,2220,2,D,PD,AK,F
9:04:31,MYOR,RG,2220,4,D,PD,YP,D
9:04:31,MYOR,RG,2220,1,D,YP,YP,D
9:04:31,MYOR,RG,2220,2,F,KZ,YP,D
9:04:31,MYOR,RG,2220,1,D,PD,YP,D
9:04:31,MYOR,RG,2220,10,D,NI,YP,D
9:04:31,MYOR,RG,2220,10,D,YP,YP,D
9:04:31,MYOR,RG,2220,10,D,CP,YP,D
9:04:31,MYOR,RG,2220,2,D,XC,YP,D
9:04:31,MYOR,RG,2220,1,D,YP,YP,D
9:04:31,MYOR,RG,2230,1,D,XC,YP,D
9:04:31,MYOR,RG,2230,2,D,KK,YP,D
9:03:55,MYOR,RG,2230,1,F,AK,AK,F
9:03:55,MYOR,RG,2230,1,F,AK,AK,F
9:03:55,MYOR,RG,2230,40,F,AK,YP,D
9:03:28,MYOR,RG,2230,1,D,XC,YP,D
9:03:24,MYOR,RG,2230,9,D,YP,YP,D
9:03:10,MYOR,RG,2230,1,D,YP,NI,D
9:02:35,MYOR,RG,2220,6,D,YP,XC,D
9:02:21,MYOR,RG,2220,2,D,YP,AK,F
9:02:20,MYOR,RG,2220,35,D,YP,DR,D
9:02:15,MYOR,RG,2220,1,D,YP,AK,F
9:02:14,MYOR,RG,2230,14,D,NI,BK,F
9:02:14,MYOR,RG,2230,13,D,NI,KK,D
9:02:00,MYOR,RG,2230,2,D,YP,KK,D
9:02:00,MYOR,RG,2230,1,D,XC,KK,D
9:02:00,MYOR,RG,2230,9,F,KZ,KK,D
9:01:52,MYOR,RG,2230,5,F,KZ,DH,D
9:01:39,MYOR,RG,2230,25,F,KZ,YP,D
9:01:34,MYOR,RG,2230,39,F,KZ,NI,D
9:01:34,MYOR,RG,2230,26,D,NI,NI,D
9:01:14,MYOR,RG,2230,10,D,NI,EP,D
9:01:13,MYOR,RG,2230,5,D,NI,YP,D
9:01:07,MYOR,RG,2230,1,D,NI,NI,D
9:00:51,MYOR,RG,2230,8,D,NI,CC,D
9:00:38,MYOR,RG,2220,7,D,YP,KK,D
9:00:38,MYOR,RG,2220,1,D,YP,KK,D
9:00:38,MYOR,RG,2220,1,D,YP,KK,D
9:00:30,MYOR,RG,2230,2,F,KZ,CC,F
9:00:27,MYOR,RG,2230,8,F,KZ,CC,F
9:00:23,MYOR,RG,2220,18,D,YP,CC,D
9:00:23,MYOR,RG,2230,10,D,CC,CC,F
9:00:22,MYOR,RG,2230,1,D,XC,CC,F
9:00:22,MYOR,RG,2220,2,D,YP,XC,D
9:00:22,MYOR,RG,2230,43,F,KZ,CC,F
9:00:22,MYOR,RG,2230,22,F,KZ,CC,D
9:00:22,MYOR,RG,2220,7,D,YP,XC,D
9:00:20,MYOR,RG,2220,19,D,YP,PD,D
9:00:18,MYOR,RG,2210,11,F,KZ,PD,D
9:00:17,MYOR,RG,2200,200,D,PD,PD,D
9:00:14,MYOR,RG,2200,22,D,PD,CC,D
9:00:14,MYOR,RG,2200,10,D,PD,XA,D
9:00:13,MYOR,RG,2200,21,D,PD,PD,D
9:00:13,MYOR,RG,2220,1,D,PD,PD,D
9:00:13,MYOR,RG,2200,12,D,PD,PD,D
9:00:13,MYOR,RG,2200,2,D,XC,PD,D
9:00:13,MYOR,RG,2200,20,D,XC,PD,D
9:00:13,MYOR,RG,2200,10,D,PD,PD,D
9:00:13,MYOR,RG,2200,4,D,PD,PD,D
9:00:13,MYOR,RG,2200,2,D,BQ,PD,D
9:00:12,MYOR,RG,2200,3,D,BQ,GR,D
9:00:12,MYOR,RG,2200,8,D,DH,GR,D
9:00:12,MYOR,RG,2200,2,D,PD,GR,D
9:00:12,MYOR,RG,2200,1,D,PD,GR,D
9:00:12,MYOR,RG,2200,2,D,PD,GR,D
9:00:12,MYOR,RG,2200,1,D,PD,GR,D
9:00:12,MYOR,RG,2200,3,D,XC,GR,D
9:00:12,MYOR,RG,2200,1,D,XC,GR,D
9:00:12,MYOR,RG,2200,8,D,XC,GR,D
9:00:12,MYOR,RG,2200,10,D,KK,GR,D
9:00:12,MYOR,RG,2200,5,D,PD,GR,D
9:00:12,MYOR,RG,2200,10,D,XC,GR,D
9:00:12,MYOR,RG,2200,1,D,PD,GR,D
9:00:12,MYOR,RG,2200,1,D,PD,GR,D
9:00:12,MYOR,RG,2200,18,D,XC,GR,D
9:00:12,MYOR,RG,2210,4,D,PD,GR,D
9:00:12,MYOR,RG,2230,1,F,KZ,GR,D
9:00:12,MYOR,RG,2230,2,D,DH,GR,D
9:00:12,MYOR,RG,2240,9,F,KZ,GR,D
9:00:12,MYOR,RG,2240,5,F,KZ,PD,D
9:00:12,MYOR,RG,2240,20,F,KZ,GR,D
9:00:11,MYOR,RG,2240,1,F,KZ,PD,D
9:00:10,MYOR,RG,2240,2,F,KZ,PD,D
9:00:09,MYOR,RG,2240,1,F,KZ,PD,D
9:00:09,MYOR,RG,2240,33,F,KZ,CC,D
9:00:09,MYOR,RG,2200,2,D,XC,XC,D
9:00:09,MYOR,RG,2200,5,D,KK,XC,D
9:00:09,MYOR,RG,2200,1,D,XC,XC,D
9:00:09,MYOR,RG,2200,1,D,XC,XC,D
9:00:09,MYOR,RG,2200,2,F,KZ,XC,D
9:00:09,MYOR,RG,2200,1,D,XC,XC,D
9:00:09,MYOR,RG,2200,2,D,XC,XC,D
9:00:09,MYOR,RG,2200,5,D,XC,XC,D
9:00:09,MYOR,RG,2200,2,D,XC,XC,D
9:00:09,MYOR,RG,2200,1,D,XC,XC,D
9:00:09,MYOR,RG,2200,4,D,XC,XC,D
9:00:09,MYOR,RG,2200,2,D,PD,XC,D
9:00:09,MYOR,RG,2200,6,D,XC,XC,D
9:00:09,MYOR,RG,2200,2,D,PD,XC,D
9:00:09,MYOR,RG,2200,1,D,PD,XC,D
9:00:09,MYOR,RG,2200,1,D,PD,XC,D
9:00:09,MYOR,RG,2210,18,D,KK,XC,D
9:00:09,MYOR,RG,2210,14,D,KK,XC,D
9:00:09,MYOR,RG,2230,10,D,XC,XC,D
9:00:09,MYOR,RG,2230,8,D,PD,XC,D
9:00:09,MYOR,RG,2230,1,D,PD,XC,D
9:00:08,MYOR,RG,2240,6,D,PD,CC,D
9:00:07,MYOR,RG,2230,1,D,PD,PD,D
9:00:07,MYOR,RG,2210,46,D,KK,KK,D
9:00:07,MYOR,RG,2230,1,D,PD,XC,D
9:00:06,MYOR,RG,2210,4,D,KK,PD,D
9:00:06,MYOR,RG,2210,1,D,KK,PD,D
9:00:06,MYOR,RG,2210,5,D,KK,HP,D
9:00:05,MYOR,RG,2200,3,D,PD,HP,D
9:00:05,MYOR,RG,2200,2,D,PD,PD,D
9:00:05,MYOR,RG,2200,2,D,PD,PD,D
9:00:05,MYOR,RG,2200,1,D,PD,PD,D
9:00:05,MYOR,RG,2210,1,D,PD,HP,D
9:00:05,MYOR,RG,2210,1,D,PD,HP,D
9:00:05,MYOR,RG,2210,1,D,PD,HP,D
9:00:05,MYOR,RG,2200,3,D,KK,PD,D
9:00:05,MYOR,RG,2200,22,D,KK,KK,D
9:00:04,MYOR,RG,2200,3,D,EP,KK,D
9:00:04,MYOR,RG,2200,1,D,PD,KK,D
9:00:04,MYOR,RG,2200,2,D,PD,KK,D
9:00:04,MYOR,RG,2200,2,D,XC,KK,D
9:00:04,MYOR,RG,2200,1,D,GR,KK,D
9:00:04,MYOR,RG,2200,2,D,PD,KK,D
9:00:03,MYOR,RG,2200,28,D,PD,KK,D
9:00:03,MYOR,RG,2180,2,D,PD,HP,D
9:00:03,MYOR,RG,2180,5,D,PD,HP,D
9:00:03,MYOR,RG,2180,3,F,CS,HP,D
9:00:03,MYOR,RG,2180,5,D,HD,HP,D
9:00:03,MYOR,RG,2190,10,D,XC,HP,D
9:00:03,MYOR,RG,2200,1,D,PD,KK,D
9:00:03,MYOR,RG,2200,2,D,XC,KK,D
9:00:02,MYOR,RG,2200,7,D,CC,KK,D
9:00:02,MYOR,RG,2190,10,D,CC,AT,D
9:00:02,MYOR,RG,2200,10,D,CC,KK,D
9:00:02,MYOR,RG,2200,6,D,XC,KK,D
9:00:02,MYOR,RG,2200,45,D,AT,KK,D
9:00:02,MYOR,RG,2200,1,D,XC,KK,D
9:00:02,MYOR,RG,2200,1,D,AT,KK,D
9:00:02,MYOR,RG,2200,3,D,XC,KK,D
9:00:02,MYOR,RG,2200,5,D,DH,KK,D
9:00:02,MYOR,RG,2200,1,D,YU,KK,D
9:00:02,MYOR,RG,2200,7,D,EP,KK,D
9:00:01,MYOR,RG,2210,10,D,DH,HP,D
9:00:01,MYOR,RG,2190,16,D,EP,HP,D
9:00:01,MYOR,RG,2200,3,D,XC,HP,D
9:00:01,MYOR,RG,2200,6,D,TP,HP,D
9:00:01,MYOR,RG,2210,7,D,AZ,HP,D
9:00:01,MYOR,RG,2210,25,D,GI,HP,D
9:00:00,MYOR,RG,2210,25,D,GI,XC,D