Time,Stock,Brd,Price,Qty,BT,BC,SC,ST
15:11:37,MYOR,RG,2270,2,D,CC,CC,D
15:11:37,MYOR,RG,2270,4,F,CS,CC,D
15:11:37,MYOR,RG,2270,1,F,CS,CC,D
15:11:37,MYOR,RG,2270,2,D,XC,CC,D
15:11:37,MYOR,RG,2270,5,F,CS,CC,D
15:11:37,MYOR,RG,2270,6,D,PD,CC,D
15:09:50,MYOR,RG,2270,4,D,PD,ZR,D
15:09:50,MYOR,RG,2270,35,F,CS,ZR,D
15:08:51,MYOR,RG,2270,3,F,CS,XC,D
15:08:05,MYOR,RG,2270,3,F,CS,KK,D
15:07:44,MYOR,RG,2270,3,F,CS,PD,D
15:07:33,MYOR,RG,2270,40,F,CS,NI,D
15:07:33,MYOR,RG,2270,10,F,CS,NI,D
15:06:13,MYOR,RG,2270,3,F,CS,SQ,D
15:06:13,MYOR,RG,2270,1,F,CS,YP,D
15:06:13,MYOR,RG,2270,25,F,CS,PD,D
15:06:13,MYOR,RG,2270,4,F,CS,SQ,D
15:06:13,MYOR,RG,2270,28,F,CS,CC,D
15:06:13,MYOR,RG,2270,775,F,CS,CC,D
15:06:06,MYOR,RG,2270,100,F,CS,CC,D
15:06:01,MYOR,RG,2270,125,F,CS,CC,D
15:06:01,MYOR,RG,2270,7,F,CS,IH,D
15:06:01,MYOR,RG,2270,2,F,CS,CC,D
15:06:01,MYOR,RG,2270,3,F,CS,PD,D
15:06:01,MYOR,RG,2270,5,F,CS,PD,D
15:06:01,MYOR,RG,2270,10,F,CS,CC,D
15:06:01,MYOR,RG,2270,500,F,CS,CC,D
15:06:01,MYOR,RG,2270,259,F,CS,CC,D
15:06:01,MYOR,RG,2270,89,F,CS,CC,D
15:05:26,MYOR,RG,2270,1,D,YP,CC,D
15:05:03,MYOR,RG,2270,3,F,CS,CC,D
15:05:01,MYOR,RG,2270,3,D,XC,CC,D
15:05:00,MYOR,RG,2270,20,D,KK,CC,D
15:00:00,MYOR,RG,2270,1,D,YP,CC,D
15:00:00,MYOR,RG,2270,83,F,CS,CC,D
15:00:00,MYOR,RG,2270,100,F,CS,CC,D
15:00:00,MYOR,RG,2270,259,F,CS,CC,D
15:00:00,MYOR,RG,2270,500,F,CS,CC,D
15:00:00,MYOR,RG,2270,10,F,CS,PD,D
15:00:00,MYOR,RG,2270,2,F,CS,DR,D
15:00:00,MYOR,RG,2270,1,F,CS,PD,D
15:00:00,MYOR,RG,2270,45,F,CS,CC,D
15:00:00,MYOR,RG,2270,5,D,CC,CC,D
15:00:00,MYOR,RG,2270,60,D,NI,CC,D
15:00:00,MYOR,RG,2270,1,D,EP,CC,D
15:00:00,MYOR,RG,2270,4,D,XC,CC,D
15:00:00,MYOR,RG,2270,1,D,PD,CC,D
15:00:00,MYOR,RG,2270,1,D,XC,CC,D
15:00:00,MYOR,RG,2270,1,D,YP,CC,D
15:00:00,MYOR,RG,2270,13,D,PD,CC,D
15:00:00,MYOR,RG,2270,10,D,CC,CC,D
15:00:00,MYOR,RG,2270,20,D,CC,CC,D
15:00:00,MYOR,RG,2270,2,D,PD,CC,D
15:00:00,MYOR,RG,2270,24,F,AK,CC,D
15:00:00,MYOR,RG,2270,154,F,CS,CC,D
15:00:00,MYOR,RG,2270,49,F,CS,CC,D
15:00:00,MYOR,RG,2270,1,F,CS,CC,D
15:00:00,MYOR,RG,2270,1,F,CS,OD,D
15:00:00,MYOR,RG,2270,54,F,CS,BK,F
15:00:00,MYOR,RG,2270,40,F,CS,BK,F
15:00:00,MYOR,RG,2270,6,F,CS,BK,F
15:00:00,MYOR,RG,2270,9,F,CS,BK,F
15:00:00,MYOR,RG,2270,2,F,CS,BK,F
15:00:00,MYOR,RG,2270,14,F,CS,BK,F
15:00:00,MYOR,RG,2270,3,F,CS,BK,F
15:00:00,MYOR,RG,2270,23,F,CS,BK,F
15:00:00,MYOR,RG,2270,6,F,CS,BK,F
15:00:00,MYOR,RG,2270,13,F,CS,BK,F
15:00:00,MYOR,RG,2270,1,F,CS,AK,F
15:00:00,MYOR,RG,2270,2,F,CS,AK,F
14:49:45,MYOR,RG,2270,5,D,KK,CC,D
14:49:31,MYOR,RG,2260,3,D,YP,BK,F
14:49:29,MYOR,RG,2260,4,D,YP,XA,D
14:49:29,MYOR,RG,2260,1,D,YP,XA,D
14:49:12,MYOR,RG,2270,1,D,XC,CC,D
14:49:02,MYOR,RG,2260,1,D,YP,BK,F
14:49:02,MYOR,RG,2260,9,D,KK,BK,F
14:49:01,MYOR,RG,2270,45,F,CS,CC,D
14:49:01,MYOR,RG,2270,2,F,CS,PD,D
14:49:01,MYOR,RG,2270,43,F,CS,CC,D
14:48:57,MYOR,RG,2260,1,D,KK,BK,F
14:48:57,MYOR,RG,2260,1,D,YP,BK,F
14:48:57,MYOR,RG,2260,1,D,XC,BK,F
14:48:48,MYOR,RG,2270,100,D,NI,CC,D
14:47:58,MYOR,RG,2260,3,D,DR,BK,F
14:47:58,MYOR,RG,2260,1,D,NI,BK,F
14:47:58,MYOR,RG,2260,1,D,NI,BK,F
14:47:58,MYOR,RG,2260,5,D,CC,BK,F
14:47:56,MYOR,RG,2270,8,F,AK,CC,D
14:47:45,MYOR,RG,2260,1,D,CC,BK,F
14:47:45,MYOR,RG,2260,1,D,XC,BK,F
14:47:45,MYOR,RG,2260,5,D,PD,BK,F
14:47:45,MYOR,RG,2260,2,D,YP,BK,F
14:47:40,MYOR,RG,2270,81,D,BK,CC,D
14:47:34,MYOR,RG,2260,1,D,BK,PD,D
14:47:26,MYOR,RG,2260,1,D,BK,XC,D
14:47:25,MYOR,RG,2260,9,D,BK,BK,F
14:47:24,MYOR,RG,2270,9,D,BK,CC,D
14:47:21,MYOR,RG,2270,59,F,CS,CC,D
14:47:21,MYOR,RG,2270,93,F,CS,CC,D
14:47:11,MYOR,RG,2260,2,D,BK,BK,F
14:47:04,MYOR,RG,2270,11,D,BK,CC,D
14:46:59,MYOR,RG,2260,1,D,BK,GR,D
14:46:58,MYOR,RG,2270,1,D,XC,CC,D
14:46:57,MYOR,RG,2260,2,D,BK,BK,F
14:46:54,MYOR,RG,2270,9,D,BK,CC,D
14:46:44,MYOR,RG,2270,11,D,BK,CC,D
14:46:32,MYOR,RG,2270,9,D,BK,CC,D
14:46:28,MYOR,RG,2270,11,D,BK,CC,D
14:46:10,MYOR,RG,2260,7,D,BK,BK,F
14:46:09,MYOR,RG,2270,81,D,BK,CC,D
14:46:06,MYOR,RG,2260,26,D,BK,BK,F
14:46:06,MYOR,RG,2260,1,D,NI,BK,F
14:46:06,MYOR,RG,2260,2,D,CC,BK,F
14:46:06,MYOR,RG,2260,3,D,NI,BK,F
14:46:06,MYOR,RG,2260,3,D,LG,BK,F
14:46:06,MYOR,RG,2260,44,D,YP,BK,F
14:46:06,MYOR,RG,2260,10,D,YU,BK,F
14:46:06,MYOR,RG,2260,5,D,KK,BK,F
14:46:06,MYOR,RG,2260,10,D,PD,BK,F
14:46:06,MYOR,RG,2260,4,D,XC,BK,F
14:46:06,MYOR,RG,2260,3,D,YU,BK,F
14:46:06,MYOR,RG,2260,2,F,CC,BK,F
14:46:06,MYOR,RG,2260,1,D,XC,BK,F
14:46:06,MYOR,RG,2260,5,D,GR,BK,F
14:46:05,MYOR,RG,2260,5,D,GR,DH,D
14:46:04,MYOR,RG,2260,7,D,XC,SQ,D
14:46:04,MYOR,RG,2260,50,D,NI,SQ,D
14:46:04,MYOR,RG,2260,6,D,XC,SQ,D
14:46:04,MYOR,RG,2260,61,D,XC,SQ,D
14:46:04,MYOR,RG,2260,10,D,PD,SQ,D
14:46:04,MYOR,RG,2260,4,D,YP,SQ,D
14:46:04,MYOR,RG,2260,5,D,XC,SQ,D
14:46:04,MYOR,RG,2260,1,D,XC,SQ,D
14:46:04,MYOR,RG,2260,4,D,YP,SQ,D
14:46:04,MYOR,RG,2260,10,D,YP,SQ,D
14:46:04,MYOR,RG,2260,1,D,XC,SQ,D
14:46:04,MYOR,RG,2260,5,D,CC,SQ,D
14:46:04,MYOR,RG,2260,1,D,XC,SQ,D
14:46:04,MYOR,RG,2260,2,D,AN,SQ,D
14:46:04,MYOR,RG,2260,500,D,BK,SQ,D
14:46:04,MYOR,RG,2260,2,D,CC,SQ,D
14:46:04,MYOR,RG,2260,1,D,YP,SQ,D
14:46:04,MYOR,RG,2260,4,D,XC,SQ,D
14:46:04,MYOR,RG,2260,1,D,PD,SQ,D
14:46:04,MYOR,RG,2260,1,D,NI,SQ,D
14:46:04,MYOR,RG,2260,200,D,YP,SQ,D
14:46:04,MYOR,RG,2260,5,D,DR,SQ,D
14:46:04,MYOR,RG,2260,10,D,CC,SQ,D
14:46:04,MYOR,RG,2260,9,D,YP,SQ,D
14:45:57,MYOR,RG,2270,2,D,YP,CC,D
14:45:42,MYOR,RG,2270,11,D,BK,CC,D
14:45:40,MYOR,RG,2270,64,D,BK,CC,D
14:45:40,MYOR,RG,2270,44,F,CS,CC,D
14:45:40,MYOR,RG,2270,14,F,CS,CC,D
14:45:40,MYOR,RG,2270,22,F,CS,CC,D
14:45:40,MYOR,RG,2270,40,F,CS,CC,D
14:45:39,MYOR,RG,2270,20,F,CS,CC,D
14:45:29,MYOR,RG,2270,11,D,BK,CC,D
14:45:27,MYOR,RG,2270,46,D,BK,CC,D
14:45:27,MYOR,RG,2270,53,D,BK,BK,F
14:45:25,MYOR,RG,2260,210,D,YP,SQ,D
14:45:21,MYOR,RG,2270,13,D,BK,BK,F
14:45:21,MYOR,RG,2270,4,D,BK,BK,F
14:45:21,MYOR,RG,2270,2,D,PD,BK,F
14:44:48,MYOR,RG,2270,11,D,BK,BK,F
14:44:30,MYOR,RG,2260,2,D,YP,AK,F
14:44:05,MYOR,RG,2270,21,D,BK,BK,F
14:43:44,MYOR,RG,2270,7,D,BK,BK,F
14:43:44,MYOR,RG,2270,5,D,BK,CP,D
14:43:43,MYOR,RG,2270,27,D,NI,CP,D
14:43:42,MYOR,RG,2270,19,D,BK,CP,D
14:42:56,MYOR,RG,2270,49,D,LS,CP,D
14:42:56,MYOR,RG,2270,1,D,LS,CC,D
14:42:43,MYOR,RG,2260,2,D,YP,NI,D
14:40:48,MYOR,RG,2260,1,D,YP,PD,D
14:40:48,MYOR,RG,2260,1,D,CC,PD,D
14:39:48,MYOR,RG,2270,5,D,XC,CC,D
14:39:42,MYOR,RG,2260,54,D,CC,SQ,D
14:39:42,MYOR,RG,2260,50,D,CC,SQ,D
14:39:42,MYOR,RG,2260,10,D,CC,SQ,D
14:39:42,MYOR,RG,2260,1,D,YP,SQ,D
14:39:42,MYOR,RG,2260,65,D,BK,SQ,D
14:39:42,MYOR,RG,2260,50,D,OD,SQ,D
14:39:42,MYOR,RG,2260,1,D,AT,SQ,D
14:39:42,MYOR,RG,2260,10,D,YP,SQ,D
14:39:42,MYOR,RG,2260,59,D,BK,SQ,D
14:39:39,MYOR,RG,2270,9,D,PD,CC,D
14:38:42,MYOR,RG,2270,1,D,EP,CC,D
14:38:39,MYOR,RG,2260,2,D,BK,PD,D
14:38:22,MYOR,RG,2270,5,D,PD,CC,D
14:38:17,MYOR,RG,2270,79,F,AK,CC,D
14:38:17,MYOR,RG,2270,10,F,AK,CC,D
14:38:17,MYOR,RG,2270,100,F,AK,SQ,D
14:38:17,MYOR,RG,2270,1,F,AK,AK,F
14:38:17,MYOR,RG,2270,1,F,AK,XC,D
14:38:17,MYOR,RG,2270,48,F,AK,EP,D
14:37:44,MYOR,RG,2270,5,D,YP,EP,D
14:37:24,MYOR,RG,2260,10,D,BK,XC,D
14:37:23,MYOR,RG,2260,10,D,BK,NI,D
14:37:00,MYOR,RG,2260,3,D,BK,SQ,D
14:36:57,MYOR,RG,2270,4,D,DR,EP,D
14:36:36,MYOR,RG,2260,6,D,BK,PD,D
14:35:16,MYOR,RG,2260,3,D,BK,CC,D
14:34:30,MYOR,RG,2260,100,D,BK,SQ,D
14:34:11,MYOR,RG,2270,15,D,PD,EP,D
14:33:00,MYOR,RG,2270,14,D,BK,EP,D
14:32:58,MYOR,RG,2270,14,D,YP,EP,D
14:32:58,MYOR,RG,2270,1,D,YP,BK,F
14:32:52,MYOR,RG,2270,5,D,GR,BK,F
14:32:21,MYOR,RG,2270,5,D,PD,BK,F
14:31:38,MYOR,RG,2270,6,D,BK,BK,F
14:31:38,MYOR,RG,2270,5,D,BK,CC,D
14:31:34,MYOR,RG,2260,3,D,BK,CC,D
14:31:34,MYOR,RG,2260,5,D,CC,CC,D
14:31:34,MYOR,RG,2260,3,D,PD,CC,D
14:31:34,MYOR,RG,2260,10,D,PD,CC,D
14:31:34,MYOR,RG,2260,2,D,PD,CC,D
14:31:34,MYOR,RG,2260,1,D,YP,CC,D
14:31:34,MYOR,RG,2260,26,D,PD,CC,D
14:31:17,MYOR,RG,2270,4,D,PD,CC,D
14:30:54,MYOR,RG,2270,17,D,BK,CC,D
14:30:53,MYOR,RG,2270,1,D,XC,CC,D
14:30:37,MYOR,RG,2270,84,D,BK,CC,D
14:30:36,MYOR,RG,2270,2,F,CS,CC,D
14:30:36,MYOR,RG,2270,37,F,CS,CC,D
14:30:36,MYOR,RG,2270,32,F,CS,CC,D
14:30:36,MYOR,RG,2270,14,F,CS,CC,D
14:30:36,MYOR,RG,2270,43,F,CS,CC,D
14:30:36,MYOR,RG,2270,12,F,CS,CC,D
14:30:36,MYOR,RG,2270,17,F,CS,CC,D
14:30:36,MYOR,RG,2270,5,F,CS,CC,D
14:30:36,MYOR,RG,2270,6,F,CS,CC,D
14:30:36,MYOR,RG,2270,7,F,CS,CC,D
14:30:36,MYOR,RG,2270,2,F,CS,CC,D
14:30:36,MYOR,RG,2270,13,F,CS,CC,D
14:29:13,MYOR,RG,2270,10,D,BK,CC,D
14:29:11,MYOR,RG,2270,11,D,BK,CC,D
14:29:06,MYOR,RG,2260,50,D,PD,OD,D
14:28:32,MYOR,RG,2270,2,D,XC,CC,D
14:27:38,MYOR,RG,2270,1,D,XC,CC,D
14:27:05,MYOR,RG,2270,17,D,BK,CC,D
14:27:00,MYOR,RG,2270,50,D,KK,CC,D
14:26:07,MYOR,RG,2270,1,D,XC,CC,D
14:25:58,MYOR,RG,2270,2,D,KK,CC,D
14:25:45,MYOR,RG,2270,1,D,XC,CC,D
14:25:26,MYOR,RG,2270,25,D,BK,CC,D
14:25:22,MYOR,RG,2270,1,D,XC,CC,D
14:25:01,MYOR,RG,2270,20,D,KK,CC,D
14:24:42,MYOR,RG,2270,10,D,BK,CC,D
14:24:40,MYOR,RG,2270,48,D,BK,CC,D
14:24:40,MYOR,RG,2270,10,D,BK,XC,D
14:24:40,MYOR,RG,2270,6,D,BK,PD,D
14:24:40,MYOR,RG,2270,75,D,BK,BK,F
14:24:39,MYOR,RG,2260,24,D,PD,SQ,D
14:24:39,MYOR,RG,2260,2,D,KK,SQ,D
14:24:39,MYOR,RG,2260,1,D,PD,SQ,D
14:24:39,MYOR,RG,2260,1,D,KK,SQ,D
14:24:39,MYOR,RG,2260,1,D,XC,SQ,D
14:24:39,MYOR,RG,2260,2,D,XC,SQ,D
14:24:39,MYOR,RG,2260,20,D,PD,SQ,D
14:24:39,MYOR,RG,2260,10,D,YP,SQ,D
14:24:39,MYOR,RG,2260,92,D,XC,SQ,D
14:24:39,MYOR,RG,2260,1,D,XC,SQ,D
14:24:39,MYOR,RG,2260,5,D,PD,SQ,D
14:24:39,MYOR,RG,2260,3,D,XC,SQ,D
14:24:39,MYOR,RG,2260,10,D,GR,SQ,D
14:24:39,MYOR,RG,2260,1,D,DH,SQ,D
14:24:39,MYOR,RG,2260,3,D,DH,SQ,D
14:24:39,MYOR,RG,2260,1,D,PD,SQ,D
14:24:39,MYOR,RG,2260,5,D,KK,SQ,D
14:24:39,MYOR,RG,2260,1,D,PD,SQ,D
14:24:39,MYOR,RG,2260,3,D,PD,SQ,D
14:24:39,MYOR,RG,2260,100,D,YU,SQ,D
14:24:39,MYOR,RG,2260,1,D,DH,SQ,D
14:24:39,MYOR,RG,2260,3,D,PC,SQ,D
14:24:39,MYOR,RG,2260,5,D,PD,SQ,D
14:24:39,MYOR,RG,2260,2,D,PC,SQ,D
14:24:39,MYOR,RG,2260,1,D,PD,SQ,D
14:24:39,MYOR,RG,2260,1,D,XC,SQ,D
14:24:39,MYOR,RG,2260,1,D,PD,SQ,D
14:24:29,MYOR,RG,2270,1,D,PD,BK,F
14:24:18,MYOR,RG,2270,1,D,BK,BK,F
14:24:18,MYOR,RG,2270,9,D,BK,BK,F
14:24:16,MYOR,RG,2270,2,D,CC,BK,F
14:21:30,MYOR,RG,2270,26,D,BK,BK,F
14:21:26,MYOR,RG,2260,60,D,PD,NI,D
14:20:42,MYOR,RG,2270,1,D,CC,BK,F
14:20:15,MYOR,RG,2270,2,D,CC,BK,F
14:20:09,MYOR,RG,2270,11,D,BK,BK,F
14:20:06,MYOR,RG,2260,20,D,PD,CC,D
14:19:54,MYOR,RG,2270,1,D,YP,BK,F
14:19:39,MYOR,RG,2270,1,D,PD,BK,F
14:19:28,MYOR,RG,2270,1,D,YP,BK,F
14:18:56,MYOR,RG,2260,19,D,PD,CC,D
14:18:56,MYOR,RG,2260,1,D,XC,CC,D
14:18:56,MYOR,RG,2260,2,D,NI,CC,D
14:18:56,MYOR,RG,2260,6,D,YP,CC,D
14:18:56,MYOR,RG,2260,2,D,YP,CC,D
14:18:28,MYOR,RG,2270,1,D,XC,BK,F
14:17:47,MYOR,RG,2270,16,D,BK,BK,F
14:17:47,MYOR,RG,2270,5,D,BK,SQ,D
14:17:43,MYOR,RG,2270,52,D,BK,SQ,D
14:17:40,MYOR,RG,2260,14,D,NI,CC,D
14:17:40,MYOR,RG,2260,5,D,XC,CC,D
14:17:40,MYOR,RG,2260,1,D,NI,CC,D
14:17:39,MYOR,RG,2270,1,F,CS,SQ,D
14:17:39,MYOR,RG,2270,40,F,CS,SQ,D
14:17:39,MYOR,RG,2270,11,F,CS,SQ,D
14:17:39,MYOR,RG,2270,13,F,CS,SQ,D
14:17:39,MYOR,RG,2270,34,F,CS,SQ,D
14:17:38,MYOR,RG,2270,19,F,CS,SQ,D
14:17:36,MYOR,RG,2260,1,D,XC,YP,D
14:16:33,MYOR,RG,2260,7,D,XC,DH,D
14:16:33,MYOR,RG,2260,1,D,OD,DH,D
14:15:03,MYOR,RG,2270,1,D,NI,SQ,D
14:14:32,MYOR,RG,2270,2,D,CC,SQ,D
14:13:00,MYOR,RG,2270,3,D,NI,SQ,D
14:12:04,MYOR,RG,2270,2,D,DX,SQ,D
14:11:15,MYOR,RG,2270,1,D,AT,SQ,D
14:09:45,MYOR,RG,2270,1,D,CC,SQ,D
14:09:44,MYOR,RG,2270,25,D,BK,SQ,D
14:09:42,MYOR,RG,2270,42,D,DR,SQ,D
14:08:56,MYOR,RG,2270,85,D,BK,SQ,D
14:08:52,MYOR,RG,2270,10,D,XC,SQ,D
14:08:49,MYOR,RG,2270,53,D,RF,SQ,D
14:08:49,MYOR,RG,2270,1,D,RF,AK,F
14:08:49,MYOR,RG,2270,1,D,RF,XC,D
14:08:49,MYOR,RG,2270,2,D,RF,PD,D
14:08:49,MYOR,RG,2270,30,D,RF,SQ,D
14:08:49,MYOR,RG,2270,38,D,RF,BK,F
14:08:49,MYOR,RG,2270,10,D,RF,SQ,D
14:08:49,MYOR,RG,2270,85,D,RF,PD,D
14:08:40,MYOR,RG,2270,15,D,BK,PD,D
14:08:40,MYOR,RG,2270,11,D,BK,PD,D
14:08:40,MYOR,RG,2270,8,D,BK,PD,D
14:08:40,MYOR,RG,2270,2,D,BK,ES,D
14:08:39,MYOR,RG,2270,28,F,CS,ES,D
14:08:39,MYOR,RG,2270,4,F,CS,PD,D
14:08:39,MYOR,RG,2270,1,F,CS,AK,F
14:08:39,MYOR,RG,2270,62,F,CS,BK,F
14:08:39,MYOR,RG,2270,14,F,CS,CC,D
14:08:38,MYOR,RG,2260,1,D,OD,SQ,D
14:07:23,MYOR,RG,2270,2,D,PD,CC,D
14:06:48,MYOR,RG,2270,14,D,BK,CC,D
14:06:46,MYOR,RG,2260,1,D,OD,NI,D
14:06:46,MYOR,RG,2260,10,D,CC,NI,D
14:06:46,MYOR,RG,2260,2,D,CC,NI,D
14:06:46,MYOR,RG,2260,1,D,YP,NI,D
14:06:46,MYOR,RG,2260,1,D,NI,NI,D
14:06:46,MYOR,RG,2260,1,D,KK,NI,D
14:06:46,MYOR,RG,2260,1,D,PD,NI,D
14:06:46,MYOR,RG,2260,1,D,YP,NI,D
14:06:46,MYOR,RG,2260,1,D,YP,NI,D
14:06:46,MYOR,RG,2260,7,D,KK,NI,D
14:06:46,MYOR,RG,2260,1,D,PD,NI,D
14:06:46,MYOR,RG,2260,2,D,KK,NI,D
14:06:46,MYOR,RG,2260,1,D,XC,NI,D
14:05:36,MYOR,RG,2260,2,D,XC,BK,F
14:05:36,MYOR,RG,2260,9,D,GR,BK,F
14:05:35,MYOR,RG,2270,10,D,BK,CC,D
14:05:33,MYOR,RG,2260,3,D,GR,KK,D
14:05:32,MYOR,RG,2260,18,D,GR,XC,D
14:05:32,MYOR,RG,2260,4,D,CC,XC,D
14:05:12,MYOR,RG,2270,10,D,BK,CC,D
14:05:10,MYOR,RG,2270,2,D,PD,CC,D
14:04:41,MYOR,RG,2270,16,D,BK,CC,D
14:04:39,MYOR,RG,2260,16,D,CC,BK,F
14:04:36,MYOR,RG,2270,132,D,BK,CC,D
14:04:36,MYOR,RG,2270,98,D,BK,CC,D
14:04:35,MYOR,RG,2260,230,D,CC,SQ,D
14:04:35,MYOR,RG,2260,10,D,CC,SQ,D
14:04:35,MYOR,RG,2260,4,D,CC,SQ,D
14:04:35,MYOR,RG,2260,10,D,NI,SQ,D
14:04:35,MYOR,RG,2260,3,D,PD,SQ,D
14:04:35,MYOR,RG,2260,5,D,CC,SQ,D
14:04:35,MYOR,RG,2260,4,D,YP,SQ,D
14:04:35,MYOR,RG,2260,1,D,XC,SQ,D
14:04:35,MYOR,RG,2260,1,D,XC,SQ,D
14:04:35,MYOR,RG,2260,2,D,PD,SQ,D
14:04:35,MYOR,RG,2260,1,D,DR,SQ,D
14:04:35,MYOR,RG,2260,10,D,YP,SQ,D
14:04:35,MYOR,RG,2260,20,D,NI,SQ,D
14:04:35,MYOR,RG,2260,3,D,YP,SQ,D
14:04:35,MYOR,RG,2260,1,D,PD,SQ,D
14:04:35,MYOR,RG,2260,5,D,DH,SQ,D
14:04:35,MYOR,RG,2260,100,D,BK,SQ,D
14:04:35,MYOR,RG,2260,2,D,XC,SQ,D
14:04:35,MYOR,RG,2260,2,D,XC,SQ,D
14:04:35,MYOR,RG,2260,50,D,PD,SQ,D
14:04:35,MYOR,RG,2260,36,D,CC,SQ,D
14:02:23,MYOR,RG,2270,16,D,BK,CC,D
14:02:20,MYOR,RG,2270,20,D,YP,CC,D
14:01:27,MYOR,RG,2260,9,D,CC,YP,D
14:01:27,MYOR,RG,2260,1,D,IF,YP,D
14:01:18,MYOR,RG,2270,1,D,DH,CC,D
14:01:01,MYOR,RG,2270,1,D,DH,CC,D
13:59:57,MYOR,RG,2270,1,D,CC,CC,D
13:59:39,MYOR,RG,2270,2,D,XC,CC,D
13:59:29,MYOR,RG,2270,2,D,PD,CC,D
13:58:46,MYOR,RG,2270,11,D,BK,CC,D
13:58:44,MYOR,RG,2270,7,D,XC,CC,D
13:58:34,MYOR,RG,2270,5,D,KK,CC,D
13:55:08,MYOR,RG,2270,5,D,NI,CC,D
13:54:47,MYOR,RG,2270,15,D,NI,CC,D
13:52:59,MYOR,RG,2270,1,D,XC,CC,D
13:52:29,MYOR,RG,2270,15,D,BK,CC,D
13:52:29,MYOR,RG,2270,1,D,BK,AK,F
13:52:26,MYOR,RG,2270,18,D,BK,BK,F
13:52:24,MYOR,RG,2260,10,D,PD,CC,D
13:52:24,MYOR,RG,2260,10,D,CC,CC,D
13:52:24,MYOR,RG,2260,3,D,YP,CC,D
13:52:24,MYOR,RG,2260,1,D,XC,CC,D
13:52:24,MYOR,RG,2260,16,D,YP,CC,D
13:51:13,MYOR,RG,2260,5,D,YP,SQ,D
13:49:35,MYOR,RG,2270,1,D,PD,BK,F
13:49:24,MYOR,RG,2270,1,D,XC,BK,F
13:48:31,MYOR,RG,2270,1,D,DH,BK,F
13:48:30,MYOR,RG,2270,1,D,DH,BK,F
13:48:12,MYOR,RG,2270,1,D,XC,BK,F
13:46:30,MYOR,RG,2270,1,D,XC,BK,F
13:45:22,MYOR,RG,2260,3,D,YP,TP,D
13:44:27,MYOR,RG,2270,8,D,BK,BK,F
13:44:27,MYOR,RG,2270,1,D,BK,AK,F
13:44:27,MYOR,RG,2270,3,D,BK,CC,D
13:44:23,MYOR,RG,2270,20,D,CC,CC,D
13:44:11,MYOR,RG,2270,2,D,PD,CC,D
13:44:03,MYOR,RG,2270,10,D,NI,CC,D
13:43:45,MYOR,RG,2270,1,D,NI,CC,D
13:42:12,MYOR,RG,2270,3,D,XC,CC,D
13:41:36,MYOR,RG,2270,1,D,PD,CC,D
13:40:22,MYOR,RG,2270,2,D,XC,CC,D
13:39:32,MYOR,RG,2270,16,D,BK,CC,D
13:39:27,MYOR,RG,2270,11,D,BK,CC,D
13:39:25,MYOR,RG,2270,24,F,CS,CC,D
13:38:51,MYOR,RG,2270,5,D,YP,CC,D
13:38:47,MYOR,RG,2270,10,D,BK,CC,D
13:38:42,MYOR,RG,2270,9,F,CS,CC,D
13:38:42,MYOR,RG,2270,7,F,CS,CC,D
13:37:38,MYOR,RG,2270,5,D,YP,CC,D
13:36:56,MYOR,RG,2270,5,D,YP,CC,D
13:36:54,MYOR,RG,2270,16,D,BK,CC,D
13:36:52,MYOR,RG,2270,45,F,CS,CC,D
13:36:18,MYOR,RG,2270,3,D,PD,CC,D
13:34:18,MYOR,RG,2270,2,F,CS,CC,D
13:34:18,MYOR,RG,2270,4,F,CS,BK,F
13:34:17,MYOR,RG,2270,25,F,CS,BK,F
13:34:17,MYOR,RG,2270,7,F,CS,CC,D
13:34:17,MYOR,RG,2270,6,F,CS,CC,D
13:33:57,MYOR,RG,2270,7,F,CS,CC,D
13:33:45,MYOR,RG,2260,5,D,YP,PD,D
13:33:14,MYOR,RG,2260,5,D,YP,XC,D
13:32:21,MYOR,RG,2260,7,D,YP,XC,D
13:31:45,MYOR,RG,2270,10,D,CC,CC,D
13:31:19,MYOR,RG,2270,3,F,CS,CC,D
13:31:18,MYOR,RG,2270,1,F,CS,CC,D
13:31:18,MYOR,RG,2270,22,F,CS,CC,D
13:31:18,MYOR,RG,2270,3,F,CS,CC,D
13:31:18,MYOR,RG,2270,9,F,CS,CC,D
13:31:18,MYOR,RG,2270,39,D,BK,CC,D
13:31:18,MYOR,RG,2270,20,F,CS,CC,D
13:31:18,MYOR,RG,2270,42,F,CC,CC,D
13:31:18,MYOR,RG,2270,10,D,YP,CC,D
13:31:18,MYOR,RG,2270,21,D,PD,CC,D
13:30:18,MYOR,RG,2270,19,D,PD,BK,F
13:30:14,MYOR,RG,2270,2,D,PD,AK,F
13:30:09,MYOR,RG,2270,2,D,PD,PD,D
13:30:08,MYOR,RG,2270,6,F,CS,PD,D
13:30:07,MYOR,RG,2270,9,D,BK,PD,D
13:30:07,MYOR,RG,2270,5,D,BK,PD,D
13:30:07,MYOR,RG,2270,20,D,SQ,PD,D
13:30:07,MYOR,RG,2270,5,D,PD,PD,D
13:30:05,MYOR,RG,2270,5,F,CS,SQ,D
13:30:05,MYOR,RG,2270,1,F,CS,XC,D
13:30:04,MYOR,RG,2270,5,D,CC,PD,D
13:30:03,MYOR,RG,2280,18,D,PD,CC,D
13:30:03,MYOR,RG,2270,5,D,CC,XC,D
11:29:10,MYOR,RG,2260,20,D,YP,YP,D
11:28:56,MYOR,RG,2260,12,D,YP,BK,F
11:28:52,MYOR,RG,2260,2,D,YP,BK,F
11:28:52,MYOR,RG,2260,1,D,XC,BK,F
11:28:52,MYOR,RG,2260,12,D,BK,BK,F
11:28:52,MYOR,RG,2260,4,D,YP,BK,F
11:28:52,MYOR,RG,2260,1,D,YP,BK,F
11:28:52,MYOR,RG,2260,1,D,SQ,BK,F
11:28:52,MYOR,RG,2260,1,D,PD,BK,F
11:28:52,MYOR,RG,2260,3,D,XC,BK,F
11:28:52,MYOR,RG,2260,6,D,NI,BK,F
11:28:49,MYOR,RG,2280,85,F,CS,CC,D
11:28:49,MYOR,RG,2270,200,F,CS,SQ,D
11:28:29,MYOR,RG,2280,8,D,TP,CC,D
11:25:10,MYOR,RG,2280,1,D,XC,CC,D
11:24:29,MYOR,RG,2280,2,D,CC,CC,D
11:24:19,MYOR,RG,2260,16,D,NI,BK,F
11:24:16,MYOR,RG,2260,1,D,NI,YP,D
11:24:15,MYOR,RG,2260,2,D,NI,BK,F
11:24:15,MYOR,RG,2260,2,D,CP,BK,F
11:24:15,MYOR,RG,2260,1,D,YP,BK,F
11:24:15,MYOR,RG,2260,1,D,YP,BK,F
11:24:15,MYOR,RG,2260,5,D,YP,BK,F
11:24:15,MYOR,RG,2260,1,D,PD,BK,F
11:24:15,MYOR,RG,2260,1,D,DR,BK,F
11:24:11,MYOR,RG,2280,27,F,CS,CC,D
11:24:11,MYOR,RG,2280,18,F,CS,KK,D
11:24:11,MYOR,RG,2280,8,F,CS,BK,F
11:24:10,MYOR,RG,2270,100,F,CS,CC,D
11:24:08,MYOR,RG,2280,14,F,CS,BK,F
11:24:08,MYOR,RG,2270,16,F,CS,AK,F
11:24:08,MYOR,RG,2270,6,D,CC,AK,F
11:24:05,MYOR,RG,2270,34,D,CC,BK,F
11:24:05,MYOR,RG,2270,15,D,YP,BK,F
11:24:05,MYOR,RG,2270,1,F,CS,BK,F
11:24:05,MYOR,RG,2270,3,D,YP,BK,F
11:24:05,MYOR,RG,2270,6,D,YP,BK,F
11:24:05,MYOR,RG,2270,1,D,PD,BK,F
11:24:02,MYOR,RG,2270,1,D,PD,CC,D
11:24:02,MYOR,RG,2270,2,D,LG,CC,D
11:24:02,MYOR,RG,2270,10,D,SQ,CC,D
11:24:02,MYOR,RG,2270,2,D,XC,CC,D
11:24:02,MYOR,RG,2270,5,D,XC,CC,D
11:24:02,MYOR,RG,2270,1,D,XC,CC,D
11:24:02,MYOR,RG,2270,1,D,PD,CC,D
11:24:02,MYOR,RG,2270,2,D,PD,CC,D
11:24:02,MYOR,RG,2270,1,D,SQ,CC,D
11:24:02,MYOR,RG,2270,10,D,AZ,CC,D
11:24:02,MYOR,RG,2270,10,D,CC,CC,D
11:24:02,MYOR,RG,2270,3,D,CC,CC,D
11:24:02,MYOR,RG,2270,1,D,EP,CC,D
11:24:02,MYOR,RG,2270,11,F,CS,CC,D
11:24:02,MYOR,RG,2270,50,D,CC,CC,D
11:24:02,MYOR,RG,2270,43,D,CC,CC,D
11:24:02,MYOR,RG,2270,31,D,BK,CC,D
11:24:02,MYOR,RG,2270,10,D,XA,CC,D
11:24:02,MYOR,RG,2270,1,D,PD,CC,D
11:24:02,MYOR,RG,2270,50,D,YP,CC,D
11:24:02,MYOR,RG,2270,10,D,CC,CC,D
11:24:02,MYOR,RG,2270,84,D,BK,CC,D
11:24:02,MYOR,RG,2270,5,D,EP,CC,D
11:24:02,MYOR,RG,2270,50,D,PD,CC,D
11:24:02,MYOR,RG,2270,35,D,YP,CC,D
11:24:02,MYOR,RG,2270,1,D,XC,CC,D
11:24:02,MYOR,RG,2270,80,D,BK,CC,D
11:24:02,MYOR,RG,2270,4,D,PD,CC,D
11:24:02,MYOR,RG,2270,3,D,PD,CC,D
11:24:02,MYOR,RG,2270,1,D,XC,CC,D
11:24:02,MYOR,RG,2270,1,D,YP,CC,D
11:24:02,MYOR,RG,2270,3,D,PD,CC,D
11:24:02,MYOR,RG,2270,4,D,SQ,CC,D
11:24:02,MYOR,RG,2270,3,D,PD,CC,D
11:24:02,MYOR,RG,2270,4,D,PD,CC,D
11:24:02,MYOR,RG,2270,6,D,DH,CC,D
11:24:02,MYOR,RG,2270,5,D,GR,CC,D
11:24:02,MYOR,RG,2270,1,D,XC,CC,D
11:24:02,MYOR,RG,2270,1,D,XC,CC,D
11:24:02,MYOR,RG,2270,1,D,PD,CC,D
11:24:02,MYOR,RG,2270,3,D,PD,CC,D
11:24:02,MYOR,RG,2270,1,D,CC,CC,D
11:24:02,MYOR,RG,2270,5,D,DR,CC,D
11:24:02,MYOR,RG,2270,1,D,AT,CC,D
11:24:02,MYOR,RG,2270,5,D,KK,CC,D
11:24:02,MYOR,RG,2270,9,D,XC,CC,D
11:24:02,MYOR,RG,2270,116,F,AK,CC,D
11:24:02,MYOR,RG,2270,5,D,XC,CC,D
11:24:02,MYOR,RG,2270,61,D,BK,CC,D
11:24:02,MYOR,RG,2270,47,D,YP,CC,D
11:23:46,MYOR,RG,2280,11,D,BK,BK,F
11:23:27,MYOR,RG,2280,11,D,BK,BK,F
11:23:06,MYOR,RG,2280,16,D,BK,BK,F
11:22:45,MYOR,RG,2280,6,D,BK,BK,F
11:22:45,MYOR,RG,2280,5,D,BK,SQ,D
11:22:39,MYOR,RG,2280,14,D,BK,SQ,D
11:22:25,MYOR,RG,2280,21,F,CS,SQ,D
11:22:25,MYOR,RG,2280,5,F,CS,PD,D
11:22:25,MYOR,RG,2280,1,F,CS,PD,D
11:22:25,MYOR,RG,2280,1,F,CS,XC,D
11:22:25,MYOR,RG,2280,3,F,CS,KK,D
11:22:25,MYOR,RG,2280,14,F,CS,SQ,D
11:22:16,MYOR,RG,2280,11,D,BK,SQ,D
11:21:48,MYOR,RG,2280,10,D,CC,SQ,D
11:21:47,MYOR,RG,2280,20,D,BK,SQ,D
11:21:25,MYOR,RG,2280,23,D,BK,SQ,D
11:21:05,MYOR,RG,2280,10,D,BK,SQ,D
11:20:53,MYOR,RG,2280,1,D,XC,SQ,D
11:20:45,MYOR,RG,2280,19,D,BK,SQ,D
11:20:28,MYOR,RG,2280,19,D,BK,SQ,D
11:20:07,MYOR,RG,2280,24,D,BK,SQ,D
11:19:27,MYOR,RG,2280,32,D,BK,SQ,D
11:19:05,MYOR,RG,2280,17,D,BK,SQ,D
11:19:05,MYOR,RG,2280,18,D,BK,BK,F
11:18:41,MYOR,RG,2280,16,D,BK,BK,F
11:18:37,MYOR,RG,2280,13,D,BK,BK,F
11:18:00,MYOR,RG,2280,16,F,CS,BK,F
11:18:00,MYOR,RG,2280,4,F,CS,BK,F
11:18:00,MYOR,RG,2280,13,F,CS,CC,D
11:18:00,MYOR,RG,2280,37,F,CS,CC,D
11:18:00,MYOR,RG,2280,42,D,BK,CC,D
11:17:26,MYOR,RG,2280,10,D,SQ,CC,D
11:17:17,MYOR,RG,2280,34,D,BK,CC,D
11:17:03,MYOR,RG,2280,19,D,PD,CC,D
11:17:03,MYOR,RG,2280,7,D,PD,PD,D
11:16:53,MYOR,RG,2280,27,D,BK,PD,D
11:16:17,MYOR,RG,2280,1,D,BK,PD,D
11:16:17,MYOR,RG,2280,10,D,BK,EP,D
11:16:17,MYOR,RG,2280,10,D,BK,OD,D
11:16:17,MYOR,RG,2280,1,D,BK,YP,D
11:16:17,MYOR,RG,2280,15,D,BK,CC,D
11:15:43,MYOR,RG,2280,36,D,BK,CC,D
11:15:34,MYOR,RG,2270,1,D,YP,KK,D
11:15:11,MYOR,RG,2280,31,D,BK,CC,D
11:14:56,MYOR,RG,2270,42,D,YP,SQ,D
11:14:56,MYOR,RG,2270,28,D,CC,SQ,D
11:14:53,MYOR,RG,2270,30,D,CC,SQ,D
11:14:43,MYOR,RG,2280,38,D,BK,CC,D
11:14:34,MYOR,RG,2270,1,D,CC,XC,D
11:14:00,MYOR,RG,2280,46,D,BK,CC,D
11:13:13,MYOR,RG,2280,5,D,SQ,CC,D
11:12:53,MYOR,RG,2280,56,D,BK,CC,D
11:12:13,MYOR,RG,2270,191,D,CC,SQ,D
11:12:13,MYOR,RG,2270,1,D,NI,SQ,D
11:12:13,MYOR,RG,2270,8,D,BK,SQ,D
11:11:49,MYOR,RG,2280,21,D,BK,CC,D
11:10:41,MYOR,RG,2280,29,D,BK,CC,D
11:09:55,MYOR,RG,2270,1,D,BK,PD,D
11:09:29,MYOR,RG,2270,10,D,BK,XC,D
11:09:27,MYOR,RG,2280,23,D,CC,CC,D
11:09:27,MYOR,RG,2280,17,D,CC,BK,F
11:08:52,MYOR,RG,2280,26,D,BK,BK,F
11:08:52,MYOR,RG,2280,1,D,BK,XC,D
11:08:52,MYOR,RG,2280,9,D,BK,NI,D
11:05:43,MYOR,RG,2280,20,D,CC,NI,D
11:05:06,MYOR,RG,2280,11,D,CC,NI,D
11:05:06,MYOR,RG,2280,28,D,CC,NI,D
11:04:19,MYOR,RG,2270,4,D,BK,XC,D
11:03:50,MYOR,RG,2270,24,D,BK,SQ,D
11:03:35,MYOR,RG,2280,1,D,AI,NI,D
11:02:08,MYOR,RG,2270,5,D,BK,NI,D
11:01:54,MYOR,RG,2280,21,F,CS,NI,D
11:01:54,MYOR,RG,2280,2,F,CS,XC,D
11:01:54,MYOR,RG,2280,4,F,CS,BK,F
11:01:54,MYOR,RG,2280,30,F,CS,BK,F
11:01:54,MYOR,RG,2280,21,F,CS,BK,F
11:01:54,MYOR,RG,2280,13,F,CS,BK,F
11:01:54,MYOR,RG,2280,1,F,CS,BK,F
11:01:54,MYOR,RG,2280,3,F,CS,SQ,D
11:01:54,MYOR,RG,2280,16,F,CS,SQ,D
11:01:54,MYOR,RG,2280,7,F,CS,SQ,D
11:00:57,MYOR,RG,2270,1,D,BK,PD,D
11:00:57,MYOR,RG,2270,39,D,BK,PD,D
11:00:28,MYOR,RG,2270,12,D,BK,SQ,D
11:00:28,MYOR,RG,2270,8,D,BK,SQ,D
11:00:25,MYOR,RG,2270,20,D,BK,SQ,D
10:57:24,MYOR,RG,2280,2,D,XC,SQ,D
10:57:21,MYOR,RG,2280,7,D,XC,SQ,D
10:56:39,MYOR,RG,2280,1,D,KK,SQ,D
10:55:36,MYOR,RG,2280,5,D,PD,SQ,D
10:54:30,MYOR,RG,2280,10,D,XC,SQ,D
10:54:27,MYOR,RG,2270,20,D,BK,YP,D
10:54:26,MYOR,RG,2280,11,F,CS,SQ,D
10:54:26,MYOR,RG,2280,28,F,CS,SQ,D
10:54:23,MYOR,RG,2270,8,D,KK,SQ,D
10:54:23,MYOR,RG,2270,47,D,BK,SQ,D
10:54:23,MYOR,RG,2270,2,D,XC,SQ,D
10:54:23,MYOR,RG,2270,5,D,NI,SQ,D
10:54:23,MYOR,RG,2270,1,D,YP,SQ,D
10:54:23,MYOR,RG,2270,1,D,XC,SQ,D
10:54:23,MYOR,RG,2270,7,D,YP,SQ,D
10:54:23,MYOR,RG,2270,25,D,XC,SQ,D
10:54:23,MYOR,RG,2270,7,D,CC,SQ,D
10:54:23,MYOR,RG,2270,20,D,PD,SQ,D
10:54:23,MYOR,RG,2270,7,D,YP,SQ,D
10:54:23,MYOR,RG,2270,10,D,SQ,SQ,D
10:54:23,MYOR,RG,2270,5,D,GR,SQ,D
10:54:23,MYOR,RG,2270,2,D,XC,SQ,D
10:54:23,MYOR,RG,2270,1,D,XC,SQ,D
10:54:23,MYOR,RG,2270,1,D,PD,SQ,D
10:54:23,MYOR,RG,2270,51,D,BK,SQ,D
10:53:56,MYOR,RG,2280,4,D,XC,SQ,D
10:53:54,MYOR,RG,2280,5,D,PD,SQ,D
10:51:36,MYOR,RG,2280,1,D,XC,SQ,D
10:51:13,MYOR,RG,2280,4,D,DH,SQ,D
10:51:03,MYOR,RG,2280,1,D,XC,SQ,D
10:50:55,MYOR,RG,2280,1,D,XC,SQ,D
10:50:34,MYOR,RG,2280,5,D,XC,SQ,D
10:50:24,MYOR,RG,2280,1,D,YP,SQ,D
10:50:05,MYOR,RG,2280,38,D,YP,SQ,D
10:49:58,MYOR,RG,2280,1,D,XC,PD,D
10:49:35,MYOR,RG,2280,1,D,YP,PD,D
10:49:19,MYOR,RG,2280,8,F,AK,PD,D
10:49:19,MYOR,RG,2280,10,F,AK,CC,D
10:49:19,MYOR,RG,2280,5,F,AK,PD,D
10:49:19,MYOR,RG,2280,10,F,AK,PD,D
10:49:19,MYOR,RG,2280,77,F,AK,BK,F
10:49:19,MYOR,RG,2280,48,F,AK,CC,D
10:48:15,MYOR,RG,2270,1,D,BK,XC,D
10:48:06,MYOR,RG,2280,11,D,YP,CC,D
10:47:05,MYOR,RG,2280,12,D,XC,CC,D
10:45:55,MYOR,RG,2280,63,D,YP,CC,D
10:45:43,MYOR,RG,2280,16,F,CS,CC,D
10:45:43,MYOR,RG,2280,6,F,CS,CC,D
10:45:43,MYOR,RG,2280,13,F,CS,CC,D
10:45:43,MYOR,RG,2280,10,F,CS,CC,D
10:45:43,MYOR,RG,2280,2,F,CS,CC,D
10:45:43,MYOR,RG,2280,31,F,CS,CC,D
10:45:30,MYOR,RG,2270,5,D,BK,CC,D
10:45:19,MYOR,RG,2270,5,D,BK,YP,D
10:44:40,MYOR,RG,2270,1,D,BK,NI,D
10:42:03,MYOR,RG,2270,3,D,BK,SQ,D
10:42:03,MYOR,RG,2270,17,D,GR,SQ,D
10:41:59,MYOR,RG,2270,30,D,GR,SQ,D
10:41:51,MYOR,RG,2270,100,D,GR,SQ,D
10:41:48,MYOR,RG,2280,12,D,BK,CC,D
10:41:36,MYOR,RG,2270,5,D,GR,DH,D
10:39:34,MYOR,RG,2280,17,D,BK,CC,D
10:38:26,MYOR,RG,2280,13,D,BK,CC,D
10:37:55,MYOR,RG,2270,5,D,GR,OD,D
10:37:49,MYOR,RG,2280,2,D,XC,CC,D
10:37:42,MYOR,RG,2280,10,D,BK,CC,D
10:37:01,MYOR,RG,2280,11,D,BK,CC,D
10:36:19,MYOR,RG,2280,12,D,BK,CC,D
10:35:58,MYOR,RG,2280,2,D,EP,CC,D
10:35:43,MYOR,RG,2280,11,D,BK,CC,D
10:35:22,MYOR,RG,2270,5,D,GR,KK,D
10:34:45,MYOR,RG,2280,19,D,BK,CC,D
10:34:15,MYOR,RG,2280,11,D,BK,CC,D
10:33:47,MYOR,RG,2280,11,D,BK,CC,D
10:32:48,MYOR,RG,2280,24,D,BK,CC,D
10:32:27,MYOR,RG,2270,5,D,GR,XC,D
10:31:52,MYOR,RG,2270,133,D,GR,SQ,D
10:31:52,MYOR,RG,2270,1,D,XC,SQ,D
10:31:52,MYOR,RG,2270,1,D,DH,SQ,D
10:31:52,MYOR,RG,2270,15,D,BK,SQ,D
10:31:25,MYOR,RG,2280,24,D,BK,CC,D
10:30:56,MYOR,RG,2280,9,D,CC,CC,D
10:30:56,MYOR,RG,2280,1,D,CC,AK,F
10:30:42,MYOR,RG,2280,23,D,BK,NI,D
10:30:10,MYOR,RG,2280,3,D,BK,NI,D
10:30:10,MYOR,RG,2280,12,D,BK,BK,F
10:29:42,MYOR,RG,2280,13,F,CS,BK,F
10:29:42,MYOR,RG,2280,16,F,CS,BK,F
10:29:41,MYOR,RG,2280,22,F,CS,BK,F
10:29:41,MYOR,RG,2280,1,F,CS,CC,D
10:29:41,MYOR,RG,2280,2,F,CS,SQ,D
10:29:26,MYOR,RG,2280,23,D,BK,SQ,D
10:29:03,MYOR,RG,2280,15,D,BK,SQ,D
10:28:42,MYOR,RG,2280,13,D,BK,SQ,D
10:27:53,MYOR,RG,2270,5,D,BK,OD,D
10:27:22,MYOR,RG,2280,20,D,BK,SQ,D
10:26:36,MYOR,RG,2280,13,D,BK,SQ,D
10:26:02,MYOR,RG,2280,10,D,BK,SQ,D
10:25:50,MYOR,RG,2280,1,D,NI,SQ,D
10:24:49,MYOR,RG,2280,3,D,BK,SQ,D
10:24:49,MYOR,RG,2280,4,D,BK,PD,D
10:24:49,MYOR,RG,2280,15,D,BK,SQ,D
10:23:31,MYOR,RG,2280,25,F,CS,SQ,D
10:23:31,MYOR,RG,2280,20,F,CS,CC,D
10:23:31,MYOR,RG,2280,1,F,CS,PD,D
10:23:31,MYOR,RG,2280,4,F,CS,CC,D
10:23:22,MYOR,RG,2280,196,D,NI,CC,D
10:23:22,MYOR,RG,2280,9,D,NI,XC,D
10:23:22,MYOR,RG,2280,17,D,NI,BK,F
10:22:15,MYOR,RG,2280,2,D,XC,BK,F
10:21:11,MYOR,RG,2280,2,D,NI,BK,F
10:17:32,MYOR,RG,2280,36,F,CS,BK,F
10:17:32,MYOR,RG,2280,1,F,CS,AK,F
10:17:07,MYOR,RG,2270,3,D,BK,YP,D
10:16:53,MYOR,RG,2270,2,D,BK,KK,D
10:16:37,MYOR,RG,2280,1,D,KK,DH,D
10:15:18,MYOR,RG,2280,2,D,AG,DH,D
10:15:13,MYOR,RG,2280,3,D,AG,DH,D
10:15:06,MYOR,RG,2280,1,D,PD,DH,D
10:15:06,MYOR,RG,2280,7,D,BK,DH,D
10:15:00,MYOR,RG,2280,3,D,BK,XC,D
10:15:00,MYOR,RG,2280,6,F,CS,XC,D
10:15:00,MYOR,RG,2280,2,D,SQ,XC,D
10:15:00,MYOR,RG,2280,1,D,XC,XC,D
10:14:29,MYOR,RG,2280,15,D,XC,XC,D
10:14:10,MYOR,RG,2280,34,D,XC,AT,D
10:14:10,MYOR,RG,2280,1,D,XC,AT,D
10:14:10,MYOR,RG,2280,1,D,ZP,AT,D
10:14:10,MYOR,RG,2280,4,F,CS,AT,D
10:14:09,MYOR,RG,2280,18,F,CS,BK,F
10:14:05,MYOR,RG,2280,21,F,CS,CC,D
10:14:05,MYOR,RG,2280,24,D,XC,CC,D
10:13:34,MYOR,RG,2280,12,D,XC,BQ,D
10:13:30,MYOR,RG,2280,10,D,XC,BK,F
10:13:29,MYOR,RG,2280,5,D,XC,NI,D
10:13:29,MYOR,RG,2280,1,D,NI,NI,D
10:13:29,MYOR,RG,2280,39,D,BK,NI,D
10:13:23,MYOR,RG,2280,2,D,KK,SQ,D
10:13:23,MYOR,RG,2280,1,D,XC,SQ,D
10:13:23,MYOR,RG,2280,1,D,PD,SQ,D
10:13:23,MYOR,RG,2280,54,D,BK,SQ,D
10:13:23,MYOR,RG,2280,5,D,XC,SQ,D
10:13:23,MYOR,RG,2280,87,D,SQ,SQ,D
10:12:59,MYOR,RG,2280,23,D,SQ,CC,D
10:12:59,MYOR,RG,2280,77,D,BK,CC,D
10:12:34,MYOR,RG,2290,12,D,BK,BK,F
10:12:34,MYOR,RG,2290,4,D,BK,PD,D
10:12:09,MYOR,RG,2280,1,D,BK,SQ,D
10:12:09,MYOR,RG,2280,199,D,CC,SQ,D
10:11:49,MYOR,RG,2290,1,D,BK,PD,D
10:11:49,MYOR,RG,2290,2,D,BK,YP,D
10:11:49,MYOR,RG,2290,1,D,BK,AK,F
10:11:49,MYOR,RG,2290,6,D,BK,PD,D
10:11:49,MYOR,RG,2280,39,D,CC,CC,D
10:10:59,MYOR,RG,2290,4,D,BK,PD,D
10:10:59,MYOR,RG,2290,1,D,BK,XC,D
10:10:59,MYOR,RG,2290,7,D,BK,CC,D
10:10:18,MYOR,RG,2290,8,D,PD,CC,D
10:09:50,MYOR,RG,2290,16,D,BK,CC,D
10:09:33,MYOR,RG,2280,12,D,CC,CC,D
10:09:33,MYOR,RG,2280,5,D,YP,CC,D
10:09:33,MYOR,RG,2280,1,D,YP,CC,D
10:09:33,MYOR,RG,2280,15,F,CS,CC,D
10:09:33,MYOR,RG,2280,1,D,KK,CC,D
10:09:33,MYOR,RG,2280,5,D,GR,CC,D
10:09:33,MYOR,RG,2280,7,D,CC,CC,D
10:09:03,MYOR,RG,2290,3,D,PD,CC,D
10:08:56,MYOR,RG,2290,16,D,BK,CC,D
10:08:24,MYOR,RG,2290,2,D,XC,XC,D
10:07:21,MYOR,RG,2280,3,D,CC,CC,D
10:07:21,MYOR,RG,2280,5,D,GR,CC,D
10:07:21,MYOR,RG,2280,26,F,CS,CC,D
10:07:21,MYOR,RG,2280,5,D,BK,CC,D
10:07:18,MYOR,RG,2280,1,D,BK,CC,D
10:06:54,MYOR,RG,2290,5,F,CS,PD,D
10:06:54,MYOR,RG,2290,5,F,CS,EP,D
10:06:34,MYOR,RG,2280,21,D,BK,YP,D
10:05:05,MYOR,RG,2280,41,D,BK,CC,D
10:05:02,MYOR,RG,2290,11,D,BK,EP,D
10:04:10,MYOR,RG,2290,3,F,CS,EP,D
10:04:10,MYOR,RG,2290,13,F,CS,CC,D
10:03:50,MYOR,RG,2280,4,D,BK,YP,D
10:03:39,MYOR,RG,2290,2,D,PD,CC,D
10:02:54,MYOR,RG,2290,1,D,XC,EP,D
10:02:48,MYOR,RG,2290,10,F,CS,SQ,D
10:02:47,MYOR,RG,2280,41,D,BK,CC,D
10:02:46,MYOR,RG,2280,1,D,BK,AT,D
10:02:22,MYOR,RG,2290,10,D,BK,SQ,D
10:01:51,MYOR,RG,2280,10,D,BK,AT,D
10:01:50,MYOR,RG,2290,14,F,CS,SQ,D
10:01:13,MYOR,RG,2290,14,D,BK,SQ,D
10:00:50,MYOR,RG,2290,9,D,BK,SQ,D
10:00:45,MYOR,RG,2290,5,D,GR,SQ,D
10:00:33,MYOR,RG,2290,14,F,CS,SQ,D
10:00:33,MYOR,RG,2290,4,F,CS,BK,F
10:00:33,MYOR,RG,2280,5,D,BK,CC,D
10:00:33,MYOR,RG,2280,35,D,CC,CC,D
10:00:23,MYOR,RG,2290,27,D,CP,BK,F
10:00:23,MYOR,RG,2290,10,D,CP,CC,D
10:00:23,MYOR,RG,2290,22,D,CP,BK,F
10:00:23,MYOR,RG,2290,2,D,CP,PD,D
10:00:23,MYOR,RG,2290,10,D,CP,PD,D
10:00:23,MYOR,RG,2290,16,D,CP,CC,D
10:00:01,MYOR,RG,2290,5,D,YP,CC,D
9:59:54,MYOR,RG,2290,15,D,BK,CC,D
9:59:27,MYOR,RG,2290,11,D,BK,CC,D
9:59:20,MYOR,RG,2290,10,D,XC,CC,D
9:59:12,MYOR,RG,2290,1,D,XC,CC,D
9:59:03,MYOR,RG,2290,19,F,CS,CC,D
9:59:02,MYOR,RG,2280,150,D,CC,SQ,D
9:58:58,MYOR,RG,2290,9,D,BK,CC,D
9:58:47,MYOR,RG,2290,5,D,GR,CC,D
9:58:31,MYOR,RG,2290,9,D,BK,CC,D
9:58:31,MYOR,RG,2290,1,D,BK,PD,D
9:58:16,MYOR,RG,2290,1,D,XC,PD,D
9:58:08,MYOR,RG,2290,4,D,BK,PD,D
9:58:08,MYOR,RG,2290,5,D,BK,SQ,D
9:57:57,MYOR,RG,2280,10,D,CC,NI,D
9:57:45,MYOR,RG,2290,1,D,NI,SQ,D
9:57:33,MYOR,RG,2290,4,D,BK,SQ,D
9:57:33,MYOR,RG,2290,1,D,BK,YP,D
9:57:33,MYOR,RG,2290,5,D,BK,DR,D
9:57:33,MYOR,RG,2290,1,D,BK,KK,D
9:57:26,MYOR,RG,2280,10,D,CC,BK,F
9:57:26,MYOR,RG,2280,14,D,CC,DH,D
9:57:26,MYOR,RG,2280,31,D,CC,CC,D
9:57:20,MYOR,RG,2280,4,F,CS,CC,D
9:56:59,MYOR,RG,2280,2,F,CS,CC,D
9:56:58,MYOR,RG,2280,6,D,BK,CC,D
9:56:58,MYOR,RG,2280,6,D,BK,BK,F
9:56:49,MYOR,RG,2280,2,F,CS,BK,F
9:56:39,MYOR,RG,2280,2,F,CS,BK,F
9:56:25,MYOR,RG,2280,2,F,CS,BK,F
9:56:18,MYOR,RG,2280,1,F,CS,CC,D
9:56:12,MYOR,RG,2280,1,F,CS,CC,D
9:56:11,MYOR,RG,2280,15,D,BK,CC,D
9:56:09,MYOR,RG,2280,1,F,CS,CC,D
9:55:59,MYOR,RG,2280,2,F,CS,CC,D
9:55:50,MYOR,RG,2280,2,F,CS,CC,D
9:55:40,MYOR,RG,2280,3,F,CS,CC,D
9:55:33,MYOR,RG,2280,1,D,PD,CC,D
9:55:27,MYOR,RG,2280,1,F,CS,CC,D
9:55:26,MYOR,RG,2280,14,D,BK,CC,D
9:55:18,MYOR,RG,2280,2,F,CS,CC,D
9:55:08,MYOR,RG,2280,2,F,CS,CC,D
9:55:08,MYOR,RG,2280,8,D,YP,CC,D
9:55:08,MYOR,RG,2280,31,D,YP,DH,D
9:55:08,MYOR,RG,2280,7,D,YP,SQ,D
9:55:08,MYOR,RG,2280,2,D,YP,CC,D
9:55:08,MYOR,RG,2280,34,D,YP,BK,F
9:55:08,MYOR,RG,2280,5,D,YP,XC,D
9:55:08,MYOR,RG,2280,1,D,YP,NI,D
9:55:08,MYOR,RG,2280,12,D,YP,BK,F
9:55:03,MYOR,RG,2280,11,D,PD,BK,F
9:54:58,MYOR,RG,2280,4,F,CS,BK,F
9:54:57,MYOR,RG,2280,10,D,BK,BK,F
9:54:55,MYOR,RG,2280,11,D,BQ,BK,F
9:54:55,MYOR,RG,2280,1,D,BQ,CC,D
9:54:49,MYOR,RG,2280,9,D,GR,CC,D
9:54:49,MYOR,RG,2280,2,D,GR,NI,D
9:54:49,MYOR,RG,2280,4,D,GR,NI,D
9:54:49,MYOR,RG,2280,200,D,GR,CC,D
9:54:49,MYOR,RG,2280,1,D,GR,AK,F
9:54:49,MYOR,RG,2280,1,D,GR,PD,D
9:54:49,MYOR,RG,2280,50,D,GR,SQ,D
9:54:49,MYOR,RG,2280,33,D,GR,BK,F
9:54:28,MYOR,RG,2280,13,F,CS,BK,F
9:54:28,MYOR,RG,2280,3,F,CS,XC,D
9:54:17,MYOR,RG,2270,9,D,BK,CC,D
9:54:17,MYOR,RG,2270,38,D,BK,CC,D
9:54:03,MYOR,RG,2280,2,D,RG,XC,D
9:54:03,MYOR,RG,2280,1,D,RG,PD,D
9:54:03,MYOR,RG,2280,4,D,RG,DR,D
9:53:56,MYOR,RG,2280,1,D,XC,DR,D
9:53:53,MYOR,RG,2280,10,D,BK,DR,D
9:52:02,MYOR,RG,2280,5,F,CS,DR,D
9:52:02,MYOR,RG,2280,5,F,CS,EP,D
9:52:02,MYOR,RG,2280,1,F,CS,XC,D
9:52:02,MYOR,RG,2280,1,F,CS,XC,D
9:52:02,MYOR,RG,2280,8,F,CS,SQ,D
9:52:02,MYOR,RG,2280,2,F,CS,SQ,D
9:52:02,MYOR,RG,2280,4,F,CS,BK,F
9:51:39,MYOR,RG,2270,61,D,BK,CC,D
9:50:40,MYOR,RG,2270,1,D,BK,PD,D
9:46:50,MYOR,RG,2270,34,F,CS,CC,D
9:46:49,MYOR,RG,2270,9,F,CS,CC,D
9:46:49,MYOR,RG,2270,43,F,CS,CC,D
9:46:49,MYOR,RG,2270,9,F,CS,CC,D
9:46:48,MYOR,RG,2270,3,D,YP,CC,D
9:46:48,MYOR,RG,2270,10,D,BK,CC,D
9:46:48,MYOR,RG,2270,13,F,CS,CC,D
9:46:48,MYOR,RG,2270,22,D,XC,CC,D
9:44:30,MYOR,RG,2270,47,F,CS,CC,D
9:44:29,MYOR,RG,2270,10,F,CS,CC,D
9:44:29,MYOR,RG,2270,10,F,CS,XC,D
9:44:12,MYOR,RG,2270,17,F,CS,AK,F
9:44:12,MYOR,RG,2270,10,D,BK,AK,F
9:44:12,MYOR,RG,2270,19,D,EP,AK,F
9:43:44,MYOR,RG,2270,1,D,EP,XC,D
9:43:38,MYOR,RG,2270,14,F,CS,AK,F
9:43:38,MYOR,RG,2270,3,F,CS,AK,F
9:43:38,MYOR,RG,2270,2,F,CS,CC,D
9:43:37,MYOR,RG,2270,3,F,CS,CC,D
9:43:37,MYOR,RG,2270,21,D,BK,CC,D
9:43:37,MYOR,RG,2270,57,F,CS,SQ,D
9:43:37,MYOR,RG,2270,1,D,NI,SQ,D
9:43:37,MYOR,RG,2270,11,F,CS,SQ,D
9:43:37,MYOR,RG,2270,31,D,BK,SQ,D
9:42:35,MYOR,RG,2270,6,F,CS,CC,D
9:42:35,MYOR,RG,2270,4,F,CS,CC,D
9:42:34,MYOR,RG,2270,75,F,CS,BK,F
9:42:33,MYOR,RG,2270,13,F,CS,CC,D
9:42:32,MYOR,RG,2270,10,F,CS,SQ,D
9:42:17,MYOR,RG,2280,3,F,CS,BK,F
9:42:17,MYOR,RG,2270,1,F,CS,CC,D
9:42:17,MYOR,RG,2270,10,F,CS,SQ,D
9:42:03,MYOR,RG,2280,1,D,NI,BK,F
9:40:44,MYOR,RG,2280,8,F,CS,BK,F
9:40:44,MYOR,RG,2280,2,F,CS,YP,D
9:40:44,MYOR,RG,2280,2,F,CS,PD,D
9:40:44,MYOR,RG,2280,19,F,CS,CC,D
9:40:43,MYOR,RG,2280,5,F,CS,CC,D
9:40:42,MYOR,RG,2270,89,F,CS,CC,D
9:40:42,MYOR,RG,2270,1,F,CS,CC,D
9:40:42,MYOR,RG,2270,110,D,BK,CC,D
9:40:35,MYOR,RG,2280,6,D,NI,CC,D
9:40:31,MYOR,RG,2280,11,D,BK,CC,D
9:39:58,MYOR,RG,2280,11,D,BK,CC,D
9:39:39,MYOR,RG,2270,1,D,PD,KK,D
9:39:39,MYOR,RG,2270,1,D,OD,KK,D
9:39:22,MYOR,RG,2280,5,F,CS,CC,D
9:39:20,MYOR,RG,2280,11,D,BK,CC,D
9:39:18,MYOR,RG,2280,3,D,CC,CC,D
9:38:41,MYOR,RG,2280,13,D,BK,CC,D
9:38:17,MYOR,RG,2280,6,F,CS,CC,D
9:38:17,MYOR,RG,2280,1,F,CS,CC,D
9:38:15,MYOR,RG,2270,48,F,CS,SQ,D
9:38:15,MYOR,RG,2270,2,F,CS,SQ,D
9:38:13,MYOR,RG,2280,1,F,CS,CC,D
9:38:13,MYOR,RG,2270,10,F,CS,SQ,D
9:37:59,MYOR,RG,2270,9,F,CS,SQ,D
9:37:59,MYOR,RG,2270,1,F,CS,SQ,D
9:37:34,MYOR,RG,2280,5,D,PD,CC,D
9:37:13,MYOR,RG,2280,1,F,CS,CC,D
9:37:13,MYOR,RG,2280,2,F,CS,CC,D
9:37:11,MYOR,RG,2270,1,F,CS,AK,F
9:37:10,MYOR,RG,2270,19,F,CS,SQ,D
9:37:09,MYOR,RG,2270,1,D,YP,SQ,D
9:37:00,MYOR,RG,2270,1,F,CS,CC,D
9:35:42,MYOR,RG,2270,1,D,HP,XC,D
9:35:08,MYOR,RG,2250,3,D,SQ,NI,D
9:34:36,MYOR,RG,2250,1,D,SQ,PD,D
9:34:18,MYOR,RG,2260,1,F,CS,PD,D
9:34:12,MYOR,RG,2260,8,F,CS,XC,D
9:34:11,MYOR,RG,2260,22,D,BK,XC,D
9:34:11,MYOR,RG,2260,15,D,ZR,XC,D
9:34:07,MYOR,RG,2270,1,F,CS,PD,D
9:34:07,MYOR,RG,2270,1,F,CS,PD,D
9:34:07,MYOR,RG,2270,1,F,CS,GR,D
9:34:07,MYOR,RG,2270,5,F,CS,PD,D
9:34:07,MYOR,RG,2270,10,F,CS,PD,D
9:34:07,MYOR,RG,2270,2,F,CS,XC,D
9:34:07,MYOR,RG,2270,31,F,CS,BK,F
9:34:07,MYOR,RG,2270,200,F,CS,CC,D
9:34:07,MYOR,RG,2270,4,F,CS,XC,D
9:34:07,MYOR,RG,2270,10,F,CS,BK,F
9:34:07,MYOR,RG,2270,100,F,CS,CC,D
9:34:07,MYOR,RG,2270,10,F,CS,SQ,D
9:34:07,MYOR,RG,2270,117,F,CS,BK,F
9:34:07,MYOR,RG,2270,671,F,CS,PD,D
9:34:02,MYOR,RG,2260,5,D,ZR,AT,D
9:34:02,MYOR,RG,2260,1,D,XC,AT,D
9:34:02,MYOR,RG,2260,26,D,BK,AT,D
9:34:02,MYOR,RG,2260,1,D,PD,AT,D
9:34:02,MYOR,RG,2260,1,D,XC,AT,D
9:34:02,MYOR,RG,2260,13,D,CC,AT,D
9:34:02,MYOR,RG,2260,1,D,AT,AT,D
9:34:02,MYOR,RG,2260,5,D,CC,AT,D
9:34:02,MYOR,RG,2260,14,D,PD,AT,D
9:34:02,MYOR,RG,2260,22,D,PD,AT,D
9:34:02,MYOR,RG,2260,4,D,DH,AT,D
9:34:02,MYOR,RG,2260,5,D,DR,AT,D
9:34:02,MYOR,RG,2260,2,D,NI,AT,D
9:33:31,MYOR,RG,2260,1,D,NI,DR,D
9:33:20,MYOR,RG,2260,1,D,PD,NI,D
9:32:56,MYOR,RG,2260,1,D,PD,PD,D
9:32:45,MYOR,RG,2260,2,D,PD,XC,D
9:31:33,MYOR,RG,2260,1,D,PD,PD,D
9:31:33,MYOR,RG,2260,1,D,XC,PD,D
9:31:33,MYOR,RG,2260,5,D,PD,PD,D
9:31:33,MYOR,RG,2260,2,D,YP,PD,D
9:31:33,MYOR,RG,2260,1,D,YP,PD,D
9:30:41,MYOR,RG,2270,1,D,XC,PD,D
9:29:53,MYOR,RG,2270,1,D,PD,PD,D
9:28:04,MYOR,RG,2270,5,D,KK,PD,D
9:27:52,MYOR,RG,2270,1,D,XC,PD,D
9:27:19,MYOR,RG,2270,2,D,PD,PD,D
9:26:44,MYOR,RG,2270,1,D,NI,PD,D
9:25:56,MYOR,RG,2260,10,D,CC,SQ,D
9:25:56,MYOR,RG,2260,11,D,CC,BK,F
9:25:56,MYOR,RG,2260,9,D,CC,YP,D
9:25:41,MYOR,RG,2260,1,D,DH,YP,D
9:25:18,MYOR,RG,2260,4,D,NI,YP,D
9:25:18,MYOR,RG,2260,21,D,OD,YP,D
9:25:01,MYOR,RG,2260,10,D,OD,SQ,D
9:24:58,MYOR,RG,2260,10,D,OD,SQ,D
9:24:46,MYOR,RG,2260,2,D,OD,PD,D
9:24:39,MYOR,RG,2260,15,D,OD,BK,F
9:24:39,MYOR,RG,2260,42,D,OD,PD,D
9:24:31,MYOR,RG,2260,8,D,NI,PD,D
9:24:31,MYOR,RG,2260,48,D,NI,PD,D
9:24:31,MYOR,RG,2260,1,D,NI,AK,F
9:24:31,MYOR,RG,2260,10,D,NI,BK,F
9:24:31,MYOR,RG,2260,33,D,NI,YP,D
9:24:29,MYOR,RG,2260,1,D,XC,YP,D
9:23:57,MYOR,RG,2260,1,D,YP,YP,D
9:23:27,MYOR,RG,2260,1,D,PD,YP,D
9:23:18,MYOR,RG,2260,1,D,XC,YP,D
9:22:15,MYOR,RG,2260,5,D,KK,YP,D
9:21:59,MYOR,RG,2260,2,D,PD,YP,D
9:21:59,MYOR,RG,2260,1,D,XC,YP,D
9:21:59,MYOR,RG,2260,5,D,PD,YP,D
9:20:20,MYOR,RG,2260,1,D,YP,XC,D
9:19:43,MYOR,RG,2260,15,F,AK,XC,D
9:19:43,MYOR,RG,2260,10,F,AK,BK,F
9:19:43,MYOR,RG,2260,16,D,KK,BK,F
9:19:43,MYOR,RG,2260,40,D,KK,KK,D
9:19:43,MYOR,RG,2260,5,D,KK,YP,D
9:19:43,MYOR,RG,2260,1,D,KK,NI,D
9:19:43,MYOR,RG,2260,2,D,KK,AK,F
9:19:43,MYOR,RG,2260,124,D,KK,SQ,D
9:19:03,MYOR,RG,2260,1,D,DH,SQ,D
9:18:47,MYOR,RG,2260,1,D,NI,BK,F
9:18:14,MYOR,RG,2260,1,D,XC,BK,F
9:17:56,MYOR,RG,2260,1,D,XC,BK,F
9:17:52,MYOR,RG,2260,2,D,CC,BK,F
9:17:40,MYOR,RG,2260,10,D,CC,BK,F
9:17:28,MYOR,RG,2260,1,D,XC,BK,F
9:17:26,MYOR,RG,2260,1,D,CC,BK,F
9:17:14,MYOR,RG,2260,18,D,NI,BK,F
9:17:14,MYOR,RG,2260,94,D,NI,PD,D
9:15:34,MYOR,RG,2260,2,D,DR,PD,D
9:14:42,MYOR,RG,2260,1,D,NI,PD,D
9:14:18,MYOR,RG,2260,13,D,PD,PD,D
9:13:28,MYOR,RG,2260,2,D,NI,PD,D
9:13:10,MYOR,RG,2260,2,D,NI,PD,D
9:13:10,MYOR,RG,2260,8,D,NI,BK,F
9:12:33,MYOR,RG,2250,7,D,SQ,PD,D
9:12:30,MYOR,RG,2260,60,D,AT,BK,F
9:12:23,MYOR,RG,2260,5,D,DH,BK,F
9:11:44,MYOR,RG,2260,1,D,PD,BK,F
9:11:23,MYOR,RG,2260,1,D,PC,BK,F
9:11:11,MYOR,RG,2250,3,D,SQ,YB,D
9:11:11,MYOR,RG,2250,2,D,SQ,KK,D
9:11:11,MYOR,RG,2250,23,D,DR,KK,D
9:11:11,MYOR,RG,2250,12,D,TP,KK,D
9:11:11,MYOR,RG,2250,14,D,AI,KK,D
9:11:11,MYOR,RG,2250,49,D,IP,KK,D
9:11:10,MYOR,RG,2250,1,D,IP,PC,D
9:10:41,MYOR,RG,2260,1,D,DH,BK,F
9:09:58,MYOR,RG,2260,10,D,RB,DH,D
9:09:46,MYOR,RG,2260,1,D,DH,DH,D
9:09:23,MYOR,RG,2260,1,D,YP,DH,D
9:09:00,MYOR,RG,2260,1,D,XC,DH,D
9:09:00,MYOR,RG,2260,1,D,PD,DH,D
9:09:00,MYOR,RG,2260,1,D,OD,DH,D
9:09:00,MYOR,RG,2260,2,D,XC,DH,D
9:08:43,MYOR,RG,2260,7,D,YP,NI,D
9:08:32,MYOR,RG,2260,2,D,YP,XC,D
9:08:32,MYOR,RG,2260,1,D,YP,PD,D
9:08:03,MYOR,RG,2260,1,D,PD,PD,D
9:08:03,MYOR,RG,2260,2,D,PD,PD,D
9:08:03,MYOR,RG,2260,1,D,YP,PD,D
9:08:03,MYOR,RG,2260,1,D,SQ,PD,D
9:08:03,MYOR,RG,2260,10,D,CC,PD,D
9:08:03,MYOR,RG,2260,1,D,PD,PD,D
9:08:03,MYOR,RG,2260,5,D,PD,PD,D
9:08:03,MYOR,RG,2260,50,D,YP,PD,D
9:08:03,MYOR,RG,2260,5,D,XC,PD,D
9:08:03,MYOR,RG,2260,1,D,CP,PD,D
9:08:03,MYOR,RG,2260,5,D,YP,PD,D
9:08:03,MYOR,RG,2260,1,D,PD,PD,D
9:08:03,MYOR,RG,2260,48,D,NI,PD,D
9:08:03,MYOR,RG,2260,30,D,CC,PD,D
9:08:03,MYOR,RG,2260,20,D,CC,PD,D
9:08:03,MYOR,RG,2260,1,D,PD,PD,D
9:08:03,MYOR,RG,2260,1,D,PD,PD,D
9:08:03,MYOR,RG,2260,1,D,YP,PD,D
9:08:03,MYOR,RG,2260,3,D,AZ,PD,D
9:08:03,MYOR,RG,2260,1,D,YP,PD,D
9:08:03,MYOR,RG,2260,198,D,CC,PD,D
9:07:38,MYOR,RG,2270,1,D,EP,PD,D
9:07:28,MYOR,RG,2270,5,D,YP,PD,D
9:06:52,MYOR,RG,2270,20,D,CC,PD,D
9:06:26,MYOR,RG,2270,25,D,CC,PD,D
9:05:58,MYOR,RG,2270,1,D,PD,PD,D
9:05:46,MYOR,RG,2270,26,D,CC,PD,D
9:05:46,MYOR,RG,2270,1,D,CC,KK,D
9:05:46,MYOR,RG,2270,3,D,CC,SQ,D
9:05:04,MYOR,RG,2270,1,D,XC,KK,D
9:04:30,MYOR,RG,2260,2,D,CC,SQ,D
9:04:30,MYOR,RG,2260,1,D,PD,SQ,D
9:04:30,MYOR,RG,2260,12,D,DH,SQ,D
9:04:15,MYOR,RG,2260,4,D,DH,SQ,D
9:04:06,MYOR,RG,2260,20,D,DH,KK,D
9:03:55,MYOR,RG,2260,14,D,DH,DH,D
9:03:55,MYOR,RG,2260,10,D,LG,DH,D
9:03:55,MYOR,RG,2260,2,D,KK,DH,D
9:03:55,MYOR,RG,2260,1,D,YP,DH,D
9:03:55,MYOR,RG,2260,3,D,PD,DH,D
9:03:55,MYOR,RG,2260,1,D,XC,DH,D
9:03:55,MYOR,RG,2260,5,D,CC,DH,D
9:03:44,MYOR,RG,2260,1,D,PD,XC,D
9:03:44,MYOR,RG,2260,2,D,KK,XC,D
9:03:30,MYOR,RG,2260,1,D,NI,SQ,D
9:02:23,MYOR,RG,2270,5,D,CC,CC,D
9:02:14,MYOR,RG,2270,8,D,DR,CC,D
9:00:50,MYOR,RG,2270,2,D,KK,CC,D
9:00:46,MYOR,RG,2270,20,D,YP,CC,D
9:00:39,MYOR,RG,2270,5,D,YP,CC,D
9:00:27,MYOR,RG,2270,10,D,AG,CC,D
9:00:20,MYOR,RG,2270,1,D,PD,CC,D
9:00:15,MYOR,RG,2270,5,D,XC,CC,D
9:00:10,MYOR,RG,2270,1,D,PD,CC,D
9:00:09,MYOR,RG,2260,1,D,NI,OD,D
9:00:09,MYOR,RG,2260,1,D,XC,OD,D
9:00:09,MYOR,RG,2270,2,D,KK,CC,D
9:00:09,MYOR,RG,2270,3,D,PD,CC,D
9:00:08,MYOR,RG,2270,8,D,DH,CC,D
9:00:07,MYOR,RG,2270,1,D,XC,CC,D
9:00:06,MYOR,RG,2270,2,D,KK,CC,D
9:00:06,MYOR,RG,2270,4,D,XC,CC,D
9:00:04,MYOR,RG,2270,1,D,AG,CC,D
9:00:04,MYOR,RG,2270,1,D,KK,CC,D
9:00:04,MYOR,RG,2270,3,D,XC,CC,D
9:00:03,MYOR,RG,2270,1,D,XC,CC,D
9:00:03,MYOR,RG,2270,1,D,XC,CC,D
9:00:03,MYOR,RG,2270,2,D,AT,CC,D
9:00:02,MYOR,RG,2270,1,D,XC,CC,D
9:00:02,MYOR,RG,2270,8,D,XC,CC,D
9:00:02,MYOR,RG,2270,1,D,AT,CC,D
9:00:02,MYOR,RG,2270,2,D,NI,CC,D
9:00:01,MYOR,RG,2270,2,D,XC,CC,D