Time,Stock,Brd,Price,Qty,BT,BC,SC,ST
15:12:49,MYOR,RG,2310,21,D,YP,YJ,D
15:11:53,MYOR,RG,2310,28,D,OD,YJ,D
15:09:37,MYOR,RG,2310,7,D,OD,KZ,F
15:09:37,MYOR,RG,2310,21,D,OD,PD,D
15:05:30,MYOR,RG,2310,12,D,OD,KZ,F
15:05:08,MYOR,RG,2310,131,F,ZP,KZ,F
15:05:04,MYOR,RG,2310,68,F,ZP,KZ,F
15:05:04,MYOR,RG,2310,30,D,SQ,KZ,F
15:05:04,MYOR,RG,2310,2,D,PD,KZ,F
15:05:04,MYOR,RG,2310,10,D,YP,KZ,F
15:05:04,MYOR,RG,2310,10,D,YP,KZ,F
15:05:04,MYOR,RG,2310,18,D,XC,KZ,F
15:05:04,MYOR,RG,2310,5,D,OD,KZ,F
15:05:04,MYOR,RG,2310,38,D,PD,KZ,F
15:00:00,MYOR,RG,2310,50,D,PD,PD,D
15:00:00,MYOR,RG,2310,4,D,PD,YP,D
15:00:00,MYOR,RG,2310,108,D,PD,BQ,D
15:00:00,MYOR,RG,2310,5,D,NI,BQ,D
15:00:00,MYOR,RG,2310,1,D,PD,BQ,D
15:00:00,MYOR,RG,2310,1,D,PD,BQ,D
15:00:00,MYOR,RG,2310,1,D,PD,BQ,D
15:00:00,MYOR,RG,2310,5,D,PD,BQ,D
15:00:00,MYOR,RG,2310,10,D,PD,BQ,D
15:00:00,MYOR,RG,2310,10,D,PD,BQ,D
15:00:00,MYOR,RG,2310,15,D,PD,BQ,D
15:00:00,MYOR,RG,2310,1,D,PD,BQ,D
15:00:00,MYOR,RG,2310,2,D,PD,BQ,D
15:00:00,MYOR,RG,2310,2,F,OD,BQ,D
15:00:00,MYOR,RG,2310,1,D,CC,BQ,D
15:00:00,MYOR,RG,2310,1,D,LG,BQ,D
15:00:00,MYOR,RG,2310,1,D,XC,BQ,D
15:00:00,MYOR,RG,2310,49,D,NI,BQ,D
15:00:00,MYOR,RG,2310,945,F,ZP,BQ,D
15:00:00,MYOR,RG,2310,164,F,ZP,KZ,F
15:00:00,MYOR,RG,2310,500,F,ZP,BQ,D
15:00:00,MYOR,RG,2310,253,F,ZP,KZ,F
15:00:00,MYOR,RG,2310,82,F,ZP,KZ,F
15:00:00,MYOR,RG,2310,56,F,ZP,BQ,D
15:00:00,MYOR,RG,2310,182,F,ZP,BQ,D
15:00:00,MYOR,RG,2310,20,F,ZP,EP,D
15:00:00,MYOR,RG,2310,14,F,ZP,EP,D
15:00:00,MYOR,RG,2310,6,D,CC,EP,D
15:00:00,MYOR,RG,2310,1,D,CC,PD,D
15:00:00,MYOR,RG,2310,28,D,CC,KZ,F
15:00:00,MYOR,RG,2310,65,D,DR,KZ,F
15:00:00,MYOR,RG,2310,1,D,XC,KZ,F
14:49:41,MYOR,RG,2310,2,F,ZP,BQ,D
14:49:36,MYOR,RG,2310,1,D,PD,BQ,D
14:49:30,MYOR,RG,2300,1,D,PD,KZ,F
14:49:30,MYOR,RG,2300,1,D,PD,KZ,F
14:49:30,MYOR,RG,2300,9,D,PD,KZ,F
14:49:27,MYOR,RG,2310,2,F,ZP,BQ,D
14:49:17,MYOR,RG,2310,15,F,ZP,BQ,D
14:49:16,MYOR,RG,2300,1,D,PD,KZ,F
14:49:16,MYOR,RG,2300,1,D,CC,KZ,F
14:49:15,MYOR,RG,2300,9,D,CC,BB,D
14:49:15,MYOR,RG,2300,30,D,CC,BB,D
14:49:15,MYOR,RG,2300,20,D,IP,BB,D
14:49:15,MYOR,RG,2300,8,D,ZP,BB,D
14:49:15,MYOR,RG,2300,3,D,ZP,KZ,F
14:49:13,MYOR,RG,2300,4,D,ZP,BB,D
14:49:13,MYOR,RG,2300,1,D,DR,BB,D
14:49:13,MYOR,RG,2300,1,D,XC,BB,D
14:49:13,MYOR,RG,2300,13,D,LG,BB,D
14:49:12,MYOR,RG,2310,10,F,ZP,BQ,D
14:49:11,MYOR,RG,2300,1,D,LG,KZ,F
14:49:09,MYOR,RG,2300,5,D,LG,BB,D
14:49:09,MYOR,RG,2300,1,D,LG,KZ,F
14:49:09,MYOR,RG,2300,1,D,PD,KZ,F
14:49:08,MYOR,RG,2300,1,D,YP,BB,D
14:49:08,MYOR,RG,2300,8,D,YP,BB,D
14:49:00,MYOR,RG,2300,2,D,YP,KZ,F
14:48:59,MYOR,RG,2300,12,D,YP,BB,D
14:48:48,MYOR,RG,2300,2,D,YP,KZ,F
14:48:47,MYOR,RG,2300,15,D,YP,BB,D
14:48:47,MYOR,RG,2300,1,D,YP,PD,D
14:48:30,MYOR,RG,2300,2,D,YP,KZ,F
14:48:25,MYOR,RG,2310,11,F,ZP,BQ,D
14:48:24,MYOR,RG,2300,1,D,YP,KZ,F
14:48:23,MYOR,RG,2300,7,D,YP,BB,D
14:48:23,MYOR,RG,2300,5,D,YU,BB,D
14:48:20,MYOR,RG,2300,40,D,YU,KZ,F
14:48:11,MYOR,RG,2310,12,F,ZP,BQ,D
14:48:10,MYOR,RG,2310,14,F,ZP,BQ,D
14:48:10,MYOR,RG,2300,5,D,YU,KZ,F
14:48:10,MYOR,RG,2300,1,D,PD,KZ,F
14:48:10,MYOR,RG,2300,2,D,PD,KZ,F
14:48:10,MYOR,RG,2300,10,D,PD,KZ,F
14:48:10,MYOR,RG,2300,1,D,XC,KZ,F
14:48:10,MYOR,RG,2300,1,D,XC,KZ,F
14:48:10,MYOR,RG,2300,4,D,NI,KZ,F
14:48:10,MYOR,RG,2300,43,D,MK,KZ,F
14:48:10,MYOR,RG,2300,13,D,MK,KZ,F
14:48:09,MYOR,RG,2300,38,D,MK,BB,D
14:47:47,MYOR,RG,2310,52,F,ZP,BQ,D
14:47:45,MYOR,RG,2310,43,D,OD,BQ,D
14:47:45,MYOR,RG,2310,239,F,ZP,BQ,D
14:47:45,MYOR,RG,2310,60,F,ZP,BQ,D
14:47:45,MYOR,RG,2310,301,F,ZP,BQ,D
14:47:44,MYOR,RG,2310,14,F,ZP,KZ,F
14:47:26,MYOR,RG,2310,41,F,ZP,BB,D
14:46:54,MYOR,RG,2310,1,F,ZP,KZ,F
14:46:39,MYOR,RG,2310,3,F,ZP,BB,D
14:46:34,MYOR,RG,2310,46,F,ZP,KZ,F
14:46:16,MYOR,RG,2310,300,F,ZP,KZ,F
14:46:16,MYOR,RG,2310,1000,F,ZP,BQ,D
14:46:16,MYOR,RG,2310,1,F,ZP,KZ,F
14:46:16,MYOR,RG,2310,40,F,ZP,BB,D
14:46:16,MYOR,RG,2310,1,F,ZP,KZ,F
14:46:16,MYOR,RG,2310,1,F,ZP,XC,D
14:46:16,MYOR,RG,2310,4,F,ZP,KZ,F
14:46:16,MYOR,RG,2310,41,F,ZP,KZ,F
14:46:16,MYOR,RG,2310,47,F,ZP,KZ,F
14:46:16,MYOR,RG,2310,12,F,ZP,KZ,F
14:46:16,MYOR,RG,2310,1,F,ZP,KZ,F
14:46:16,MYOR,RG,2310,146,F,ZP,KZ,F
14:45:51,MYOR,RG,2300,45,D,MK,BB,D
14:45:10,MYOR,RG,2310,12,F,ZP,KZ,F
14:45:04,MYOR,RG,2300,51,D,MK,BB,D
14:45:04,MYOR,RG,2310,33,F,ZP,KZ,F
14:44:53,MYOR,RG,2300,60,D,MK,BQ,D
14:44:53,MYOR,RG,2300,1,D,GR,BQ,D
14:44:53,MYOR,RG,2300,3,D,DH,BQ,D
14:44:53,MYOR,RG,2300,25,D,PD,BQ,D
14:44:53,MYOR,RG,2300,2,D,NI,BQ,D
14:44:53,MYOR,RG,2300,5,D,KK,BQ,D
14:44:53,MYOR,RG,2300,10,D,ZP,BQ,D
14:44:53,MYOR,RG,2300,4,D,XC,BQ,D
14:44:53,MYOR,RG,2300,6,D,XC,BQ,D
14:44:53,MYOR,RG,2300,2,D,PD,BQ,D
14:44:53,MYOR,RG,2300,10,D,PD,BQ,D
14:44:53,MYOR,RG,2300,1,D,XC,BQ,D
14:44:53,MYOR,RG,2300,1,D,PD,BQ,D
14:44:53,MYOR,RG,2300,2,D,GR,BQ,D
14:44:53,MYOR,RG,2300,3,D,XC,BQ,D
14:44:53,MYOR,RG,2300,10,D,PD,BQ,D
14:44:53,MYOR,RG,2300,1,D,PD,BQ,D
14:44:53,MYOR,RG,2300,2,D,YP,BQ,D
14:44:53,MYOR,RG,2300,1,D,CP,BQ,D
14:44:53,MYOR,RG,2300,1,D,DH,BQ,D
14:44:39,MYOR,RG,2300,1,D,DH,CC,D
14:44:12,MYOR,RG,2300,30,D,DH,BB,D
14:44:04,MYOR,RG,2310,10,D,YP,KZ,F
14:43:54,MYOR,RG,2310,1,D,YP,KZ,F
14:43:03,MYOR,RG,2310,15,F,ZP,KZ,F
14:43:02,MYOR,RG,2310,14,F,ZP,KZ,F
14:43:01,MYOR,RG,2310,55,D,PD,KZ,F
14:43:01,MYOR,RG,2310,45,D,PD,BQ,D
14:42:59,MYOR,RG,2310,50,D,PD,BQ,D
14:42:58,MYOR,RG,2310,5,D,YP,BQ,D
14:42:56,MYOR,RG,2310,10,D,XC,BQ,D
14:42:51,MYOR,RG,2310,22,D,CC,BQ,D
14:42:48,MYOR,RG,2310,5,D,CC,BQ,D
14:42:16,MYOR,RG,2310,1,D,XC,BQ,D
14:42:16,MYOR,RG,2310,1,D,SQ,BQ,D
14:42:16,MYOR,RG,2310,2,D,CC,BQ,D
14:42:16,MYOR,RG,2310,859,F,ZP,BQ,D
14:41:54,MYOR,RG,2310,34,F,ZP,BB,D
14:41:54,MYOR,RG,2310,273,F,ZP,KZ,F
14:41:54,MYOR,RG,2310,59,F,ZP,KZ,F
14:41:54,MYOR,RG,2310,13,F,ZP,KZ,F
14:41:54,MYOR,RG,2310,762,F,ZP,BQ,D
14:41:32,MYOR,RG,2310,200,D,YU,BQ,D
14:41:32,MYOR,RG,2300,42,D,DH,YU,D
14:41:31,MYOR,RG,2310,38,F,ZP,BQ,D
14:41:20,MYOR,RG,2310,200,F,ZP,BB,D
14:41:11,MYOR,RG,2310,6,F,ZP,KZ,F
14:41:11,MYOR,RG,2310,292,F,ZP,KZ,F
14:41:11,MYOR,RG,2310,10,F,ZP,KZ,F
14:41:11,MYOR,RG,2310,55,F,ZP,BB,D
14:41:11,MYOR,RG,2310,18,F,ZP,KZ,F
14:41:11,MYOR,RG,2310,16,F,ZP,KZ,F
14:41:11,MYOR,RG,2310,100,F,ZP,BQ,D
14:41:11,MYOR,RG,2310,1,F,ZP,XC,D
14:41:11,MYOR,RG,2310,330,F,ZP,KZ,F
14:41:11,MYOR,RG,2310,1000,F,ZP,BQ,D
14:41:11,MYOR,RG,2310,20,F,ZP,CC,D
14:41:11,MYOR,RG,2310,7,F,ZP,KZ,F
14:41:11,MYOR,RG,2310,20,F,ZP,OD,D
14:41:11,MYOR,RG,2310,7,F,ZP,KZ,F
14:41:11,MYOR,RG,2310,1,F,ZP,KZ,F
14:41:11,MYOR,RG,2310,17,F,ZP,KZ,F
14:41:11,MYOR,RG,2310,17,F,ZP,BQ,D
14:41:01,MYOR,RG,2300,26,D,DH,YU,D
14:41:01,MYOR,RG,2300,2,D,ZP,YU,D
14:41:01,MYOR,RG,2300,10,D,YP,YU,D
14:41:01,MYOR,RG,2300,4,D,YP,YU,D
14:40:39,MYOR,RG,2310,1,D,PD,BQ,D
14:40:18,MYOR,RG,2300,3,D,YP,YP,D
14:39:58,MYOR,RG,2300,7,D,YP,BB,D
14:39:58,MYOR,RG,2300,4,D,XC,BB,D
14:39:58,MYOR,RG,2300,2,D,DH,BB,D
14:39:58,MYOR,RG,2300,1,D,PD,BB,D
14:39:58,MYOR,RG,2300,1,D,YP,BB,D
14:39:58,MYOR,RG,2300,1,D,DH,BB,D
14:39:58,MYOR,RG,2300,3,D,NI,BB,D
14:39:58,MYOR,RG,2300,1,D,PD,BB,D
14:39:58,MYOR,RG,2300,10,D,PD,BB,D
14:39:58,MYOR,RG,2300,58,D,CC,BB,D
14:39:56,MYOR,RG,2300,10,D,CC,PD,D
14:38:20,MYOR,RG,2300,41,D,CC,YU,D
14:38:09,MYOR,RG,2300,28,D,CC,BB,D
14:37:53,MYOR,RG,2310,32,D,YP,BQ,D
14:37:53,MYOR,RG,2310,3,D,YP,KZ,F
14:37:53,MYOR,RG,2310,13,D,YP,KZ,F
14:37:53,MYOR,RG,2310,2,D,YP,KZ,F
14:36:17,MYOR,RG,2310,2,D,YP,KZ,F
14:35:54,MYOR,RG,2310,28,F,ZP,KZ,F
14:35:54,MYOR,RG,2310,12,F,ZP,BB,D
14:35:54,MYOR,RG,2300,13,D,CC,KZ,F
14:35:54,MYOR,RG,2300,10,D,YP,KZ,F
14:35:54,MYOR,RG,2300,19,D,KK,KZ,F
14:35:48,MYOR,RG,2300,1,D,KK,BB,D
14:35:48,MYOR,RG,2300,12,D,XC,BB,D
14:35:32,MYOR,RG,2310,5,D,YP,BB,D
14:35:27,MYOR,RG,2310,18,D,PD,BB,D
14:35:27,MYOR,RG,2310,4,D,PD,BQ,D
14:35:01,MYOR,RG,2310,22,F,ZP,BQ,D
14:35:01,MYOR,RG,2300,1,D,XC,YU,D
14:35:01,MYOR,RG,2300,10,D,XC,YU,D
14:35:01,MYOR,RG,2300,32,D,YP,YU,D
14:34:54,MYOR,RG,2300,11,D,YP,BB,D
14:34:54,MYOR,RG,2300,10,D,OD,BB,D
14:34:54,MYOR,RG,2300,12,D,NI,BB,D
14:34:32,MYOR,RG,2300,2,D,NI,YP,D
14:34:05,MYOR,RG,2300,35,D,NI,BB,D
14:33:54,MYOR,RG,2310,8,F,ZP,BQ,D
14:33:13,MYOR,RG,2300,33,D,NI,BB,D
14:32:52,MYOR,RG,2300,8,D,NI,YP,D
14:32:25,MYOR,RG,2300,10,D,NI,BB,D
14:32:25,MYOR,RG,2300,25,D,YP,BB,D
14:31:52,MYOR,RG,2300,25,D,YP,IF,D
14:31:44,MYOR,RG,2300,8,D,YP,KZ,F
14:31:43,MYOR,RG,2310,2,D,PD,BQ,D
14:31:40,MYOR,RG,2300,44,D,YP,YU,D
14:31:34,MYOR,RG,2300,33,D,YP,KZ,F
14:31:34,MYOR,RG,2300,23,D,YP,KZ,F
14:31:32,MYOR,RG,2300,31,D,YP,BB,D
14:31:14,MYOR,RG,2310,5,D,LS,BQ,D
14:30:48,MYOR,RG,2310,9,F,ZP,BQ,D
14:30:48,MYOR,RG,2310,11,F,ZP,KZ,F
14:30:47,MYOR,RG,2300,33,D,YP,BB,D
14:30:04,MYOR,RG,2300,5,D,YP,KZ,F
14:30:03,MYOR,RG,2310,1,D,PD,KZ,F
14:29:58,MYOR,RG,2300,30,D,YP,BB,D
14:29:46,MYOR,RG,2300,10,D,YP,YP,D
14:29:25,MYOR,RG,2300,3,D,YP,XC,D
14:29:13,MYOR,RG,2300,3,D,YP,BB,D
14:28:42,MYOR,RG,2310,21,F,ZP,KZ,F
14:28:34,MYOR,RG,2300,43,D,YP,YU,D
14:28:30,MYOR,RG,2300,2,D,YP,YP,D
14:28:30,MYOR,RG,2310,1,D,XC,KZ,F
14:27:06,MYOR,RG,2310,1,D,PD,KZ,F
14:26:39,MYOR,RG,2310,1,D,XC,KZ,F
14:26:33,MYOR,RG,2310,5,D,LG,KZ,F
14:26:33,MYOR,RG,2310,1,D,XC,KZ,F
14:25:59,MYOR,RG,2310,59,F,ZP,KZ,F
14:25:44,MYOR,RG,2300,1,D,YP,YP,D
14:25:44,MYOR,RG,2300,22,D,YP,CC,D
14:25:44,MYOR,RG,2300,5,D,YP,CC,D
14:25:43,MYOR,RG,2300,50,D,YP,NI,D
14:25:43,MYOR,RG,2300,5,D,YP,NI,D
14:25:43,MYOR,RG,2300,2,D,YP,NI,D
14:25:43,MYOR,RG,2300,1,D,PD,NI,D
14:25:43,MYOR,RG,2300,4,D,YU,NI,D
14:25:43,MYOR,RG,2310,10,D,PD,KZ,F
14:25:43,MYOR,RG,2300,46,D,YU,ZP,D
14:25:43,MYOR,RG,2300,3,D,PD,ZP,D
14:25:43,MYOR,RG,2300,1,D,PC,ZP,D
14:25:43,MYOR,RG,2300,32,D,YP,ZP,D
14:25:43,MYOR,RG,2300,2,D,PD,ZP,D
14:25:43,MYOR,RG,2300,1,D,YP,ZP,D
14:25:43,MYOR,RG,2300,1,D,YP,ZP,D
14:25:43,MYOR,RG,2300,2,D,PD,ZP,D
14:25:43,MYOR,RG,2300,1,D,PD,ZP,D
14:25:43,MYOR,RG,2300,5,D,YP,ZP,D
14:25:43,MYOR,RG,2300,5,D,CC,ZP,D
14:25:43,MYOR,RG,2300,1,D,YP,ZP,D
14:25:43,MYOR,RG,2300,1,D,XC,ZP,D
14:25:43,MYOR,RG,2300,5,D,CC,ZP,D
14:25:43,MYOR,RG,2300,10,D,PD,ZP,D
14:25:43,MYOR,RG,2300,3,D,PD,ZP,D
14:25:43,MYOR,RG,2300,2,D,PD,ZP,D
14:25:43,MYOR,RG,2300,10,D,PD,ZP,D
14:25:43,MYOR,RG,2300,4,D,SQ,ZP,D
14:25:43,MYOR,RG,2300,1,D,SQ,YU,D
14:25:43,MYOR,RG,2300,5,D,XA,YU,D
14:25:43,MYOR,RG,2300,1,D,XC,YU,D
14:25:43,MYOR,RG,2300,4,D,PD,YU,D
14:25:43,MYOR,RG,2300,2,D,PD,YU,D
14:25:43,MYOR,RG,2300,1,D,AT,YU,D
14:25:43,MYOR,RG,2300,4,D,PD,YU,D
14:25:43,MYOR,RG,2300,1,D,DH,YU,D
14:25:43,MYOR,RG,2300,2,D,PD,YU,D
14:25:43,MYOR,RG,2300,2,D,DH,YU,D
14:25:43,MYOR,RG,2300,2,D,PD,YU,D
14:25:43,MYOR,RG,2300,1,D,GR,YU,D
14:25:43,MYOR,RG,2300,15,D,KK,YU,D
14:25:38,MYOR,RG,2310,1,D,YP,KZ,F
14:25:17,MYOR,RG,2310,1,D,YP,KZ,F
14:25:06,MYOR,RG,2310,32,F,ZP,KZ,F
14:25:05,MYOR,RG,2310,20,D,CC,KZ,F
14:25:04,MYOR,RG,2310,124,F,ZP,KZ,F
14:25:04,MYOR,RG,2310,1,D,XC,KZ,F
14:25:04,MYOR,RG,2310,2,D,CC,KZ,F
14:25:04,MYOR,RG,2310,1,D,NI,KZ,F
14:25:04,MYOR,RG,2310,1,D,CC,KZ,F
14:25:04,MYOR,RG,2310,1,D,SQ,KZ,F
14:25:04,MYOR,RG,2310,5,D,PD,KZ,F
14:25:04,MYOR,RG,2310,1,D,YP,KZ,F
14:25:04,MYOR,RG,2310,1,D,XC,KZ,F
14:25:04,MYOR,RG,2310,5,D,CC,KZ,F
14:25:04,MYOR,RG,2310,5,D,XL,KZ,F
14:25:04,MYOR,RG,2310,2,D,XC,KZ,F
14:25:04,MYOR,RG,2310,2,D,OD,KZ,F
14:25:04,MYOR,RG,2310,2,D,PD,KZ,F
14:25:04,MYOR,RG,2310,8,D,GR,KZ,F
14:25:04,MYOR,RG,2310,2,D,PD,KZ,F
14:25:04,MYOR,RG,2310,5,D,PD,KZ,F
14:25:04,MYOR,RG,2310,5,D,YP,KZ,F
14:25:04,MYOR,RG,2310,1,D,PD,KZ,F
14:25:04,MYOR,RG,2310,1,D,CC,KZ,F
14:25:04,MYOR,RG,2310,1,D,CC,KZ,F
14:25:04,MYOR,RG,2310,10,D,YP,KZ,F
14:25:04,MYOR,RG,2310,2,D,AT,KZ,F
14:25:04,MYOR,RG,2310,1,D,XC,KZ,F
14:25:04,MYOR,RG,2310,1,D,YP,KZ,F
14:25:04,MYOR,RG,2310,10,D,YP,KZ,F
14:25:04,MYOR,RG,2310,1,D,XC,KZ,F
14:25:04,MYOR,RG,2310,2,D,DR,KZ,F
14:25:04,MYOR,RG,2310,20,D,XC,KZ,F
14:25:04,MYOR,RG,2310,10,D,PD,KZ,F
14:25:04,MYOR,RG,2310,24,D,PD,KZ,F
14:25:04,MYOR,RG,2310,20,D,PD,KZ,F
14:25:04,MYOR,RG,2310,8,D,PC,KZ,F
14:25:04,MYOR,RG,2310,7,D,PD,KZ,F
14:25:04,MYOR,RG,2310,5,D,PD,KZ,F
14:25:04,MYOR,RG,2310,10,D,EP,KZ,F
14:25:04,MYOR,RG,2310,1,D,XC,KZ,F
14:25:04,MYOR,RG,2310,1,D,XC,KZ,F
14:25:04,MYOR,RG,2310,10,D,YP,KZ,F
14:25:04,MYOR,RG,2310,8,D,NI,KZ,F
14:25:04,MYOR,RG,2310,11,D,KK,KZ,F
14:25:04,MYOR,RG,2310,3,D,CC,KZ,F
14:25:04,MYOR,RG,2310,7,D,CC,KZ,F
14:25:04,MYOR,RG,2310,8,F,ZP,KZ,F
14:25:04,MYOR,RG,2310,6,F,ZP,KZ,F
14:25:04,MYOR,RG,2310,9,F,ZP,KZ,F
14:25:04,MYOR,RG,2310,1,F,ZP,KZ,F
14:24:58,MYOR,RG,2310,495,F,ZP,BQ,D
14:24:58,MYOR,RG,2310,8,D,PD,BQ,D
14:24:58,MYOR,RG,2310,1,D,BQ,BQ,D
14:24:58,MYOR,RG,2310,100,D,PD,BQ,D
14:24:58,MYOR,RG,2310,1,D,XC,BQ,D
14:24:58,MYOR,RG,2310,4,D,CC,BQ,D
14:24:58,MYOR,RG,2310,2,D,PD,BQ,D
14:24:58,MYOR,RG,2310,1,D,SQ,BQ,D
14:24:58,MYOR,RG,2310,30,D,NI,BQ,D
14:24:58,MYOR,RG,2310,4,D,PD,BQ,D
14:24:58,MYOR,RG,2310,50,D,YP,BQ,D
14:24:58,MYOR,RG,2310,1,D,PD,BQ,D
14:24:58,MYOR,RG,2310,5,D,OD,BQ,D
14:24:58,MYOR,RG,2310,1,D,OD,BQ,D
14:24:58,MYOR,RG,2310,21,D,YP,BQ,D
14:24:58,MYOR,RG,2310,4,D,XC,BQ,D
14:24:58,MYOR,RG,2310,9,D,PD,BQ,D
14:24:58,MYOR,RG,2310,1,D,PD,BQ,D
14:24:58,MYOR,RG,2310,2,D,PD,BQ,D
14:24:58,MYOR,RG,2310,5,D,PD,BQ,D
14:24:58,MYOR,RG,2310,1,D,XC,BQ,D
14:24:58,MYOR,RG,2310,10,D,PD,BQ,D
14:24:58,MYOR,RG,2310,1,D,PD,BQ,D
14:24:58,MYOR,RG,2310,1,D,KK,BQ,D
14:24:58,MYOR,RG,2310,1,D,YP,BQ,D
14:24:58,MYOR,RG,2310,4,D,KK,BQ,D
14:24:58,MYOR,RG,2310,1,D,KK,BQ,D
14:24:58,MYOR,RG,2310,5,D,GR,BQ,D
14:24:58,MYOR,RG,2310,1,D,YP,BQ,D
14:24:58,MYOR,RG,2310,1,D,PD,BQ,D
14:24:58,MYOR,RG,2310,5,D,YP,BQ,D
14:24:58,MYOR,RG,2310,1,D,LG,BQ,D
14:24:58,MYOR,RG,2310,15,D,SQ,BQ,D
14:24:58,MYOR,RG,2310,4,D,EP,BQ,D
14:24:58,MYOR,RG,2310,20,D,SQ,BQ,D
14:24:58,MYOR,RG,2310,1,D,SQ,BQ,D
14:24:58,MYOR,RG,2310,9,D,PD,BQ,D
14:24:58,MYOR,RG,2310,13,D,AZ,BQ,D
14:24:58,MYOR,RG,2310,1,D,YU,BQ,D
14:24:58,MYOR,RG,2310,3,D,XC,BQ,D
14:24:58,MYOR,RG,2310,25,D,DR,BQ,D
14:24:58,MYOR,RG,2310,1,D,CC,BQ,D
14:24:58,MYOR,RG,2310,5,D,YP,BQ,D
14:24:58,MYOR,RG,2310,1,D,NI,BQ,D
14:24:58,MYOR,RG,2310,5,D,DR,BQ,D
14:24:58,MYOR,RG,2310,3,D,NI,BQ,D
14:24:58,MYOR,RG,2310,10,D,YP,BQ,D
14:24:58,MYOR,RG,2310,1,D,SQ,BQ,D
14:24:58,MYOR,RG,2310,2,D,YP,BQ,D
14:24:58,MYOR,RG,2310,5,D,BQ,BQ,D
14:24:58,MYOR,RG,2310,1,D,YP,BQ,D
14:24:58,MYOR,RG,2310,5,D,PD,BQ,D
14:24:58,MYOR,RG,2310,1,D,PD,BQ,D
14:24:58,MYOR,RG,2310,2,D,XC,BQ,D
14:24:58,MYOR,RG,2310,25,D,DH,BQ,D
14:24:58,MYOR,RG,2310,1,D,XC,BQ,D
14:24:58,MYOR,RG,2310,5,D,CC,BQ,D
14:24:58,MYOR,RG,2310,10,D,SQ,BQ,D
14:24:58,MYOR,RG,2310,3,D,PD,BQ,D
14:24:58,MYOR,RG,2310,3,D,XC,BQ,D
14:24:58,MYOR,RG,2310,80,D,CC,BQ,D
14:24:58,MYOR,RG,2310,50,D,NI,BQ,D
14:24:58,MYOR,RG,2310,2,D,EP,BQ,D
14:24:58,MYOR,RG,2310,100,D,CP,BQ,D
14:24:58,MYOR,RG,2310,1,D,PD,BQ,D
14:24:58,MYOR,RG,2310,1,D,PD,BQ,D
14:24:58,MYOR,RG,2310,1,D,NI,BQ,D
14:24:58,MYOR,RG,2310,10,D,MK,BQ,D
14:24:58,MYOR,RG,2310,10,D,PD,BQ,D
14:24:58,MYOR,RG,2310,30,D,SQ,BQ,D
14:24:58,MYOR,RG,2310,2,D,PD,BQ,D
14:24:58,MYOR,RG,2310,5,D,CC,BQ,D
14:24:58,MYOR,RG,2310,5,D,PD,BQ,D
14:24:58,MYOR,RG,2310,10,D,ZP,BQ,D
14:24:58,MYOR,RG,2310,1,D,DH,BQ,D
14:24:58,MYOR,RG,2310,2,D,PD,BQ,D
14:24:58,MYOR,RG,2310,1,D,GR,BQ,D
14:24:58,MYOR,RG,2310,5,D,KK,BQ,D
14:24:58,MYOR,RG,2310,1,D,PD,BQ,D
14:24:58,MYOR,RG,2310,1,D,PD,BQ,D
14:24:58,MYOR,RG,2310,10,D,CC,BQ,D
14:24:58,MYOR,RG,2310,50,D,YP,BQ,D
14:24:58,MYOR,RG,2310,1,D,YP,BQ,D
14:24:58,MYOR,RG,2310,1,D,PD,BQ,D
14:24:58,MYOR,RG,2310,1,D,GR,BQ,D
14:24:58,MYOR,RG,2310,21,D,YB,BQ,D
14:24:58,MYOR,RG,2310,5,D,CC,BQ,D
14:24:58,MYOR,RG,2310,1,D,PD,BQ,D
14:24:58,MYOR,RG,2310,5,D,PD,BQ,D
14:24:58,MYOR,RG,2310,25,D,NI,BQ,D
14:24:58,MYOR,RG,2310,20,D,YP,BQ,D
14:24:58,MYOR,RG,2310,44,D,DH,BQ,D
14:24:58,MYOR,RG,2310,10,D,PD,BQ,D
14:24:58,MYOR,RG,2310,10,D,CC,BQ,D
14:24:58,MYOR,RG,2310,1,D,PD,BQ,D
14:24:58,MYOR,RG,2310,11,D,PD,BQ,D
14:24:58,MYOR,RG,2310,2,D,PD,BQ,D
14:24:58,MYOR,RG,2310,7,D,YP,BQ,D
14:24:25,MYOR,RG,2310,10,D,YP,KK,D
14:24:20,MYOR,RG,2310,29,D,YP,BB,D
14:24:04,MYOR,RG,2310,4,D,YP,KZ,F
14:24:04,MYOR,RG,2310,4,D,PD,KZ,F
14:24:04,MYOR,RG,2310,2,D,YP,KZ,F
14:24:04,MYOR,RG,2310,3,D,XL,KZ,F
14:24:04,MYOR,RG,2310,10,D,YP,KZ,F
14:24:04,MYOR,RG,2310,2,D,NI,KZ,F
14:24:04,MYOR,RG,2310,5,D,PD,KZ,F
14:24:04,MYOR,RG,2310,5,D,KK,KZ,F
14:24:04,MYOR,RG,2310,5,D,PD,KZ,F
14:24:04,MYOR,RG,2310,1,D,PD,KZ,F
14:23:34,MYOR,RG,2310,10,D,EP,KZ,F
14:23:34,MYOR,RG,2310,1,D,KK,KZ,F
14:23:27,MYOR,RG,2310,13,D,KK,BB,D
14:23:27,MYOR,RG,2310,10,D,PD,BB,D
14:23:27,MYOR,RG,2310,5,D,PD,BB,D
14:23:27,MYOR,RG,2310,1,D,PD,BB,D
14:22:51,MYOR,RG,2310,1,D,PD,YU,D
14:22:51,MYOR,RG,2310,1,D,YP,YU,D
14:22:51,MYOR,RG,2310,3,D,PD,YU,D
14:22:51,MYOR,RG,2310,2,D,PD,YU,D
14:22:51,MYOR,RG,2310,1,D,KK,YU,D
14:22:51,MYOR,RG,2310,1,D,PD,YU,D
14:22:51,MYOR,RG,2310,30,D,PD,YU,D
14:22:51,MYOR,RG,2310,4,D,PD,YU,D
14:22:34,MYOR,RG,2310,29,D,PD,BB,D
14:21:46,MYOR,RG,2310,1,D,PD,BB,D
14:21:46,MYOR,RG,2310,10,D,PD,BB,D
14:21:46,MYOR,RG,2310,5,D,PD,BB,D
14:21:46,MYOR,RG,2310,1,D,PD,BB,D
14:21:46,MYOR,RG,2310,1,D,PD,BB,D
14:21:46,MYOR,RG,2310,10,D,CC,BB,D
14:21:46,MYOR,RG,2310,1,D,YP,BB,D
14:21:00,MYOR,RG,2310,1,D,PD,YP,D
14:21:00,MYOR,RG,2310,4,D,CC,YP,D
14:20:54,MYOR,RG,2310,1,D,CC,KZ,F
14:20:53,MYOR,RG,2310,1,D,NI,BB,D
14:20:53,MYOR,RG,2310,20,D,YP,BB,D
14:20:53,MYOR,RG,2310,1,D,YP,BB,D
14:20:53,MYOR,RG,2310,11,D,SH,BB,D
14:20:42,MYOR,RG,2310,1,D,SH,KK,D
14:20:09,MYOR,RG,2310,8,D,SH,YP,D
14:20:09,MYOR,RG,2310,10,D,XC,YP,D
14:20:09,MYOR,RG,2310,5,D,PD,YP,D
14:20:09,MYOR,RG,2310,1,D,DX,YP,D
14:20:09,MYOR,RG,2310,3,D,PD,YP,D
14:20:09,MYOR,RG,2310,19,D,SQ,YP,D
14:20:02,MYOR,RG,2310,45,D,SQ,YU,D
14:19:56,MYOR,RG,2310,32,D,SQ,BB,D
14:19:34,MYOR,RG,2310,1,D,SQ,KZ,F
14:19:24,MYOR,RG,2310,1,D,SQ,KZ,F
14:19:24,MYOR,RG,2310,14,D,SQ,KZ,F
14:19:24,MYOR,RG,2310,12,D,SQ,KZ,F
14:19:24,MYOR,RG,2310,12,D,SQ,KZ,F
14:18:57,MYOR,RG,2310,37,D,SQ,BB,D
14:18:19,MYOR,RG,2320,1,D,XC,BQ,D
14:18:15,MYOR,RG,2310,38,D,SQ,KZ,F
14:17:54,MYOR,RG,2310,24,D,SQ,KZ,F
14:17:53,MYOR,RG,2310,35,D,SQ,BB,D
14:16:49,MYOR,RG,2310,39,D,SQ,BB,D
14:16:00,MYOR,RG,2310,39,D,SQ,YU,D
14:15:44,MYOR,RG,2310,12,D,SQ,KZ,F
14:15:43,MYOR,RG,2310,34,D,SQ,BB,D
14:15:08,MYOR,RG,2310,1,D,SQ,NI,D
14:14:43,MYOR,RG,2310,38,D,SQ,BB,D
14:13:35,MYOR,RG,2310,34,D,SQ,BB,D
14:13:04,MYOR,RG,2310,12,D,SQ,KZ,F
14:12:32,MYOR,RG,2310,37,D,SQ,BB,D
14:12:04,MYOR,RG,2310,15,D,SQ,KZ,F
14:12:00,MYOR,RG,2310,44,D,SQ,YU,D
14:11:54,MYOR,RG,2310,11,D,SQ,KZ,F
14:11:34,MYOR,RG,2310,45,D,SQ,KZ,F
14:11:25,MYOR,RG,2310,34,D,SQ,BB,D
14:10:54,MYOR,RG,2310,1,D,SQ,KZ,F
14:10:23,MYOR,RG,2310,35,D,SQ,BB,D
14:09:32,MYOR,RG,2310,60,D,SQ,YU,D
14:09:19,MYOR,RG,2310,40,D,SQ,BB,D
14:09:04,MYOR,RG,2310,38,D,SQ,KZ,F
14:08:58,MYOR,RG,2310,2,D,SQ,PD,D
14:08:44,MYOR,RG,2310,33,D,SQ,KZ,F
14:08:08,MYOR,RG,2310,36,D,SQ,BB,D
14:07:31,MYOR,RG,2310,41,D,SQ,YU,D
14:07:01,MYOR,RG,2310,34,D,SQ,BB,D
14:06:44,MYOR,RG,2320,5,D,XC,BQ,D
14:06:34,MYOR,RG,2310,15,D,SQ,KZ,F
14:06:00,MYOR,RG,2310,36,D,SQ,BB,D
14:05:00,MYOR,RG,2310,10,D,SQ,OD,D
14:04:55,MYOR,RG,2310,33,D,SQ,BB,D
14:04:41,MYOR,RG,2310,20,D,SQ,PD,D
14:03:54,MYOR,RG,2310,1,D,SQ,BB,D
14:03:46,MYOR,RG,2320,43,D,PD,BQ,D
14:03:14,MYOR,RG,2310,13,D,SQ,KZ,F
14:03:09,MYOR,RG,2320,1,D,XC,BQ,D
14:02:54,MYOR,RG,2310,37,D,SQ,BB,D
14:02:50,MYOR,RG,2310,37,D,SQ,BB,D
14:02:30,MYOR,RG,2310,43,D,SQ,YU,D
14:01:49,MYOR,RG,2310,2,D,SQ,BB,D
13:59:57,MYOR,RG,2310,2,D,SQ,PD,D
13:59:40,MYOR,RG,2310,4,D,SQ,NI,D
13:59:09,MYOR,RG,2320,100,D,YP,BQ,D
13:58:10,MYOR,RG,2320,2,D,NI,BQ,D
13:57:30,MYOR,RG,2310,44,D,SQ,YU,D
13:57:20,MYOR,RG,2320,1,D,XC,BQ,D
13:56:18,MYOR,RG,2320,30,D,PD,BQ,D
13:54:54,MYOR,RG,2320,1,D,PD,BQ,D
13:54:09,MYOR,RG,2320,658,F,ZP,BQ,D
13:53:20,MYOR,RG,2320,22,F,ZP,KZ,F
13:53:20,MYOR,RG,2320,55,F,ZP,DX,F
13:53:20,MYOR,RG,2320,175,F,ZP,KZ,F
13:53:20,MYOR,RG,2320,12,F,ZP,KZ,F
13:53:20,MYOR,RG,2320,16,F,ZP,KZ,F
13:53:20,MYOR,RG,2320,4,F,ZP,KZ,F
13:53:20,MYOR,RG,2320,134,F,ZP,BB,D
13:53:20,MYOR,RG,2320,20,F,ZP,KZ,F
13:53:20,MYOR,RG,2320,404,F,ZP,BQ,D
13:52:52,MYOR,RG,2320,1,D,PD,BQ,D
13:52:52,MYOR,RG,2320,1,D,PD,BQ,D
13:52:52,MYOR,RG,2320,10,D,EP,BQ,D
13:52:52,MYOR,RG,2320,10,D,YP,BQ,D
13:52:52,MYOR,RG,2320,1,D,YP,BQ,D
13:52:52,MYOR,RG,2320,10,D,NI,BQ,D
13:52:52,MYOR,RG,2320,2,D,NI,BQ,D
13:52:52,MYOR,RG,2320,61,D,KK,BQ,D
13:52:44,MYOR,RG,2320,17,D,KK,KZ,F
13:52:41,MYOR,RG,2320,50,D,KK,BQ,D
13:52:34,MYOR,RG,2320,15,D,KK,KZ,F
13:52:34,MYOR,RG,2320,14,D,KK,KZ,F
13:52:34,MYOR,RG,2320,14,D,KK,KZ,F
13:52:31,MYOR,RG,2320,29,D,KK,KZ,F
13:52:31,MYOR,RG,2320,2,D,PD,KZ,F
13:52:31,MYOR,RG,2320,2,D,PD,KZ,F
13:52:31,MYOR,RG,2320,1,D,PD,KZ,F
13:52:31,MYOR,RG,2320,20,D,NI,KZ,F
13:52:31,MYOR,RG,2320,4,D,PD,KZ,F
13:52:31,MYOR,RG,2320,1,D,PD,KZ,F
13:52:31,MYOR,RG,2320,258,F,ZP,KZ,F
13:52:31,MYOR,RG,2320,950,F,ZP,LG,D
13:52:30,MYOR,RG,2320,42,F,ZP,YU,D
13:52:04,MYOR,RG,2320,80,F,ZP,KZ,F
13:52:04,MYOR,RG,2320,7,F,ZP,KZ,F
13:52:04,MYOR,RG,2320,70,F,ZP,KZ,F
13:52:01,MYOR,RG,2320,212,F,ZP,NI,D
13:51:49,MYOR,RG,2320,20,F,ZP,CC,D
13:51:04,MYOR,RG,2320,177,F,ZP,BB,D
13:51:01,MYOR,RG,2330,1,D,PD,OD,D
13:50:25,MYOR,RG,2330,1,D,PD,OD,D
13:49:33,MYOR,RG,2330,1,D,EP,OD,D
13:48:49,MYOR,RG,2330,60,D,ZP,OD,D
13:48:00,MYOR,RG,2320,43,F,ZP,YU,D
13:46:12,MYOR,RG,2320,50,F,ZP,PD,D
13:46:05,MYOR,RG,2330,17,D,GR,OD,D
13:46:05,MYOR,RG,2330,8,D,GR,KZ,F
13:45:34,MYOR,RG,2320,22,F,ZP,KZ,F
13:45:24,MYOR,RG,2320,1,F,ZP,YP,D
13:45:14,MYOR,RG,2320,67,F,ZP,BB,D
13:45:04,MYOR,RG,2320,12,F,ZP,KZ,F
13:44:00,MYOR,RG,2320,41,F,ZP,YU,D
13:43:58,MYOR,RG,2320,3,F,ZP,YP,D
13:42:37,MYOR,RG,2320,1,F,ZP,KK,D
13:42:19,MYOR,RG,2330,1,D,KK,KZ,F
13:42:13,MYOR,RG,2330,1,D,XC,KZ,F
13:41:46,MYOR,RG,2330,1,D,KK,KZ,F
13:40:32,MYOR,RG,2320,10,F,ZP,YP,D
13:40:04,MYOR,RG,2320,14,F,ZP,KZ,F
13:40:00,MYOR,RG,2320,44,F,ZP,YU,D
13:37:14,MYOR,RG,2320,13,F,ZP,KZ,F
13:35:02,MYOR,RG,2320,40,F,ZP,YU,D
13:32:41,MYOR,RG,2330,1,D,CC,KZ,F
13:32:04,MYOR,RG,2320,49,F,ZP,DX,F
13:32:04,MYOR,RG,2320,59,F,ZP,KZ,F
13:32:04,MYOR,RG,2320,20,F,ZP,KZ,F
13:32:04,MYOR,RG,2320,11,F,ZP,BB,D
13:32:04,MYOR,RG,2320,17,F,ZP,KZ,F
13:32:04,MYOR,RG,2320,167,F,ZP,BQ,D
13:31:44,MYOR,RG,2320,10,D,KK,BQ,D
13:31:44,MYOR,RG,2320,5,D,YP,BQ,D
13:31:44,MYOR,RG,2320,5,D,OD,BQ,D
13:31:44,MYOR,RG,2320,1,D,XC,BQ,D
13:31:44,MYOR,RG,2320,1,D,XC,BQ,D
13:31:44,MYOR,RG,2320,1,D,XC,BQ,D
13:31:44,MYOR,RG,2320,1,D,XC,BQ,D
13:31:44,MYOR,RG,2320,1,D,XC,BQ,D
13:31:44,MYOR,RG,2320,13,D,YP,BQ,D
13:31:44,MYOR,RG,2320,2,D,XC,BQ,D
13:31:44,MYOR,RG,2320,1,D,YP,BQ,D
13:31:44,MYOR,RG,2320,1,D,PD,BQ,D
13:31:44,MYOR,RG,2320,1,D,PD,BQ,D
13:31:44,MYOR,RG,2320,10,D,PD,BQ,D
13:31:44,MYOR,RG,2320,4,D,KK,BQ,D
13:31:44,MYOR,RG,2320,1,D,YP,BQ,D
13:31:44,MYOR,RG,2320,275,F,ZP,BQ,D
13:30:14,MYOR,RG,2320,24,F,ZP,KZ,F
13:30:11,MYOR,RG,2320,94,F,ZP,KZ,F
13:30:11,MYOR,RG,2320,2,F,ZP,CC,D
13:30:09,MYOR,RG,2320,1,F,ZP,PD,D
13:30:08,MYOR,RG,2320,1,F,ZP,XC,D
13:30:08,MYOR,RG,2320,103,F,ZP,XC,D
13:30:06,MYOR,RG,2320,24,F,ZP,YU,D
13:30:06,MYOR,RG,2320,1,F,ZP,PD,D
13:30:05,MYOR,RG,2320,1,F,ZP,KK,D
13:30:05,MYOR,RG,2320,1,F,ZP,YB,D
13:30:05,MYOR,RG,2320,23,F,ZP,KZ,F
13:30:05,MYOR,RG,2320,30,F,ZP,BQ,D
13:30:05,MYOR,RG,2320,100,F,ZP,KZ,F
13:30:05,MYOR,RG,2320,22,F,ZP,KZ,F
13:30:05,MYOR,RG,2320,16,F,ZP,KZ,F
13:30:05,MYOR,RG,2320,5,F,ZP,KZ,F
13:30:05,MYOR,RG,2320,2,F,ZP,KZ,F
13:30:05,MYOR,RG,2320,1,F,ZP,GR,D
13:30:05,MYOR,RG,2320,1,F,ZP,GR,D
13:30:05,MYOR,RG,2320,6,F,ZP,KZ,F
13:30:05,MYOR,RG,2320,31,F,ZP,PD,D
13:30:05,MYOR,RG,2320,172,F,ZP,KZ,F
13:30:05,MYOR,RG,2320,212,F,ZP,BB,D
13:30:05,MYOR,RG,2320,141,F,ZP,BB,D
13:30:05,MYOR,RG,2320,1,D,KK,BB,D
13:30:04,MYOR,RG,2320,1,D,PD,BB,D
13:30:04,MYOR,RG,2320,1,D,AT,BB,D
13:30:03,MYOR,RG,2320,43,D,DH,BB,D
13:30:03,MYOR,RG,2320,50,D,DH,BB,D
11:29:46,MYOR,RG,2320,1,D,YP,BB,D
11:29:11,MYOR,RG,2310,1,D,SQ,KZ,F
11:29:07,MYOR,RG,2320,2,D,XC,BB,D
11:28:53,MYOR,RG,2320,9,F,ZP,BB,D
11:28:15,MYOR,RG,2320,10,D,NI,BB,D
11:27:38,MYOR,RG,2320,47,D,CC,BB,D
11:27:03,MYOR,RG,2310,5,D,SQ,XC,D
11:26:41,MYOR,RG,2310,300,D,SQ,CP,D
11:26:40,MYOR,RG,2310,44,D,SQ,YU,D
11:26:32,MYOR,RG,2320,1,D,PD,BB,D
11:26:31,MYOR,RG,2320,13,F,ZP,BB,D
11:24:46,MYOR,RG,2320,6,F,ZP,BB,D
11:24:46,MYOR,RG,2310,50,D,SQ,YP,D
11:24:01,MYOR,RG,2310,13,D,SQ,KZ,F
11:24:01,MYOR,RG,2310,15,D,SQ,KZ,F
11:23:48,MYOR,RG,2320,1,D,EP,BB,D
11:22:01,MYOR,RG,2320,1,D,XC,BB,D
11:21:47,MYOR,RG,2320,8,F,ZP,BB,D
11:20:20,MYOR,RG,2320,10,D,PD,BB,D
11:20:01,MYOR,RG,2310,42,D,SQ,YU,D
11:19:23,MYOR,RG,2320,1,D,PD,BB,D
11:19:19,MYOR,RG,2320,3,D,XC,BB,D
11:18:09,MYOR,RG,2320,1,D,NI,CC,D
11:17:17,MYOR,RG,2320,5,F,ZP,KZ,F
11:17:17,MYOR,RG,2320,2,F,ZP,BB,D
11:15:31,MYOR,RG,2320,1,D,PD,BB,D
11:15:00,MYOR,RG,2320,11,F,ZP,BB,D
11:15:00,MYOR,RG,2310,39,D,SQ,YU,D
11:14:55,MYOR,RG,2310,18,D,SQ,PD,D
11:14:41,MYOR,RG,2310,22,D,SQ,KZ,F
11:13:41,MYOR,RG,2320,2,D,LG,BB,D
11:13:41,MYOR,RG,2320,2,D,LG,KZ,F
11:12:40,MYOR,RG,2320,4,D,NI,KZ,F
11:11:49,MYOR,RG,2320,1,D,XC,KZ,F
11:10:50,MYOR,RG,2320,3,D,PD,KZ,F
11:10:50,MYOR,RG,2320,9,D,PD,KZ,F
11:10:50,MYOR,RG,2320,10,D,PD,BQ,D
11:10:03,MYOR,RG,2320,15,F,ZP,BQ,D
11:10:00,MYOR,RG,2310,47,D,SQ,YU,D
11:09:51,MYOR,RG,2320,4,D,XC,BQ,D
11:08:21,MYOR,RG,2320,1,D,YP,BQ,D
11:08:21,MYOR,RG,2320,3,D,YP,KZ,F
11:08:21,MYOR,RG,2320,3,D,YP,KZ,F
11:08:21,MYOR,RG,2320,11,D,YP,BB,D
11:08:21,MYOR,RG,2320,32,D,YP,KZ,F
11:06:52,MYOR,RG,2320,1,D,XC,KZ,F
11:06:22,MYOR,RG,2320,49,F,ZP,KZ,F
11:06:21,MYOR,RG,2320,7,F,ZP,KZ,F
11:06:21,MYOR,RG,2320,10,F,ZP,KZ,F
11:06:17,MYOR,RG,2330,17,F,ZP,KZ,F
11:06:17,MYOR,RG,2330,10,F,ZP,BB,D
11:06:17,MYOR,RG,2320,1,F,ZP,KZ,F
11:06:17,MYOR,RG,2320,1,D,XC,KZ,F
11:06:17,MYOR,RG,2320,10,D,CC,KZ,F
11:06:17,MYOR,RG,2320,10,D,DX,KZ,F
11:06:17,MYOR,RG,2320,1,D,XC,KZ,F
11:06:17,MYOR,RG,2320,4,D,OD,KZ,F
11:06:17,MYOR,RG,2320,1,D,NI,KZ,F
11:06:17,MYOR,RG,2320,10,D,YP,KZ,F
11:06:17,MYOR,RG,2320,2,D,PD,KZ,F
11:06:17,MYOR,RG,2320,35,F,ZP,KZ,F
11:06:17,MYOR,RG,2320,27,D,CC,KZ,F
11:06:17,MYOR,RG,2320,9,D,PD,KZ,F
11:06:16,MYOR,RG,2320,11,D,PD,BQ,D
11:06:16,MYOR,RG,2320,1,D,PD,BQ,D
11:06:16,MYOR,RG,2320,1,D,YP,BQ,D
11:06:16,MYOR,RG,2320,2,D,PD,BQ,D
11:06:16,MYOR,RG,2320,2,D,AT,BQ,D
11:06:16,MYOR,RG,2320,1,D,YP,BQ,D
11:06:16,MYOR,RG,2320,1,D,PD,BQ,D
11:06:16,MYOR,RG,2320,1,D,KK,BQ,D
11:06:16,MYOR,RG,2320,10,D,XC,BQ,D
11:06:16,MYOR,RG,2320,2,D,XC,BQ,D
11:06:16,MYOR,RG,2320,4,D,PD,BQ,D
11:06:16,MYOR,RG,2320,5,D,CC,BQ,D
11:06:16,MYOR,RG,2320,11,D,CC,BQ,D
11:06:16,MYOR,RG,2320,243,F,YU,BQ,D
11:06:16,MYOR,RG,2320,326,F,ZP,BQ,D
11:05:47,MYOR,RG,2330,8,F,ZP,BB,D
11:05:33,MYOR,RG,2320,30,F,ZP,BQ,D
11:05:31,MYOR,RG,2320,7,F,ZP,KZ,F
11:05:30,MYOR,RG,2320,20,F,ZP,BQ,D
11:05:23,MYOR,RG,2320,20,F,ZP,BQ,D
11:05:11,MYOR,RG,2320,1,F,ZP,KZ,F
11:05:11,MYOR,RG,2320,1,F,ZP,KZ,F
11:03:27,MYOR,RG,2330,1,D,XC,BB,D
11:02:38,MYOR,RG,2330,1,D,NI,BB,D
11:01:42,MYOR,RG,2330,5,F,ZP,BB,D
11:00:22,MYOR,RG,2320,2,F,ZP,XC,D
11:00:01,MYOR,RG,2320,4,F,ZP,KZ,F
11:00:00,MYOR,RG,2320,41,F,ZP,YU,D
10:57:31,MYOR,RG,2320,8,F,ZP,KZ,F
10:56:01,MYOR,RG,2320,7,F,ZP,KZ,F
10:55:00,MYOR,RG,2320,20,F,ZP,BQ,D
10:53:31,MYOR,RG,2320,13,F,ZP,KZ,F
10:53:31,MYOR,RG,2320,15,F,ZP,KZ,F
10:52:25,MYOR,RG,2320,75,F,ZP,KK,D
10:52:17,MYOR,RG,2330,10,D,PD,BB,D
10:50:55,MYOR,RG,2320,22,F,ZP,YU,D
10:49:56,MYOR,RG,2320,2,F,ZP,XC,D
10:48:24,MYOR,RG,2320,42,F,ZP,KZ,F
10:48:24,MYOR,RG,2320,126,F,ZP,BB,D
10:48:24,MYOR,RG,2320,10,F,ZP,KZ,F
10:48:24,MYOR,RG,2320,30,F,ZP,BQ,D
10:48:24,MYOR,RG,2320,31,F,ZP,KZ,F
10:48:24,MYOR,RG,2320,70,F,ZP,DX,F
10:48:13,MYOR,RG,2320,1,D,CC,DX,F
10:47:37,MYOR,RG,2320,23,D,YP,DX,F
10:47:37,MYOR,RG,2320,2,D,YP,KZ,F
10:47:31,MYOR,RG,2320,7,D,YP,KZ,F
10:47:31,MYOR,RG,2320,9,D,YP,KZ,F
10:47:31,MYOR,RG,2320,2,D,YP,KZ,F
10:47:31,MYOR,RG,2320,6,D,YP,BB,D
10:47:31,MYOR,RG,2320,1,D,YP,KZ,F
10:47:09,MYOR,RG,2320,1,D,XC,KZ,F
10:46:56,MYOR,RG,2320,1,D,NI,KZ,F
10:45:32,MYOR,RG,2320,6,D,CC,KZ,F
10:45:32,MYOR,RG,2320,1,D,CC,KZ,F
10:45:32,MYOR,RG,2320,4,D,CC,KZ,F
10:44:42,MYOR,RG,2320,10,D,XC,KZ,F
10:43:45,MYOR,RG,2320,2,D,YP,KZ,F
10:43:45,MYOR,RG,2320,2,D,YP,KZ,F
10:43:45,MYOR,RG,2320,4,D,YP,KZ,F
10:42:32,MYOR,RG,2320,12,F,ZP,KZ,F
10:42:32,MYOR,RG,2320,1,D,PD,KZ,F
10:42:32,MYOR,RG,2320,1,D,NI,KZ,F
10:42:32,MYOR,RG,2320,3,D,NI,KZ,F
10:42:32,MYOR,RG,2320,3,D,EP,KZ,F
10:42:32,MYOR,RG,2320,1,D,PD,KZ,F
10:42:32,MYOR,RG,2320,8,D,KK,KZ,F
10:42:28,MYOR,RG,2320,6,D,KK,KZ,F
10:42:27,MYOR,RG,2320,36,D,KK,BK,F
10:42:27,MYOR,RG,2320,1,D,XC,BK,F
10:42:27,MYOR,RG,2320,50,D,NI,BK,F
10:42:27,MYOR,RG,2320,2,D,YP,BK,F
10:42:27,MYOR,RG,2320,1,D,PD,BK,F
10:42:27,MYOR,RG,2320,10,D,EP,BK,F
10:42:27,MYOR,RG,2320,17,F,ZP,BK,F
10:42:26,MYOR,RG,2320,28,F,ZP,KZ,F
10:42:26,MYOR,RG,2320,53,F,YU,KZ,F
10:42:24,MYOR,RG,2320,2,F,YU,KZ,F
10:42:24,MYOR,RG,2320,159,F,YU,BK,F
10:42:24,MYOR,RG,2320,13,D,SQ,BK,F
10:42:24,MYOR,RG,2320,50,D,NI,BK,F
10:42:24,MYOR,RG,2320,1,D,KK,BK,F
10:42:24,MYOR,RG,2320,10,D,CC,BK,F
10:42:24,MYOR,RG,2320,11,D,CC,BK,F
10:42:24,MYOR,RG,2320,1,D,XC,BK,F
10:42:24,MYOR,RG,2320,5,D,PD,BK,F
10:41:44,MYOR,RG,2320,6,D,NI,BQ,D
10:41:44,MYOR,RG,2320,48,D,NI,BQ,D
10:41:30,MYOR,RG,2320,2,D,NI,BQ,D
10:41:30,MYOR,RG,2320,28,D,YP,BQ,D
10:41:20,MYOR,RG,2320,30,D,YP,BQ,D
10:41:13,MYOR,RG,2320,30,D,YP,BQ,D
10:39:00,MYOR,RG,2320,2,D,YP,XC,D
10:38:21,MYOR,RG,2320,2,D,YP,XC,D
10:37:01,MYOR,RG,2320,8,D,YP,KZ,F
10:37:01,MYOR,RG,2320,1,D,XC,KZ,F
10:37:01,MYOR,RG,2320,3,F,ZP,KZ,F
10:36:51,MYOR,RG,2330,1,D,CC,BB,D
10:36:51,MYOR,RG,2320,35,F,ZP,KZ,F
10:33:48,MYOR,RG,2320,5,F,ZP,CC,D
10:33:12,MYOR,RG,2320,1,F,ZP,CC,D
10:32:42,MYOR,RG,2330,31,D,KK,BB,D
10:32:42,MYOR,RG,2330,1,D,KK,KZ,F
10:32:42,MYOR,RG,2330,1,D,KK,KZ,F
10:32:42,MYOR,RG,2330,1,D,KK,PD,D
10:32:42,MYOR,RG,2330,2,D,KK,XC,D
10:32:42,MYOR,RG,2330,7,D,KK,KZ,F
10:32:42,MYOR,RG,2330,7,D,KK,KZ,F
10:32:41,MYOR,RG,2320,8,F,ZP,KZ,F
10:32:41,MYOR,RG,2320,1,F,ZP,KZ,F
10:31:41,MYOR,RG,2320,3,F,ZP,KZ,F
10:31:41,MYOR,RG,2320,23,F,ZP,KZ,F
10:31:41,MYOR,RG,2320,4,D,CC,KZ,F
10:31:41,MYOR,RG,2320,5,D,SQ,KZ,F
10:31:41,MYOR,RG,2320,5,D,OD,KZ,F
10:31:41,MYOR,RG,2320,25,D,YP,KZ,F
10:31:41,MYOR,RG,2320,2,D,YB,KZ,F
10:27:43,MYOR,RG,2320,19,D,YB,BB,D
10:27:43,MYOR,RG,2320,1,D,XC,BB,D
10:27:43,MYOR,RG,2320,50,D,NI,BB,D
10:27:43,MYOR,RG,2320,2,D,PD,BB,D
10:27:43,MYOR,RG,2320,10,D,YP,BB,D
10:27:43,MYOR,RG,2320,100,D,PD,BB,D
10:27:43,MYOR,RG,2320,1,D,NI,BB,D
10:27:43,MYOR,RG,2320,10,D,CC,BB,D
10:27:43,MYOR,RG,2320,7,D,YP,BB,D
10:27:35,MYOR,RG,2320,3,D,YP,XC,D
10:27:35,MYOR,RG,2320,24,D,YP,XC,D
10:26:37,MYOR,RG,2320,86,D,YP,BB,D
10:26:37,MYOR,RG,2320,1,D,NI,BB,D
10:26:37,MYOR,RG,2320,5,D,XC,BB,D
10:26:37,MYOR,RG,2320,9,F,ZP,BB,D
10:26:37,MYOR,RG,2320,2,D,PD,BB,D
10:26:37,MYOR,RG,2320,4,D,XC,BB,D
10:26:37,MYOR,RG,2320,1,D,XC,BB,D
10:26:37,MYOR,RG,2320,1,D,NI,BB,D
10:26:37,MYOR,RG,2320,1,D,PD,BB,D
10:26:37,MYOR,RG,2320,2,D,PD,BB,D
10:26:37,MYOR,RG,2320,38,F,YU,BB,D
10:25:41,MYOR,RG,2320,29,F,YU,KZ,F
10:23:46,MYOR,RG,2320,7,F,YU,PD,D
10:23:34,MYOR,RG,2330,4,D,YP,KZ,F
10:23:25,MYOR,RG,2330,2,D,CC,KZ,F
10:22:07,MYOR,RG,2330,5,D,XC,KZ,F
10:20:40,MYOR,RG,2330,1,D,KK,KZ,F
10:20:31,MYOR,RG,2320,113,F,YU,BB,D
10:19:51,MYOR,RG,2320,10,F,YU,KZ,F
10:19:41,MYOR,RG,2320,7,F,YU,KZ,F
10:18:01,MYOR,RG,2320,8,F,YU,KZ,F
10:14:33,MYOR,RG,2320,26,F,YU,YP,D
10:14:33,MYOR,RG,2320,24,F,ZP,YP,D
10:13:17,MYOR,RG,2320,1,F,ZP,NI,D
10:13:11,MYOR,RG,2330,2,D,CC,KZ,F
10:12:53,MYOR,RG,2320,39,F,ZP,BB,D
10:12:53,MYOR,RG,2320,5,D,XC,BB,D
10:12:53,MYOR,RG,2320,2,D,GR,BB,D
10:12:53,MYOR,RG,2320,1,D,GR,BB,D
10:12:53,MYOR,RG,2320,10,D,YP,BB,D
10:12:53,MYOR,RG,2320,5,D,PD,BB,D
10:12:53,MYOR,RG,2320,3,D,PD,BB,D
10:12:53,MYOR,RG,2320,2,D,KK,BB,D
10:12:53,MYOR,RG,2320,5,D,PD,BB,D
10:12:53,MYOR,RG,2320,1,D,YP,BB,D
10:12:53,MYOR,RG,2320,10,D,OD,BB,D
10:12:53,MYOR,RG,2320,20,D,YP,BB,D
10:12:53,MYOR,RG,2320,2,D,YP,BB,D
10:10:24,MYOR,RG,2330,6,F,ZP,KZ,F
10:07:44,MYOR,RG,2330,21,D,YP,KZ,F
10:07:44,MYOR,RG,2330,1,D,YP,BB,D
10:06:21,MYOR,RG,2330,5,D,PD,BB,D
10:05:22,MYOR,RG,2320,1,D,YP,BB,D
10:05:01,MYOR,RG,2320,8,D,YP,KZ,F
10:05:01,MYOR,RG,2320,10,D,CP,KZ,F
10:05:01,MYOR,RG,2320,3,D,PD,KZ,F
10:04:51,MYOR,RG,2320,17,D,PD,KZ,F
10:04:51,MYOR,RG,2320,1,D,PD,KZ,F
10:04:51,MYOR,RG,2320,2,D,CC,KZ,F
10:02:41,MYOR,RG,2320,8,D,CC,KZ,F
10:02:41,MYOR,RG,2320,2,D,PD,KZ,F
10:02:11,MYOR,RG,2320,4,D,SH,KZ,F
10:01:51,MYOR,RG,2320,2,D,SH,KZ,F
10:01:51,MYOR,RG,2320,1,D,SH,KZ,F
10:00:55,MYOR,RG,2320,1,D,SH,DH,D
10:00:51,MYOR,RG,2320,3,D,SH,KZ,F
9:59:41,MYOR,RG,2320,9,D,SH,CC,D
9:59:41,MYOR,RG,2320,1,D,PD,CC,D
9:59:31,MYOR,RG,2320,6,D,PD,KZ,F
9:59:31,MYOR,RG,2320,3,D,PD,KZ,F
9:59:31,MYOR,RG,2320,1,D,PD,KZ,F
9:59:31,MYOR,RG,2320,1,D,YB,KZ,F
9:59:31,MYOR,RG,2320,1,D,PD,KZ,F
9:59:31,MYOR,RG,2320,1,D,DX,KZ,F
9:59:31,MYOR,RG,2320,27,D,DH,KZ,F
9:58:41,MYOR,RG,2320,1,D,DH,KZ,F
9:58:41,MYOR,RG,2330,1,D,PD,BB,D
9:57:33,MYOR,RG,2320,4,D,DH,XC,D
9:57:08,MYOR,RG,2320,100,D,DH,BB,D
9:56:45,MYOR,RG,2320,18,D,DH,MK,D
9:56:45,MYOR,RG,2320,7,D,YP,MK,D
9:55:52,MYOR,RG,2320,1,D,YP,XC,D
9:55:44,MYOR,RG,2320,1,D,YP,NI,D
9:55:12,MYOR,RG,2330,2,D,XC,BB,D
9:54:47,MYOR,RG,2330,1,D,PD,BB,D
9:54:42,MYOR,RG,2330,1,D,PD,BB,D
9:54:40,MYOR,RG,2330,4,D,AI,BB,D
9:54:29,MYOR,RG,2330,1,D,XC,BB,D
9:54:25,MYOR,RG,2320,30,D,YP,NI,D
9:54:23,MYOR,RG,2320,1,D,YP,PD,D
9:53:31,MYOR,RG,2330,20,F,ZP,KZ,F
9:53:31,MYOR,RG,2330,22,F,ZP,KZ,F
9:53:31,MYOR,RG,2330,7,D,YP,KZ,F
9:53:31,MYOR,RG,2330,8,D,YP,YP,D
9:53:31,MYOR,RG,2330,6,D,XC,YP,D
9:53:31,MYOR,RG,2330,2,D,CC,YP,D
9:53:31,MYOR,RG,2330,1,D,LG,YP,D
9:53:31,MYOR,RG,2330,1,D,XC,YP,D
9:53:31,MYOR,RG,2330,5,D,PD,YP,D
9:53:31,MYOR,RG,2330,20,D,PD,YP,D
9:53:31,MYOR,RG,2330,20,D,YP,YP,D
9:53:31,MYOR,RG,2330,1,D,KK,YP,D
9:53:31,MYOR,RG,2330,146,D,ZP,YP,D
9:53:26,MYOR,RG,2330,12,D,ZP,YB,D
9:53:25,MYOR,RG,2330,20,D,ZP,BQ,D
9:53:11,MYOR,RG,2330,1,D,ZP,KZ,F
9:53:11,MYOR,RG,2330,1,D,ZP,KZ,F
9:53:10,MYOR,RG,2330,20,D,ZP,BQ,D
9:53:03,MYOR,RG,2340,5,D,KK,BB,D
9:53:00,MYOR,RG,2330,4,D,AZ,PD,D
9:52:41,MYOR,RG,2330,6,D,AZ,KZ,F
9:52:41,MYOR,RG,2330,2,D,OD,KZ,F
9:52:41,MYOR,RG,2330,3,D,OD,KZ,F
9:52:41,MYOR,RG,2330,10,F,ZP,KZ,F
9:52:41,MYOR,RG,2330,37,F,ZP,KZ,F
9:52:41,MYOR,RG,2330,30,D,NI,KZ,F
9:52:41,MYOR,RG,2330,46,D,YP,KZ,F
9:52:37,MYOR,RG,2330,4,D,YP,BK,F
9:52:37,MYOR,RG,2330,100,D,DR,BK,F
9:52:37,MYOR,RG,2330,112,F,YU,BK,F
9:52:37,MYOR,RG,2330,41,F,ZP,BK,F
9:52:37,MYOR,RG,2330,47,F,BK,BK,F
9:52:36,MYOR,RG,2330,34,F,BK,YP,D
9:52:36,MYOR,RG,2330,38,F,ZP,YP,D
9:52:00,MYOR,RG,2340,2,D,PD,BB,D
9:51:51,MYOR,RG,2330,7,F,ZP,KZ,F
9:51:41,MYOR,RG,2330,1,F,ZP,KZ,F
9:51:41,MYOR,RG,2330,6,F,ZP,KZ,F
9:51:33,MYOR,RG,2330,2,F,ZP,CC,D
9:50:22,MYOR,RG,2340,13,F,ZP,BB,D
9:48:35,MYOR,RG,2340,9,D,LG,BB,D
9:48:35,MYOR,RG,2340,2,D,LG,KZ,F
9:48:35,MYOR,RG,2340,32,D,LG,KZ,F
9:48:35,MYOR,RG,2340,57,D,LG,PD,D
9:47:03,MYOR,RG,2340,30,F,ZP,PD,D
9:46:40,MYOR,RG,2340,8,D,AZ,PD,D
9:46:19,MYOR,RG,2330,1,F,ZP,XC,D
9:46:11,MYOR,RG,2330,1,F,ZP,KZ,F
9:45:31,MYOR,RG,2340,2,D,PD,PD,D
9:44:43,MYOR,RG,2330,2,F,ZP,XC,D
9:42:41,MYOR,RG,2330,23,F,ZP,YP,D
9:42:41,MYOR,RG,2330,1,F,ZP,KZ,F
9:42:41,MYOR,RG,2330,5,D,DR,KZ,F
9:42:41,MYOR,RG,2330,10,D,DR,KZ,F
9:42:37,MYOR,RG,2330,30,D,DR,PC,D
9:42:36,MYOR,RG,2340,3,F,ZP,PD,D
9:42:36,MYOR,RG,2340,1,F,ZP,KK,D
9:42:36,MYOR,RG,2340,5,F,ZP,PD,D
9:42:36,MYOR,RG,2340,3,F,ZP,KZ,F
9:42:35,MYOR,RG,2330,32,D,DR,BB,D
9:42:29,MYOR,RG,2340,1,D,PD,KZ,F
9:42:29,MYOR,RG,2340,4,D,PD,KZ,F
9:41:09,MYOR,RG,2340,1,D,XC,KZ,F
9:41:09,MYOR,RG,2330,10,D,DR,CC,D
9:40:48,MYOR,RG,2340,17,D,XC,KZ,F
9:40:46,MYOR,RG,2340,6,D,YP,KZ,F
9:40:13,MYOR,RG,2340,1,D,XC,AK,F
9:40:01,MYOR,RG,2340,2,D,DR,AK,F
9:39:23,MYOR,RG,2340,1,D,XC,AK,F
9:38:53,MYOR,RG,2340,50,D,DR,AK,F
9:38:26,MYOR,RG,2340,1,D,XC,AK,F
9:38:09,MYOR,RG,2340,6,D,YP,AK,F
9:38:08,MYOR,RG,2340,1,D,XC,AK,F
9:37:54,MYOR,RG,2340,23,D,PD,AK,F
9:37:54,MYOR,RG,2340,1,D,PD,PD,D
9:37:54,MYOR,RG,2340,1,D,PD,OD,D
9:37:36,MYOR,RG,2330,1,D,DR,CC,D
9:37:15,MYOR,RG,2330,3,D,DR,XC,D
9:36:42,MYOR,RG,2330,1,D,DR,KZ,F
9:36:42,MYOR,RG,2330,1,D,DR,KZ,F
9:36:42,MYOR,RG,2330,5,D,DR,PD,D
9:36:42,MYOR,RG,2330,2,D,DR,YP,D
9:36:11,MYOR,RG,2320,9,D,YP,KZ,F
9:36:04,MYOR,RG,2330,17,F,ZP,KZ,F
9:36:04,MYOR,RG,2330,29,F,BK,KZ,F
9:36:02,MYOR,RG,2330,5,D,YP,KZ,F
9:35:57,MYOR,RG,2330,35,F,BK,KZ,F
9:35:54,MYOR,RG,2330,5,F,ZP,KZ,F
9:35:54,MYOR,RG,2330,10,F,ZP,XC,D
9:35:54,MYOR,RG,2330,1,F,ZP,XC,D
9:35:54,MYOR,RG,2330,1,F,ZP,BB,D
9:35:54,MYOR,RG,2330,1,F,ZP,KZ,F
9:35:54,MYOR,RG,2330,8,F,ZP,BQ,D
9:35:54,MYOR,RG,2330,12,D,PD,BQ,D
9:35:54,MYOR,RG,2330,57,D,PD,DX,F
9:35:54,MYOR,RG,2330,1,D,PD,XC,D
9:35:54,MYOR,RG,2330,2,D,PD,PD,D
9:35:54,MYOR,RG,2330,28,D,PD,KZ,F
9:35:32,MYOR,RG,2330,1,D,PD,KZ,F
9:34:59,MYOR,RG,2330,3,D,PD,KZ,F
9:34:51,MYOR,RG,2320,7,D,YP,KZ,F
9:34:50,MYOR,RG,2320,1,D,YP,YP,D
9:34:49,MYOR,RG,2330,8,D,NI,KZ,F
9:34:27,MYOR,RG,2330,20,F,ZP,KZ,F
9:34:17,MYOR,RG,2330,20,D,CC,KZ,F
9:33:55,MYOR,RG,2330,10,D,PD,KZ,F
9:33:41,MYOR,RG,2330,1,D,XC,KZ,F
9:33:30,MYOR,RG,2330,20,D,PD,KZ,F
9:33:30,MYOR,RG,2330,10,D,PD,KZ,F
9:33:29,MYOR,RG,2330,5,D,XC,KZ,F
9:33:11,MYOR,RG,2330,3,D,CC,KZ,F
9:32:26,MYOR,RG,2330,7,F,ZP,KZ,F
9:32:26,MYOR,RG,2330,64,F,ZP,AI,D
9:32:25,MYOR,RG,2330,106,F,BK,AI,D
9:32:25,MYOR,RG,2330,22,F,ZP,AI,D
9:32:24,MYOR,RG,2330,106,F,BK,AI,D
9:32:23,MYOR,RG,2330,40,F,ZP,AI,D
9:32:22,MYOR,RG,2330,106,F,BK,AI,D
9:32:21,MYOR,RG,2330,10,D,XC,AI,D
9:32:19,MYOR,RG,2330,106,F,BK,AI,D
9:32:10,MYOR,RG,2330,106,F,BK,AI,D
9:32:01,MYOR,RG,2330,106,F,BK,AI,D
9:31:52,MYOR,RG,2330,60,D,YU,AI,D
9:31:50,MYOR,RG,2330,100,F,CC,AI,D
9:31:13,MYOR,RG,2330,5,D,XA,AI,D
9:30:55,MYOR,RG,2330,7,D,XC,AI,D
9:30:09,MYOR,RG,2330,56,D,YP,AI,D
9:30:09,MYOR,RG,2330,5,D,YP,PD,D
9:30:09,MYOR,RG,2330,1,D,YP,XC,D
9:30:09,MYOR,RG,2330,16,D,YP,KZ,F
9:30:09,MYOR,RG,2330,2,D,YP,KZ,F
9:30:09,MYOR,RG,2330,8,D,YP,KZ,F
9:30:09,MYOR,RG,2330,12,D,YP,KZ,F
9:30:03,MYOR,RG,2330,8,D,PD,KZ,F
9:30:03,MYOR,RG,2330,13,D,PD,KZ,F
9:30:03,MYOR,RG,2330,4,D,PD,KZ,F
9:29:28,MYOR,RG,2330,20,D,NI,KZ,F
9:29:11,MYOR,RG,2330,10,D,CC,KZ,F
9:28:26,MYOR,RG,2330,53,D,YP,KZ,F
9:28:26,MYOR,RG,2330,44,D,YP,PD,D
9:28:26,MYOR,RG,2330,2,D,YP,PD,D
9:28:26,MYOR,RG,2330,1,D,YP,PD,D
9:27:04,MYOR,RG,2320,20,D,YP,BQ,D
9:26:20,MYOR,RG,2320,1,D,YP,NI,D
9:25:44,MYOR,RG,2320,3,D,YP,NI,D
9:25:18,MYOR,RG,2320,1,D,YP,DR,D
9:25:15,MYOR,RG,2320,41,D,YP,KZ,F
9:25:15,MYOR,RG,2320,121,D,YP,BB,D
9:25:15,MYOR,RG,2320,1,D,YP,KZ,F
9:25:15,MYOR,RG,2320,5,D,YP,NI,D
9:25:14,MYOR,RG,2320,7,D,XC,CS,D
9:25:10,MYOR,RG,2320,22,F,ZP,CS,D
9:25:09,MYOR,RG,2320,24,D,XC,CS,D
9:25:09,MYOR,RG,2320,2,D,XC,PD,D
9:25:09,MYOR,RG,2320,54,D,XC,DX,F
9:25:09,MYOR,RG,2320,6,D,XC,YP,D
9:25:07,MYOR,RG,2320,4,F,ZP,YP,D
9:25:07,MYOR,RG,2320,30,F,ZP,CS,D
9:25:07,MYOR,RG,2320,9,F,ZP,CS,D
9:25:06,MYOR,RG,2320,15,D,PD,CS,D
9:25:06,MYOR,RG,2320,2,D,PD,CS,D
9:25:06,MYOR,RG,2320,10,D,PD,CS,D
9:25:06,MYOR,RG,2320,4,D,PD,CS,D
9:25:06,MYOR,RG,2320,9,D,PD,CS,D
9:25:06,MYOR,RG,2320,1,D,PD,CS,D
9:25:06,MYOR,RG,2320,11,D,PD,CS,D
9:25:06,MYOR,RG,2320,1,D,PD,CS,D
9:25:06,MYOR,RG,2320,11,D,PD,CS,D
9:25:06,MYOR,RG,2320,6,D,PD,CS,D
9:25:06,MYOR,RG,2320,20,D,PD,BQ,D
9:25:06,MYOR,RG,2320,10,D,PD,KK,D
9:24:39,MYOR,RG,2320,40,D,GR,KK,D
9:24:39,MYOR,RG,2320,12,D,GR,CS,D
9:24:39,MYOR,RG,2320,6,D,GR,CS,D
9:24:39,MYOR,RG,2320,7,D,GR,CS,D
9:24:39,MYOR,RG,2320,35,D,GR,DX,F
9:24:39,MYOR,RG,2320,1,D,NI,DX,F
9:24:20,MYOR,RG,2320,24,F,ZP,DX,F
9:24:20,MYOR,RG,2320,10,F,ZP,AK,F
9:24:19,MYOR,RG,2320,35,F,ZP,AK,F
9:24:19,MYOR,RG,2320,4,F,ZP,CS,D
9:24:19,MYOR,RG,2320,8,F,ZP,CS,D
9:24:19,MYOR,RG,2320,25,F,ZP,BB,D
9:24:19,MYOR,RG,2320,2,F,ZP,CS,D
9:24:19,MYOR,RG,2320,9,F,ZP,CS,D
9:24:19,MYOR,RG,2320,2,F,ZP,CS,D
9:24:19,MYOR,RG,2320,1,F,ZP,CS,D
9:24:19,MYOR,RG,2320,8,F,ZP,CS,D
9:24:19,MYOR,RG,2320,9,F,ZP,CS,D
9:24:19,MYOR,RG,2320,1,F,ZP,AT,D
9:24:19,MYOR,RG,2320,3,F,ZP,CS,D
9:24:19,MYOR,RG,2320,8,F,ZP,CS,D
9:24:19,MYOR,RG,2320,7,F,ZP,CS,D
9:24:19,MYOR,RG,2320,30,F,ZP,KZ,F
9:24:18,MYOR,RG,2320,100,D,GR,KZ,F
9:23:57,MYOR,RG,2320,13,F,ZP,KZ,F
9:23:54,MYOR,RG,2320,30,F,ZP,KZ,F
9:23:53,MYOR,RG,2320,29,F,ZP,KZ,F
9:23:53,MYOR,RG,2320,1,F,ZP,CS,D
9:23:53,MYOR,RG,2320,2,F,ZP,CS,D
9:23:53,MYOR,RG,2320,1,F,ZP,CS,D
9:23:53,MYOR,RG,2320,70,F,ZP,AI,D
9:23:52,MYOR,RG,2310,122,D,SQ,KZ,F
9:23:52,MYOR,RG,2310,5,D,NI,KZ,F
9:23:52,MYOR,RG,2310,20,D,YP,KZ,F
9:23:52,MYOR,RG,2310,150,F,YU,KZ,F
9:23:51,MYOR,RG,2310,17,F,YU,KZ,F
9:23:51,MYOR,RG,2310,2,D,XC,KZ,F
9:23:45,MYOR,RG,2320,930,D,SQ,AI,D
9:23:45,MYOR,RG,2320,5,D,SQ,EP,D
9:23:45,MYOR,RG,2320,3,D,SQ,KZ,F
9:23:45,MYOR,RG,2320,3,D,SQ,KZ,F
9:23:45,MYOR,RG,2320,12,D,SQ,KZ,F
9:23:45,MYOR,RG,2320,47,D,SQ,BB,D
9:23:10,MYOR,RG,2320,5,F,ZP,BB,D
9:23:10,MYOR,RG,2320,1,F,ZP,KZ,F
9:23:10,MYOR,RG,2320,8,F,ZP,KZ,F
9:22:47,MYOR,RG,2310,1,D,XC,NI,D
9:22:47,MYOR,RG,2310,1,D,PD,NI,D
9:22:47,MYOR,RG,2310,17,D,YP,NI,D
9:22:47,MYOR,RG,2310,5,D,PD,NI,D
9:22:47,MYOR,RG,2310,3,D,PD,NI,D
9:22:47,MYOR,RG,2310,20,D,CC,NI,D
9:22:47,MYOR,RG,2310,8,D,YP,NI,D
9:22:47,MYOR,RG,2310,6,D,YP,XC,D
9:22:45,MYOR,RG,2320,1,D,SQ,KZ,F
9:22:38,MYOR,RG,2310,15,D,YP,YP,D
9:22:27,MYOR,RG,2320,12,D,PD,KZ,F
9:22:27,MYOR,RG,2320,10,D,PD,YP,D
9:22:19,MYOR,RG,2320,1,D,XC,YP,D
9:22:09,MYOR,RG,2320,5,D,PD,YP,D
9:21:27,MYOR,RG,2320,4,D,XC,YP,D
9:21:11,MYOR,RG,2310,3,D,YP,KZ,F
9:20:35,MYOR,RG,2310,11,D,YP,CS,D
9:20:21,MYOR,RG,2310,7,D,YP,KZ,F
9:20:21,MYOR,RG,2310,3,D,YP,KZ,F
9:20:17,MYOR,RG,2320,19,D,CC,YP,D
9:20:13,MYOR,RG,2310,10,D,YP,KZ,F
9:20:13,MYOR,RG,2310,30,D,YP,BQ,D
9:20:08,MYOR,RG,2310,10,D,YP,DR,D
9:19:41,MYOR,RG,2310,7,D,YP,KZ,F
9:19:40,MYOR,RG,2310,22,D,YP,CS,D
9:19:39,MYOR,RG,2310,67,D,YP,KZ,F
9:19:37,MYOR,RG,2310,11,D,YP,KZ,F
9:19:37,MYOR,RG,2310,1,D,KK,KZ,F
9:19:37,MYOR,RG,2310,2,D,AZ,KZ,F
9:19:37,MYOR,RG,2310,6,D,AZ,BB,D
9:19:37,MYOR,RG,2310,2,D,XC,BB,D
9:19:37,MYOR,RG,2310,1,D,PD,BB,D
9:19:37,MYOR,RG,2310,1,D,PD,BB,D
9:19:37,MYOR,RG,2310,1,D,AT,BB,D
9:19:37,MYOR,RG,2310,5,D,GR,BB,D
9:19:37,MYOR,RG,2310,10,D,YP,BB,D
9:19:37,MYOR,RG,2310,74,F,YU,BB,D
9:19:37,MYOR,RG,2310,101,F,YU,BB,D
9:19:37,MYOR,RG,2310,41,D,KK,BB,D
9:18:32,MYOR,RG,2310,1,D,KK,XC,D
9:18:21,MYOR,RG,2310,2,D,KK,KZ,F
9:17:53,MYOR,RG,2310,10,D,KK,KZ,F
9:17:52,MYOR,RG,2310,29,D,KK,CS,D
9:17:40,MYOR,RG,2310,10,D,KK,KZ,F
9:17:39,MYOR,RG,2310,7,D,KK,BB,D
9:17:39,MYOR,RG,2310,29,D,YP,BB,D
9:17:29,MYOR,RG,2310,7,D,YP,KZ,F
9:17:28,MYOR,RG,2310,20,D,YP,BQ,D
9:17:01,MYOR,RG,2310,1,D,YP,KZ,F
9:16:26,MYOR,RG,2310,5,D,YP,NI,D
9:16:01,MYOR,RG,2310,1,D,YP,KZ,F
9:15:51,MYOR,RG,2310,1,D,YP,KZ,F
9:15:40,MYOR,RG,2310,5,D,YP,KZ,F
9:15:38,MYOR,RG,2310,3,D,YP,KZ,F
9:15:38,MYOR,RG,2310,4,D,YP,KZ,F
9:15:38,MYOR,RG,2310,5,D,YP,BB,D
9:15:38,MYOR,RG,2310,3,D,YP,CS,D
9:15:38,MYOR,RG,2310,1,D,YP,KZ,F
9:15:38,MYOR,RG,2310,15,D,YP,AT,D
9:15:33,MYOR,RG,2310,11,D,YP,AT,D
9:15:33,MYOR,RG,2310,4,F,ZP,AT,D
9:15:31,MYOR,RG,2310,2,F,ZP,KZ,F
9:15:22,MYOR,RG,2310,1,F,ZP,KZ,F
9:15:21,MYOR,RG,2310,4,F,ZP,CS,D
9:15:06,MYOR,RG,2310,4,F,ZP,KZ,F
9:15:04,MYOR,RG,2310,2,F,ZP,KZ,F
9:15:04,MYOR,RG,2310,1,D,XC,KZ,F
9:15:03,MYOR,RG,2310,3,D,XC,CS,D
9:15:03,MYOR,RG,2310,2,D,NI,CS,D
9:15:03,MYOR,RG,2310,5,D,KK,CS,D
9:15:03,MYOR,RG,2310,1,D,KK,CS,D
9:15:03,MYOR,RG,2310,10,D,CC,CS,D
9:15:01,MYOR,RG,2310,1,D,CC,AK,F
9:15:01,MYOR,RG,2310,1,D,CC,AK,F
9:15:01,MYOR,RG,2310,3,D,CC,KZ,F
9:15:01,MYOR,RG,2310,2,D,CC,AK,F
9:15:00,MYOR,RG,2310,4,D,CC,AK,F
9:15:00,MYOR,RG,2310,9,D,CC,AK,F
9:14:55,MYOR,RG,2310,4,D,CC,KZ,F
9:14:55,MYOR,RG,2310,12,D,CC,NI,D
9:14:51,MYOR,RG,2310,1,D,CC,KZ,F
9:14:21,MYOR,RG,2310,3,D,CC,KZ,F
9:14:21,MYOR,RG,2310,4,F,ZP,KZ,F
9:14:21,MYOR,RG,2310,3,F,ZP,KZ,F
9:14:18,MYOR,RG,2310,23,F,ZP,XC,D
9:14:18,MYOR,RG,2310,1,D,PD,XC,D
9:14:18,MYOR,RG,2310,1,D,CC,XC,D
9:14:18,MYOR,RG,2310,7,D,PD,XC,D
9:14:03,MYOR,RG,2310,3,D,PD,KZ,F
9:14:03,MYOR,RG,2310,2,D,XC,KZ,F
9:14:03,MYOR,RG,2310,3,D,XC,NI,D
9:14:03,MYOR,RG,2310,17,D,CC,NI,D
9:13:41,MYOR,RG,2310,1,D,CC,KZ,F
9:13:38,MYOR,RG,2310,7,D,CC,KZ,F
9:13:38,MYOR,RG,2310,21,D,KK,KZ,F
9:13:36,MYOR,RG,2310,3,D,KK,KZ,F
9:13:36,MYOR,RG,2310,11,D,KK,CS,D
9:13:36,MYOR,RG,2310,10,D,PD,CS,D
9:13:36,MYOR,RG,2310,1,D,SQ,CS,D
9:13:35,MYOR,RG,2310,5,D,PD,YP,D
9:13:35,MYOR,RG,2310,1,D,CC,YP,D
9:13:35,MYOR,RG,2310,2,D,XA,YP,D
9:13:35,MYOR,RG,2310,10,D,EP,YP,D
9:13:35,MYOR,RG,2310,1,D,XC,YP,D
9:13:35,MYOR,RG,2310,7,D,YP,YP,D
9:13:35,MYOR,RG,2310,5,D,YP,YP,D
9:13:35,MYOR,RG,2310,16,F,ZP,YP,D
9:13:35,MYOR,RG,2310,2,D,SQ,YP,D
9:13:35,MYOR,RG,2310,1,D,XC,YP,D
9:13:35,MYOR,RG,2310,10,D,CC,YP,D
9:13:35,MYOR,RG,2310,10,D,PD,YP,D
9:13:35,MYOR,RG,2310,1,F,YU,YP,D
9:13:33,MYOR,RG,2320,1,D,XC,YP,D
9:13:22,MYOR,RG,2320,1,D,KK,YP,D
9:13:19,MYOR,RG,2320,1,D,XC,YP,D
9:13:03,MYOR,RG,2320,8,D,YP,YP,D
9:13:03,MYOR,RG,2320,1,D,YP,NI,D
9:13:03,MYOR,RG,2320,1,D,YP,CS,D
9:13:03,MYOR,RG,2320,4,D,YP,KZ,F
9:13:03,MYOR,RG,2320,6,D,YP,PD,D
9:13:03,MYOR,RG,2320,3,D,YP,KZ,F
9:13:03,MYOR,RG,2320,2,D,YP,NI,D
9:12:59,MYOR,RG,2310,1,F,YU,KK,D
9:12:41,MYOR,RG,2310,10,F,YU,KZ,F
9:12:31,MYOR,RG,2310,1,F,YU,KZ,F
9:12:21,MYOR,RG,2310,6,F,YU,KZ,F
9:12:21,MYOR,RG,2310,1,F,YU,KZ,F
9:12:15,MYOR,RG,2310,25,F,YU,KZ,F
9:12:13,MYOR,RG,2310,36,F,YU,KZ,F
9:12:13,MYOR,RG,2310,2,D,AT,KZ,F
9:12:13,MYOR,RG,2310,48,D,AT,CC,D
9:12:13,MYOR,RG,2310,1,D,XC,CC,D
9:12:13,MYOR,RG,2310,1,D,XC,CC,D
9:12:13,MYOR,RG,2310,2,D,CC,CC,D
9:12:13,MYOR,RG,2310,1,D,PD,CC,D
9:12:13,MYOR,RG,2310,1,D,YP,CC,D
9:12:13,MYOR,RG,2310,10,D,YP,CC,D
9:12:13,MYOR,RG,2310,1,D,YP,CC,D
9:12:13,MYOR,RG,2310,1,D,YP,CC,D
9:12:13,MYOR,RG,2310,4,D,YP,KZ,F
9:12:13,MYOR,RG,2310,4,D,YP,KZ,F
9:12:13,MYOR,RG,2310,2,D,YP,KZ,F
9:12:13,MYOR,RG,2310,4,D,YP,KZ,F
9:12:04,MYOR,RG,2310,35,D,YP,CS,D
9:12:04,MYOR,RG,2310,1,D,YP,CS,D
9:12:04,MYOR,RG,2310,2,D,PD,CS,D
9:12:04,MYOR,RG,2310,1,D,XC,CS,D
9:12:04,MYOR,RG,2310,8,D,XC,CS,D
9:12:04,MYOR,RG,2310,2,D,XC,CS,D
9:12:04,MYOR,RG,2310,1,D,PD,CS,D
9:12:04,MYOR,RG,2310,10,D,SQ,CS,D
9:12:04,MYOR,RG,2310,1,D,DR,CS,D
9:12:04,MYOR,RG,2310,1,D,YP,CS,D
9:12:04,MYOR,RG,2310,5,D,NI,CS,D
9:12:04,MYOR,RG,2310,56,F,ZP,CS,D
9:11:50,MYOR,RG,2310,2,F,ZP,CS,D
9:11:50,MYOR,RG,2310,5,D,CC,CS,D
9:11:50,MYOR,RG,2310,5,D,KK,CS,D
9:11:49,MYOR,RG,2310,6,D,KK,CS,D
9:11:34,MYOR,RG,2320,2,D,PD,CS,D
9:11:14,MYOR,RG,2310,11,D,KK,CS,D
9:11:00,MYOR,RG,2320,1,D,XC,CS,D
9:10:30,MYOR,RG,2320,2,D,XC,CS,D
9:10:30,MYOR,RG,2320,2,D,XC,KZ,F
9:10:30,MYOR,RG,2320,1,D,XC,CC,D
9:10:24,MYOR,RG,2320,2,F,ZP,CC,D
9:10:14,MYOR,RG,2320,1,D,XC,CC,D
9:10:10,MYOR,RG,2310,3,D,KK,CS,D
9:10:10,MYOR,RG,2310,1,D,KK,CS,D
9:10:09,MYOR,RG,2310,4,D,KK,CS,D
9:10:09,MYOR,RG,2310,3,D,KK,CS,D
9:10:09,MYOR,RG,2310,2,D,KK,CS,D
9:09:56,MYOR,RG,2320,1,D,XC,CS,D
9:09:56,MYOR,RG,2320,1,D,XC,KZ,F
9:09:49,MYOR,RG,2320,2,F,ZP,CS,D
9:09:49,MYOR,RG,2320,3,F,ZP,KZ,F
9:09:49,MYOR,RG,2320,1,F,ZP,CS,D
9:09:32,MYOR,RG,2320,5,D,YP,CS,D
9:09:32,MYOR,RG,2320,4,D,YP,BB,D
9:09:32,MYOR,RG,2320,1,D,YP,CS,D
9:09:29,MYOR,RG,2310,15,D,KK,BB,D
9:09:29,MYOR,RG,2310,3,D,XC,BB,D
9:09:29,MYOR,RG,2310,2,D,PD,BB,D
9:09:29,MYOR,RG,2310,7,D,YP,BB,D
9:09:29,MYOR,RG,2310,1,D,XC,BB,D
9:09:29,MYOR,RG,2310,3,D,PD,BB,D
9:09:29,MYOR,RG,2310,1,D,PD,BB,D
9:09:29,MYOR,RG,2310,1,D,PD,BB,D
9:09:29,MYOR,RG,2310,5,D,CC,BB,D
9:09:29,MYOR,RG,2310,3,D,CC,BB,D
9:09:29,MYOR,RG,2310,4,F,BK,BB,D
9:09:24,MYOR,RG,2320,3,D,DH,KZ,F
9:09:12,MYOR,RG,2320,7,F,ZP,KZ,F
9:09:12,MYOR,RG,2320,1,F,ZP,CS,D
9:08:30,MYOR,RG,2320,2,D,DH,CS,D
9:08:15,MYOR,RG,2320,1,D,XC,CS,D
9:08:11,MYOR,RG,2320,2,D,PD,CS,D
9:08:05,MYOR,RG,2310,4,F,BK,PC,D
9:07:52,MYOR,RG,2320,3,D,LG,CS,D
9:07:52,MYOR,RG,2320,19,D,LG,EP,D
9:07:52,MYOR,RG,2320,7,D,LG,KZ,F
9:07:52,MYOR,RG,2320,3,D,LG,CS,D
9:07:52,MYOR,RG,2320,18,D,LG,BQ,D
9:07:42,MYOR,RG,2320,2,D,NI,BQ,D
9:07:40,MYOR,RG,2310,2,F,BK,XC,D
9:07:09,MYOR,RG,2320,11,F,ZP,KZ,F
9:06:41,MYOR,RG,2310,2,F,BK,KZ,F
9:06:41,MYOR,RG,2310,5,F,BK,KZ,F
9:06:31,MYOR,RG,2310,1,F,BK,KZ,F
9:06:31,MYOR,RG,2310,1,F,BK,KZ,F
9:06:31,MYOR,RG,2310,3,F,BK,KZ,F
9:06:23,MYOR,RG,2310,6,F,BK,KZ,F
9:06:23,MYOR,RG,2310,16,F,BK,BB,D
9:06:11,MYOR,RG,2310,6,F,BK,KZ,F
9:06:11,MYOR,RG,2310,20,F,BK,BQ,D
9:04:56,MYOR,RG,2310,8,F,BK,YP,D
9:04:30,MYOR,RG,2310,3,F,BK,PD,D
9:03:45,MYOR,RG,2310,4,F,BK,CC,D
9:03:16,MYOR,RG,2310,15,F,BK,BB,D
9:03:09,MYOR,RG,2320,1,D,YP,CS,D
9:03:05,MYOR,RG,2320,9,F,ZP,CS,D
9:03:05,MYOR,RG,2320,5,F,ZP,CS,D
9:03:05,MYOR,RG,2320,3,F,ZP,BB,D
9:02:33,MYOR,RG,2320,1,D,PD,BB,D
9:02:33,MYOR,RG,2320,1,D,PD,KZ,F
9:02:15,MYOR,RG,2320,12,D,DR,KZ,F
9:02:15,MYOR,RG,2320,4,D,DR,CS,D
9:02:15,MYOR,RG,2320,14,D,DR,YP,D
9:02:07,MYOR,RG,2310,1,F,BK,PD,D
9:02:01,MYOR,RG,2310,1,F,BK,BB,D
9:01:55,MYOR,RG,2310,5,F,BK,BB,D
9:01:34,MYOR,RG,2310,2,F,BK,BB,D
9:01:20,MYOR,RG,2320,30,D,AT,YP,D
9:01:19,MYOR,RG,2310,1,F,BK,KZ,F
9:01:19,MYOR,RG,2310,1,D,XC,KZ,F
9:01:19,MYOR,RG,2310,5,D,XC,KZ,F
9:01:19,MYOR,RG,2310,12,D,XC,KZ,F
9:01:19,MYOR,RG,2310,1,D,XC,KZ,F
9:01:04,MYOR,RG,2320,6,F,ZP,YP,D
9:01:04,MYOR,RG,2320,2,F,ZP,CS,D
9:01:04,MYOR,RG,2310,1,D,XC,KZ,F
9:01:04,MYOR,RG,2310,5,D,PD,KZ,F
9:01:04,MYOR,RG,2310,10,D,PD,KZ,F
9:01:04,MYOR,RG,2310,1,D,PD,KZ,F
9:01:04,MYOR,RG,2310,7,D,PD,YP,D
9:01:04,MYOR,RG,2310,10,D,DH,YP,D
9:01:04,MYOR,RG,2310,2,D,PD,YP,D
9:01:04,MYOR,RG,2310,4,F,ZP,YP,D
9:01:04,MYOR,RG,2310,11,D,AT,YP,D
9:01:04,MYOR,RG,2310,5,D,PD,YP,D
9:01:04,MYOR,RG,2310,1,D,CC,YP,D
9:01:04,MYOR,RG,2310,5,D,CC,YP,D
9:01:04,MYOR,RG,2310,2,D,XC,YP,D
9:01:04,MYOR,RG,2310,1,D,XC,YP,D
9:01:04,MYOR,RG,2310,1,D,ZP,YP,D
9:01:04,MYOR,RG,2310,51,D,KK,YP,D
9:00:59,MYOR,RG,2310,15,D,KK,KZ,F
9:00:57,MYOR,RG,2310,4,D,KK,YP,D
9:00:57,MYOR,RG,2310,40,D,EP,YP,D
9:00:57,MYOR,RG,2310,1,D,EP,YP,D
9:00:57,MYOR,RG,2310,7,D,KK,YP,D
9:00:50,MYOR,RG,2320,2,D,PD,CS,D
9:00:50,MYOR,RG,2320,1,D,PD,CS,D
9:00:50,MYOR,RG,2320,2,D,PD,BB,D
9:00:45,MYOR,RG,2320,2,F,ZP,BB,D
9:00:45,MYOR,RG,2320,2,F,ZP,KZ,F
9:00:45,MYOR,RG,2320,2,F,ZP,XC,D
9:00:40,MYOR,RG,2320,5,D,PD,XC,D
9:00:34,MYOR,RG,2320,2,D,CC,XC,D
9:00:34,MYOR,RG,2320,3,D,CC,KZ,F
9:00:33,MYOR,RG,2310,2,D,KK,DR,D
9:00:25,MYOR,RG,2310,1,D,KK,KZ,F
9:00:22,MYOR,RG,2310,2,D,IP,KZ,F
9:00:18,MYOR,RG,2310,6,D,IP,KZ,F
9:00:13,MYOR,RG,2320,3,D,XC,KZ,F
9:00:12,MYOR,RG,2320,2,D,XC,PD,D
9:00:11,MYOR,RG,2310,1,D,IP,PD,D
9:00:11,MYOR,RG,2310,2,D,IP,PD,D
9:00:10,MYOR,RG,2330,3,D,AT,PD,D
9:00:10,MYOR,RG,2330,1,D,AT,PD,D
9:00:10,MYOR,RG,2330,1,D,AT,KZ,F
9:00:10,MYOR,RG,2330,1,D,AT,PD,D
9:00:10,MYOR,RG,2330,4,D,AT,XL,D
9:00:10,MYOR,RG,2310,1,D,IP,CC,D
9:00:09,MYOR,RG,2310,1,D,IP,PD,D
9:00:08,MYOR,RG,2310,17,D,IP,PD,D
9:00:08,MYOR,RG,2320,1,D,PD,PD,D