Time,Stock,Brd,Price,Qty,BT,BC,SC,ST
15:12:56,MYOR,RG,2360,1,D,PD,NI,D
15:12:36,MYOR,RG,2360,50,F,KZ,XC,D
15:07:17,MYOR,RG,2360,35,F,KZ,XC,D
15:07:17,MYOR,RG,2360,10,F,KZ,KK,D
15:07:17,MYOR,RG,2360,2,F,KZ,YP,D
15:07:17,MYOR,RG,2360,1,F,KZ,XC,D
15:07:17,MYOR,RG,2360,6,F,KZ,YP,D
15:07:17,MYOR,RG,2360,10,F,KZ,AT,D
15:07:17,MYOR,RG,2360,76,F,KZ,PD,D
15:07:17,MYOR,RG,2360,4,F,KZ,EP,D
15:07:17,MYOR,RG,2360,1,F,KZ,XC,D
15:07:17,MYOR,RG,2360,7,F,KZ,CC,D
15:07:17,MYOR,RG,2360,3,F,KZ,PD,D
15:07:17,MYOR,RG,2360,2,F,KZ,NI,D
15:07:17,MYOR,RG,2360,534,F,KZ,PD,D
15:07:05,MYOR,RG,2360,4,D,PD,PD,D
15:05:50,MYOR,RG,2360,2,D,XC,PD,D
15:05:19,MYOR,RG,2360,43,D,YP,PD,D
15:05:02,MYOR,RG,2360,30,D,PD,PD,D
15:00:00,MYOR,RG,2360,17,D,CC,PD,D
15:00:00,MYOR,RG,2360,100,D,YP,PD,D
15:00:00,MYOR,RG,2360,2,D,DR,PD,D
15:00:00,MYOR,RG,2360,1,D,XC,PD,D
15:00:00,MYOR,RG,2360,10,D,GR,PD,D
15:00:00,MYOR,RG,2360,1,D,PD,PD,D
15:00:00,MYOR,RG,2360,1,D,KK,PD,D
15:00:00,MYOR,RG,2360,4,D,YP,PD,D
15:00:00,MYOR,RG,2360,50,D,YP,PD,D
15:00:00,MYOR,RG,2360,15,D,CC,PD,D
15:00:00,MYOR,RG,2360,1,D,PD,PD,D
15:00:00,MYOR,RG,2360,4,D,NI,PD,D
15:00:00,MYOR,RG,2360,50,D,EP,PD,D
15:00:00,MYOR,RG,2360,7,D,EP,PD,D
15:00:00,MYOR,RG,2360,2,F,KZ,PD,D
15:00:00,MYOR,RG,2360,2,F,KZ,PD,D
15:00:00,MYOR,RG,2360,20,F,KZ,PD,D
15:00:00,MYOR,RG,2360,1,F,KZ,PD,D
15:00:00,MYOR,RG,2360,25,F,KZ,DH,D
15:00:00,MYOR,RG,2360,75,F,KZ,PD,D
15:00:00,MYOR,RG,2360,2,F,KZ,PD,D
15:00:00,MYOR,RG,2360,1,F,KZ,PD,D
15:00:00,MYOR,RG,2360,53,F,KZ,PD,D
15:00:00,MYOR,RG,2360,2,F,KZ,PD,D
15:00:00,MYOR,RG,2360,467,F,KZ,PD,D
15:00:00,MYOR,RG,2360,15,F,KZ,KK,D
15:00:00,MYOR,RG,2360,88,F,KZ,PD,D
15:00:00,MYOR,RG,2360,2,D,PD,PD,D
15:00:00,MYOR,RG,2360,3,D,NI,PD,D
15:00:00,MYOR,RG,2360,1,D,NI,PD,D
15:00:00,MYOR,RG,2360,4,D,EP,PD,D
15:00:00,MYOR,RG,2360,64,D,PD,PD,D
15:00:00,MYOR,RG,2360,1,D,YP,PD,D
15:00:00,MYOR,RG,2360,5,D,YP,YP,D
15:00:00,MYOR,RG,2360,1,D,YP,YP,D
15:00:00,MYOR,RG,2360,13,D,YP,AK,F
15:00:00,MYOR,RG,2360,5,D,NI,AK,F
15:00:00,MYOR,RG,2360,2,D,PD,AK,F
15:00:00,MYOR,RG,2360,2,D,DH,AK,F
15:00:00,MYOR,RG,2360,2,D,NI,AK,F
14:49:59,MYOR,RG,2360,37,D,IF,PD,D
14:49:59,MYOR,RG,2360,6,D,IF,NI,D
14:49:54,MYOR,RG,2360,13,D,EP,NI,D
14:49:42,MYOR,RG,2360,1,D,SQ,NI,D
14:49:42,MYOR,RG,2360,4,D,SQ,PD,D
14:49:33,MYOR,RG,2360,7,D,RX,PD,D
14:49:32,MYOR,RG,2360,5,D,PD,PD,D
14:49:19,MYOR,RG,2360,8,D,RX,PD,D
14:49:15,MYOR,RG,2350,1,D,XC,BQ,D
14:49:13,MYOR,RG,2350,50,D,XC,YP,D
14:48:58,MYOR,RG,2350,15,D,XC,KK,D
14:48:55,MYOR,RG,2350,12,D,XC,BQ,D
14:48:33,MYOR,RG,2360,6,D,RX,PD,D
14:48:21,MYOR,RG,2350,63,D,XC,DR,D
14:48:21,MYOR,RG,2350,2,D,PD,DR,D
14:48:21,MYOR,RG,2350,46,F,KZ,DR,D
14:48:15,MYOR,RG,2350,7,F,KZ,AK,F
14:48:12,MYOR,RG,2350,48,F,KZ,DR,D
14:48:11,MYOR,RG,2350,85,F,KZ,DR,D
14:47:56,MYOR,RG,2360,2,D,PD,PD,D
14:47:53,MYOR,RG,2360,10,D,RX,PD,D
14:47:49,MYOR,RG,2360,4,D,KK,PD,D
14:47:18,MYOR,RG,2350,1,F,KZ,XC,D
14:46:57,MYOR,RG,2350,131,F,KZ,PD,D
14:46:57,MYOR,RG,2350,69,D,NI,PD,D
14:46:54,MYOR,RG,2360,2,F,KZ,PD,D
14:46:54,MYOR,RG,2360,104,F,KZ,PD,D
14:46:52,MYOR,RG,2360,14,F,KZ,PD,D
14:46:51,MYOR,RG,2360,6,D,RX,PD,D
14:46:51,MYOR,RG,2360,100,D,CC,PD,D
14:46:44,MYOR,RG,2360,12,D,CC,PD,D
14:46:33,MYOR,RG,2360,116,D,YP,PD,D
14:46:33,MYOR,RG,2360,4,D,YP,YP,D
14:46:33,MYOR,RG,2360,44,D,YP,DR,D
14:46:33,MYOR,RG,2360,3,D,YP,DH,D
14:46:33,MYOR,RG,2360,33,D,YP,PD,D
14:46:31,MYOR,RG,2360,6,D,RX,PD,D
14:46:24,MYOR,RG,2360,61,F,KZ,PD,D
14:46:24,MYOR,RG,2360,130,F,KZ,PD,D
14:46:22,MYOR,RG,2350,350,D,NI,DR,D
14:45:53,MYOR,RG,2360,8,D,YP,PD,D
14:45:52,MYOR,RG,2360,8,D,RX,PD,D
14:45:13,MYOR,RG,2360,25,D,OD,PD,D
14:45:10,MYOR,RG,2360,6,D,RX,PD,D
14:45:03,MYOR,RG,2350,222,D,NI,DR,D
14:45:01,MYOR,RG,2350,228,D,NI,DR,D
14:44:10,MYOR,RG,2360,2,F,KZ,PD,D
14:44:10,MYOR,RG,2360,7,D,RX,PD,D
14:43:44,MYOR,RG,2360,2,F,KZ,PD,D
14:43:44,MYOR,RG,2360,7,D,CC,PD,D
14:43:43,MYOR,RG,2360,1,F,KZ,PD,D
14:43:43,MYOR,RG,2360,4,D,YP,PD,D
14:43:03,MYOR,RG,2360,1,D,PD,BK,F
14:42:54,MYOR,RG,2360,2,D,NI,BK,F
14:42:14,MYOR,RG,2360,135,F,KZ,BK,F
14:42:14,MYOR,RG,2360,10,F,KZ,AK,F
14:41:28,MYOR,RG,2360,5,D,EP,AK,F
14:41:20,MYOR,RG,2360,13,D,RX,AK,F
14:41:02,MYOR,RG,2360,9,D,KK,AK,F
14:40:17,MYOR,RG,2360,7,D,RX,AK,F
14:39:17,MYOR,RG,2360,5,D,CC,AK,F
14:39:05,MYOR,RG,2360,9,D,RX,AK,F
14:39:02,MYOR,RG,2360,1,D,PD,AK,F
14:38:45,MYOR,RG,2360,3,D,NI,AK,F
14:38:34,MYOR,RG,2360,58,F,KZ,AK,F
14:38:34,MYOR,RG,2360,24,F,KZ,DR,D
14:38:28,MYOR,RG,2350,180,D,NI,CP,D
14:38:24,MYOR,RG,2350,540,D,NI,DR,D
14:38:14,MYOR,RG,2350,12,D,NI,NI,D
14:37:50,MYOR,RG,2350,1,D,NI,NI,D
14:37:31,MYOR,RG,2350,23,D,NI,KK,D
14:37:14,MYOR,RG,2360,166,F,KZ,DR,D
14:37:13,MYOR,RG,2360,44,D,YP,DR,D
14:37:03,MYOR,RG,2360,100,D,YP,DR,D
14:36:47,MYOR,RG,2360,1,D,XC,DR,D
14:36:46,MYOR,RG,2350,96,D,NI,DR,D
14:36:45,MYOR,RG,2350,429,D,NI,DR,D
14:36:24,MYOR,RG,2360,32,F,KZ,DR,D
14:36:13,MYOR,RG,2350,2,D,NI,NI,D
14:36:08,MYOR,RG,2350,1,D,NI,CC,D
14:35:56,MYOR,RG,2350,11,D,NI,DR,D
14:34:27,MYOR,RG,2350,5,D,NI,PD,D
14:34:18,MYOR,RG,2360,1,D,YB,DR,D
14:33:36,MYOR,RG,2360,2,D,YP,DR,D
14:32:17,MYOR,RG,2350,1,D,NI,PD,D
14:31:18,MYOR,RG,2350,1,D,NI,NI,D
14:30:53,MYOR,RG,2350,20,D,NI,XC,D
14:30:00,MYOR,RG,2350,1,D,NI,PD,D
14:29:02,MYOR,RG,2350,23,D,NI,EP,D
14:28:32,MYOR,RG,2360,10,D,DH,DR,D
14:28:25,MYOR,RG,2350,285,D,NI,DR,D
14:28:25,MYOR,RG,2350,2,F,KZ,DR,D
14:28:25,MYOR,RG,2350,10,D,NI,DR,D
14:28:25,MYOR,RG,2350,1,F,KZ,DR,D
14:28:25,MYOR,RG,2350,12,F,KZ,DR,D
14:28:25,MYOR,RG,2350,1,D,YB,DR,D
14:28:25,MYOR,RG,2350,22,F,KZ,DR,D
14:28:24,MYOR,RG,2350,32,F,KZ,DR,D
14:27:14,MYOR,RG,2360,2,D,PD,DR,D
14:27:00,MYOR,RG,2360,11,F,KZ,DR,D
14:26:59,MYOR,RG,2360,3,D,AT,DR,D
14:26:46,MYOR,RG,2350,23,D,EP,DR,D
14:26:46,MYOR,RG,2350,1,F,KZ,DR,D
14:26:46,MYOR,RG,2350,4,D,CC,DR,D
14:26:46,MYOR,RG,2350,12,F,KZ,DR,D
14:26:46,MYOR,RG,2350,3,F,KZ,DR,D
14:26:45,MYOR,RG,2360,15,F,KZ,DR,D
14:26:45,MYOR,RG,2360,62,F,KZ,DR,D
14:26:45,MYOR,RG,2360,10,D,RX,DR,D
14:26:45,MYOR,RG,2360,103,D,XC,DR,D
14:26:45,MYOR,RG,2360,10,D,PD,DR,D
14:26:45,MYOR,RG,2360,22,D,DH,DR,D
14:26:45,MYOR,RG,2360,50,D,KK,DR,D
14:26:45,MYOR,RG,2360,4,D,PD,DR,D
14:26:45,MYOR,RG,2360,1,D,PD,DR,D
14:26:45,MYOR,RG,2360,2,D,CC,DR,D
14:26:45,MYOR,RG,2360,1,D,XC,DR,D
14:26:45,MYOR,RG,2360,4,D,DR,DR,D
14:26:45,MYOR,RG,2360,22,D,RX,DR,D
14:26:45,MYOR,RG,2360,5,D,PD,DR,D
14:26:45,MYOR,RG,2360,2,F,KZ,DR,D
14:26:45,MYOR,RG,2360,7,D,GR,DR,D
14:26:38,MYOR,RG,2360,43,D,GR,PD,D
14:26:38,MYOR,RG,2360,1,F,KZ,PD,D
14:26:38,MYOR,RG,2360,1,D,PD,PD,D
14:26:38,MYOR,RG,2360,4,F,KZ,PD,D
14:26:38,MYOR,RG,2360,15,D,RX,PD,D
14:26:38,MYOR,RG,2360,204,F,KZ,PD,D
14:26:38,MYOR,RG,2360,1,F,KZ,PD,D
14:26:38,MYOR,RG,2360,34,F,KZ,PD,D
14:26:38,MYOR,RG,2360,97,D,NI,PD,D
14:25:26,MYOR,RG,2370,6,D,RX,PD,D
14:24:19,MYOR,RG,2360,1,D,NI,PD,D
14:24:13,MYOR,RG,2360,10,D,NI,CC,D
14:24:02,MYOR,RG,2360,2,D,NI,PD,D
14:23:10,MYOR,RG,2370,7,D,RX,PD,D
14:23:02,MYOR,RG,2360,100,D,NI,SQ,D
14:22:14,MYOR,RG,2360,1,D,NI,XC,D
14:21:42,MYOR,RG,2370,40,D,CC,PD,D
14:21:01,MYOR,RG,2370,6,D,RX,PD,D
14:20:40,MYOR,RG,2360,1,D,NI,PD,D
14:19:58,MYOR,RG,2360,11,D,NI,DR,D
14:19:06,MYOR,RG,2370,1,D,PD,PD,D
14:18:36,MYOR,RG,2360,1,D,NI,XC,D
14:18:16,MYOR,RG,2360,173,D,NI,DR,D
14:18:14,MYOR,RG,2360,22,D,NI,DR,D
14:17:15,MYOR,RG,2360,40,D,NI,PD,D
14:16:44,MYOR,RG,2360,170,D,NI,DR,D
14:15:54,MYOR,RG,2360,100,D,NI,PD,D
14:15:27,MYOR,RG,2360,35,D,NI,XC,D
14:14:43,MYOR,RG,2360,6,D,NI,XC,D
14:14:33,MYOR,RG,2370,5,D,KK,PD,D
14:11:22,MYOR,RG,2370,20,D,FZ,PD,D
14:09:33,MYOR,RG,2370,1,D,PD,PD,D
14:08:55,MYOR,RG,2370,1,D,YP,PD,D
14:08:48,MYOR,RG,2360,2,D,NI,DR,D
14:08:48,MYOR,RG,2360,224,D,NI,DR,D
14:08:48,MYOR,RG,2360,4,D,NI,AK,F
14:08:15,MYOR,RG,2350,26,F,KZ,DR,D
14:07:32,MYOR,RG,2360,2,F,KZ,AK,F
14:07:31,MYOR,RG,2360,6,D,EP,AK,F
14:07:26,MYOR,RG,2360,2,F,KZ,AK,F
14:07:25,MYOR,RG,2360,8,D,NI,AK,F
14:07:05,MYOR,RG,2360,48,F,KZ,AK,F
14:07:05,MYOR,RG,2360,129,F,KZ,DR,D
14:07:04,MYOR,RG,2360,78,F,KZ,DR,D
14:07:03,MYOR,RG,2360,35,F,KZ,DR,D
14:07:03,MYOR,RG,2360,56,F,KZ,PD,D
14:07:03,MYOR,RG,2360,34,D,DH,PD,D
14:07:03,MYOR,RG,2360,65,F,KZ,PD,D
14:07:03,MYOR,RG,2360,67,F,KZ,PD,D
14:07:03,MYOR,RG,2360,1,D,PD,PD,D
14:07:03,MYOR,RG,2360,3,D,YP,PD,D
14:07:03,MYOR,RG,2360,27,D,YP,PD,D
14:07:03,MYOR,RG,2360,100,F,YP,PD,D
14:07:03,MYOR,RG,2360,2,D,KK,PD,D
14:07:03,MYOR,RG,2360,45,F,KZ,PD,D
14:06:54,MYOR,RG,2370,22,F,KZ,PD,D
14:06:44,MYOR,RG,2360,56,F,KZ,DR,D
14:06:44,MYOR,RG,2360,5,D,YP,DR,D
14:06:44,MYOR,RG,2360,10,D,KK,DR,D
14:06:44,MYOR,RG,2360,5,D,LG,DR,D
14:06:44,MYOR,RG,2360,1,D,XC,DR,D
14:06:44,MYOR,RG,2360,100,D,KK,DR,D
14:06:44,MYOR,RG,2360,2,D,KK,DR,D
14:06:44,MYOR,RG,2360,1,D,NI,DR,D
14:06:44,MYOR,RG,2360,3,D,AT,DR,D
14:06:44,MYOR,RG,2360,4,D,YP,DR,D
14:06:44,MYOR,RG,2360,7,D,XC,DR,D
14:06:44,MYOR,RG,2360,41,F,KZ,DR,D
14:06:44,MYOR,RG,2360,44,D,RX,DR,D
14:06:44,MYOR,RG,2360,10,F,KZ,DR,D
14:05:40,MYOR,RG,2370,1,F,KZ,PD,D
14:05:39,MYOR,RG,2370,6,D,RX,PD,D
14:04:36,MYOR,RG,2370,1,D,DH,PD,D
14:03:47,MYOR,RG,2370,2,F,KZ,PD,D
14:03:46,MYOR,RG,2370,5,D,RX,PD,D
14:03:46,MYOR,RG,2370,2,D,RX,YU,D
14:03:01,MYOR,RG,2370,1,D,AG,YU,D
14:02:24,MYOR,RG,2370,1,F,KZ,GR,D
14:02:17,MYOR,RG,2360,1,F,KZ,YP,D
14:02:11,MYOR,RG,2370,2,D,OD,YP,D
14:01:31,MYOR,RG,2370,2,F,KZ,YP,D
14:01:29,MYOR,RG,2370,1,F,KZ,YP,D
14:01:29,MYOR,RG,2370,9,D,PD,XC,D
14:01:29,MYOR,RG,2370,1,D,PD,PD,D
14:00:57,MYOR,RG,2370,1,F,KZ,PD,D
14:00:57,MYOR,RG,2370,6,D,RX,PD,D
14:00:15,MYOR,RG,2370,1,F,KZ,PD,D
14:00:15,MYOR,RG,2370,4,D,XC,PD,D
13:59:01,MYOR,RG,2370,2,F,KZ,PD,D
13:59:00,MYOR,RG,2370,8,D,RX,PD,D
13:58:43,MYOR,RG,2370,1,F,KZ,PD,D
13:58:43,MYOR,RG,2370,2,D,SQ,PD,D
13:58:33,MYOR,RG,2370,61,F,KZ,PD,D
13:58:33,MYOR,RG,2370,13,D,YP,PD,D
13:58:33,MYOR,RG,2370,67,D,YP,YP,D
13:58:30,MYOR,RG,2360,101,F,KZ,DR,D
13:58:30,MYOR,RG,2360,67,D,NI,DR,D
13:56:54,MYOR,RG,2370,66,F,KZ,YP,D
13:56:45,MYOR,RG,2360,57,D,NI,DR,D
13:56:44,MYOR,RG,2370,2,F,KZ,YP,D
13:56:44,MYOR,RG,2360,207,D,NI,DR,D
13:56:35,MYOR,RG,2370,6,D,RX,YP,D
13:55:40,MYOR,RG,2360,1,D,NI,PD,D
13:55:05,MYOR,RG,2370,2,F,KZ,YP,D
13:55:04,MYOR,RG,2370,9,D,RX,YP,D
13:54:34,MYOR,RG,2370,2,F,KZ,YP,D
13:54:30,MYOR,RG,2360,4,D,NI,NI,D
13:54:24,MYOR,RG,2370,2,D,CC,YP,D
13:54:11,MYOR,RG,2370,1,D,NI,YP,D
13:54:03,MYOR,RG,2370,2,F,KZ,YP,D
13:54:02,MYOR,RG,2370,5,D,RX,YP,D
13:54:02,MYOR,RG,2370,1,D,RX,XC,D
13:54:02,MYOR,RG,2370,2,D,RX,CC,D
13:50:39,MYOR,RG,2370,2,F,KZ,CC,D
13:50:39,MYOR,RG,2370,5,D,OD,CC,D
13:50:36,MYOR,RG,2370,1,F,KZ,CC,D
13:50:36,MYOR,RG,2370,7,D,RX,CC,D
13:49:24,MYOR,RG,2370,3,F,KZ,CC,D
13:49:24,MYOR,RG,2370,1,F,KZ,PD,D
13:49:22,MYOR,RG,2370,4,D,RX,PD,D
13:49:22,MYOR,RG,2370,8,D,RX,AZ,D
13:49:22,MYOR,RG,2370,3,D,RX,PD,D
13:49:14,MYOR,RG,2370,37,F,KZ,PD,D
13:49:08,MYOR,RG,2360,1,D,NI,YP,D
13:49:08,MYOR,RG,2360,200,D,NI,PD,D
13:49:08,MYOR,RG,2360,2,D,NI,KK,D
13:49:08,MYOR,RG,2360,100,D,NI,SQ,D
13:49:08,MYOR,RG,2360,361,D,NI,DR,D
13:48:11,MYOR,RG,2350,2,F,KZ,NI,D
13:48:11,MYOR,RG,2350,1,F,KZ,NI,D
13:48:03,MYOR,RG,2350,2,F,KZ,NI,D
13:47:20,MYOR,RG,2350,55,F,KZ,DR,D
13:47:20,MYOR,RG,2350,1,F,KZ,DR,D
13:47:20,MYOR,RG,2350,2,F,KZ,DR,D
13:47:20,MYOR,RG,2350,5,D,AT,DR,D
13:47:20,MYOR,RG,2350,29,F,KZ,DR,D
13:47:20,MYOR,RG,2350,1,D,XC,DR,D
13:47:20,MYOR,RG,2350,1,D,XC,DR,D
13:47:20,MYOR,RG,2350,30,D,YP,DR,D
13:47:20,MYOR,RG,2350,22,D,XC,DR,D
13:47:20,MYOR,RG,2350,1,D,XC,DR,D
13:47:20,MYOR,RG,2350,1,D,CC,DR,D
13:47:20,MYOR,RG,2350,8,D,PD,DR,D
13:47:20,MYOR,RG,2350,2,D,PD,DR,D
13:47:20,MYOR,RG,2350,1,D,OD,DR,D
13:47:11,MYOR,RG,2350,1,D,OD,PD,D
13:46:42,MYOR,RG,2350,3,D,OD,CC,D
13:46:42,MYOR,RG,2350,23,D,XA,CC,D
13:46:42,MYOR,RG,2350,1,D,XC,CC,D
13:46:42,MYOR,RG,2350,1,D,XC,CC,D
13:46:42,MYOR,RG,2350,1,D,ZP,CC,D
13:46:42,MYOR,RG,2350,21,D,SQ,CC,D
13:46:24,MYOR,RG,2350,10,D,SQ,CC,D
13:46:12,MYOR,RG,2350,19,D,SQ,XC,D
13:46:12,MYOR,RG,2350,1,D,KK,XC,D
13:46:12,MYOR,RG,2350,10,D,TP,XC,D
13:46:12,MYOR,RG,2350,40,F,KK,XC,D
13:46:12,MYOR,RG,2350,25,D,PD,XC,D
13:46:12,MYOR,RG,2350,17,F,KZ,XC,D
13:46:12,MYOR,RG,2350,100,D,YP,XC,D
13:46:12,MYOR,RG,2350,5,D,PD,XC,D
13:46:12,MYOR,RG,2350,1,D,XC,XC,D
13:46:12,MYOR,RG,2350,3,D,AZ,XC,D
13:46:12,MYOR,RG,2350,80,F,KZ,XC,D
13:46:12,MYOR,RG,2350,10,D,AG,XC,D
13:46:12,MYOR,RG,2350,1,D,YP,XC,D
13:46:12,MYOR,RG,2350,238,D,NI,XC,D
13:46:12,MYOR,RG,2350,5,D,NI,DR,D
13:46:11,MYOR,RG,2350,37,D,NI,DR,D
13:45:03,MYOR,RG,2360,1,D,XC,DR,D
13:45:03,MYOR,RG,2360,1,D,XC,DR,D
13:45:03,MYOR,RG,2360,4,D,KK,DR,D
13:45:03,MYOR,RG,2360,1,D,OD,DR,D
13:45:03,MYOR,RG,2360,110,F,KZ,DR,D
13:45:03,MYOR,RG,2360,25,D,EP,DR,D
13:45:03,MYOR,RG,2360,15,D,RX,DR,D
13:45:03,MYOR,RG,2360,50,D,YP,DR,D
13:45:03,MYOR,RG,2360,1,D,CC,DR,D
13:45:03,MYOR,RG,2360,10,D,YP,DR,D
13:45:03,MYOR,RG,2360,1,D,DH,DR,D
13:45:03,MYOR,RG,2360,2,D,PD,DR,D
13:45:03,MYOR,RG,2360,20,D,EP,DR,D
13:45:03,MYOR,RG,2360,1,D,EP,DR,D
13:45:03,MYOR,RG,2360,12,D,RX,DR,D
13:44:04,MYOR,RG,2360,1,D,RX,PD,D
13:44:04,MYOR,RG,2360,1,D,RX,PD,D
13:42:17,MYOR,RG,2360,1,D,RX,YP,D
13:41:29,MYOR,RG,2360,5,D,RX,YP,D
13:41:23,MYOR,RG,2360,1,D,RX,YP,D
13:40:43,MYOR,RG,2360,6,D,RX,DR,D
13:40:43,MYOR,RG,2360,5,D,OD,DR,D
13:40:43,MYOR,RG,2360,2,D,PD,DR,D
13:40:43,MYOR,RG,2360,3,D,PD,DR,D
13:40:21,MYOR,RG,2370,6,D,RX,DR,D
13:40:00,MYOR,RG,2360,1,D,PD,YP,D
13:39:29,MYOR,RG,2360,6,D,PD,YP,D
13:39:29,MYOR,RG,2360,2,D,PD,YP,D
13:39:29,MYOR,RG,2360,2,F,KZ,YP,D
13:39:12,MYOR,RG,2360,110,F,KZ,PD,D
13:39:12,MYOR,RG,2360,1,D,XC,PD,D
13:39:12,MYOR,RG,2360,1,D,XC,PD,D
13:39:12,MYOR,RG,2360,23,D,DH,PD,D
13:39:12,MYOR,RG,2360,50,D,SQ,PD,D
13:39:12,MYOR,RG,2360,5,D,SQ,PD,D
13:39:12,MYOR,RG,2360,10,D,EP,PD,D
13:39:12,MYOR,RG,2360,5,D,YP,PD,D
13:39:12,MYOR,RG,2360,10,D,PD,PD,D
13:39:12,MYOR,RG,2360,197,F,KZ,PD,D
13:39:12,MYOR,RG,2360,88,D,NI,PD,D
13:38:54,MYOR,RG,2370,101,F,KZ,DR,D
13:38:54,MYOR,RG,2370,3,F,KZ,DR,D
13:38:49,MYOR,RG,2360,100,D,NI,CC,D
13:38:23,MYOR,RG,2360,283,D,NI,DR,D
13:37:42,MYOR,RG,2370,75,F,KZ,DR,D
13:37:42,MYOR,RG,2370,42,F,KZ,DR,D
13:37:41,MYOR,RG,2370,8,F,KZ,DR,D
13:37:41,MYOR,RG,2370,1,F,KZ,PD,D
13:37:41,MYOR,RG,2370,1,F,KZ,PD,D
13:37:38,MYOR,RG,2360,100,D,NI,DR,D
13:37:04,MYOR,RG,2360,1,D,NI,YP,D
13:36:45,MYOR,RG,2360,60,D,NI,DR,D
13:36:44,MYOR,RG,2360,336,D,NI,DR,D
13:35:07,MYOR,RG,2370,7,D,RX,DR,D
13:33:31,MYOR,RG,2370,10,D,CC,DR,D
13:33:29,MYOR,RG,2360,6,D,NI,XC,D
13:33:02,MYOR,RG,2370,7,D,RX,DR,D
13:30:59,MYOR,RG,2370,1,D,TP,DR,D
13:30:17,MYOR,RG,2370,7,F,KZ,DR,D
13:30:14,MYOR,RG,2370,2,F,KZ,DR,D
13:30:14,MYOR,RG,2370,1,F,KZ,OD,D
13:30:14,MYOR,RG,2370,1,F,KZ,NI,D
13:30:14,MYOR,RG,2370,36,F,KZ,PD,D
13:30:12,MYOR,RG,2370,4,D,YP,PD,D
13:30:11,MYOR,RG,2370,10,F,KZ,PD,D
13:30:11,MYOR,RG,2370,15,D,YP,PD,D
13:30:10,MYOR,RG,2370,12,F,KZ,PD,D
13:30:09,MYOR,RG,2360,3,D,NI,KK,D
13:30:09,MYOR,RG,2360,20,D,NI,XC,D
13:30:09,MYOR,RG,2370,1,D,XC,PD,D
13:30:06,MYOR,RG,2370,21,F,KZ,PD,D
13:30:06,MYOR,RG,2370,5,D,YP,PD,D
13:30:05,MYOR,RG,2370,1,D,YP,PD,D
13:30:05,MYOR,RG,2370,1,D,DH,PD,D
13:30:05,MYOR,RG,2370,1,D,DH,PD,D
13:30:05,MYOR,RG,2370,2,D,DH,PD,D
13:30:05,MYOR,RG,2370,3,D,PD,PD,D
13:30:05,MYOR,RG,2370,3,D,PD,PD,D
13:30:05,MYOR,RG,2370,6,D,YP,PD,D
13:30:05,MYOR,RG,2370,1,D,XC,PD,D
13:30:04,MYOR,RG,2360,1,D,NI,XC,D
13:30:03,MYOR,RG,2370,1,D,AT,PD,D
13:30:03,MYOR,RG,2370,1,D,AZ,PD,D
13:30:03,MYOR,RG,2370,1,D,PD,PD,D
13:30:03,MYOR,RG,2370,13,D,PD,PD,D
13:30:03,MYOR,RG,2370,2,D,PD,PD,D
13:30:03,MYOR,RG,2370,3,D,PD,PD,D
13:30:03,MYOR,RG,2370,1,D,PD,PD,D
13:30:03,MYOR,RG,2370,1,D,PD,PD,D
13:30:02,MYOR,RG,2370,10,D,SQ,PD,D
13:30:02,MYOR,RG,2370,1,D,EP,PD,D
13:30:02,MYOR,RG,2370,3,D,PD,PD,D
13:30:02,MYOR,RG,2370,5,D,OD,PD,D
13:30:02,MYOR,RG,2370,36,D,SQ,PD,D
13:30:02,MYOR,RG,2370,1,D,SQ,YP,D
13:30:02,MYOR,RG,2370,3,D,SQ,DR,D
11:29:11,MYOR,RG,2370,22,F,KZ,DR,D
11:29:11,MYOR,RG,2370,5,F,KZ,DR,D
11:29:10,MYOR,RG,2370,16,D,NI,DR,D
11:27:51,MYOR,RG,2370,2,F,KZ,DR,D
11:27:48,MYOR,RG,2360,84,D,NI,DR,D
11:26:01,MYOR,RG,2370,8,D,KK,DR,D
11:25:43,MYOR,RG,2370,1,D,KK,DR,D
11:25:24,MYOR,RG,2370,7,D,PD,DR,D
11:25:07,MYOR,RG,2360,1,D,NI,GR,D
11:25:07,MYOR,RG,2360,3,D,RX,GR,D
11:25:07,MYOR,RG,2360,11,D,RX,DR,D
11:25:06,MYOR,RG,2360,36,D,RX,DR,D
11:25:06,MYOR,RG,2360,91,D,NI,DR,D
11:24:43,MYOR,RG,2370,1,D,EP,DR,D
11:23:21,MYOR,RG,2370,2,F,KZ,DR,D
11:22:47,MYOR,RG,2370,22,F,KZ,DR,D
11:22:46,MYOR,RG,2370,6,F,KZ,DR,D
11:22:46,MYOR,RG,2370,91,F,KZ,DR,D
11:22:46,MYOR,RG,2370,21,F,KZ,PD,D
11:22:45,MYOR,RG,2370,2,D,EP,PD,D
11:22:45,MYOR,RG,2370,1,F,KZ,PD,D
11:22:45,MYOR,RG,2370,3,D,YP,PD,D
11:22:45,MYOR,RG,2370,19,F,KZ,PD,D
11:22:45,MYOR,RG,2370,4,F,KZ,PD,D
11:22:45,MYOR,RG,2370,1,F,KZ,PD,D
11:22:45,MYOR,RG,2370,1,D,XC,PD,D
11:22:45,MYOR,RG,2370,2,F,KZ,PD,D
11:22:45,MYOR,RG,2370,4,D,GR,PD,D
11:22:45,MYOR,RG,2370,5,F,KZ,PD,D
11:22:45,MYOR,RG,2370,87,F,KZ,PD,D
11:22:37,MYOR,RG,2370,1,F,KZ,XC,D
11:21:23,MYOR,RG,2370,24,F,KZ,DR,D
11:21:23,MYOR,RG,2370,1,F,KZ,DR,D
11:20:56,MYOR,RG,2370,2,F,KZ,XC,D
11:19:54,MYOR,RG,2370,17,F,KZ,DR,D
11:19:17,MYOR,RG,2370,2,F,KZ,YP,D
11:19:17,MYOR,RG,2370,40,D,SQ,YP,D
11:19:17,MYOR,RG,2370,8,F,KZ,YP,D
11:19:00,MYOR,RG,2380,2,D,PD,DR,D
11:18:13,MYOR,RG,2370,4,F,KZ,YP,D
11:18:04,MYOR,RG,2370,1,F,KZ,YP,D
11:17:28,MYOR,RG,2370,6,F,KZ,DR,D
11:17:28,MYOR,RG,2370,12,F,KZ,DR,D
11:17:28,MYOR,RG,2370,95,F,KZ,DR,D
11:17:27,MYOR,RG,2370,14,F,KZ,DR,D
11:17:27,MYOR,RG,2370,10,F,KZ,DR,D
11:17:12,MYOR,RG,2370,7,F,KZ,CC,D
11:17:12,MYOR,RG,2370,1,D,PD,CC,D
11:17:12,MYOR,RG,2370,2,F,KZ,CC,D
11:17:07,MYOR,RG,2380,1,D,PD,DR,D
11:17:02,MYOR,RG,2370,1,F,KZ,XC,D
11:16:25,MYOR,RG,2370,2,F,KZ,LS,D
11:16:04,MYOR,RG,2370,109,F,KZ,PD,D
11:16:04,MYOR,RG,2370,6,F,KZ,PD,D
11:16:04,MYOR,RG,2370,35,F,KZ,PD,D
11:15:50,MYOR,RG,2370,1,F,KZ,NI,D
11:15:42,MYOR,RG,2370,24,F,KZ,AK,F
11:15:42,MYOR,RG,2370,1,F,KZ,AK,F
11:15:42,MYOR,RG,2370,1,F,KZ,AK,F
11:15:42,MYOR,RG,2370,1,D,YP,AK,F
11:15:42,MYOR,RG,2370,15,F,KZ,AK,F
11:15:42,MYOR,RG,2370,70,D,RX,AK,F
11:15:42,MYOR,RG,2370,8,D,OD,AK,F
11:15:40,MYOR,RG,2370,2,D,OD,AT,D
11:15:40,MYOR,RG,2370,8,D,AT,AT,D
11:15:23,MYOR,RG,2370,2,D,AT,PD,D
11:15:23,MYOR,RG,2370,2,D,PD,PD,D
11:15:23,MYOR,RG,2370,100,D,PD,PD,D
11:15:23,MYOR,RG,2370,10,D,DR,PD,D
11:15:23,MYOR,RG,2370,43,D,KK,PD,D
11:15:23,MYOR,RG,2370,2,D,PD,PD,D
11:15:23,MYOR,RG,2370,1,D,XC,PD,D
11:15:23,MYOR,RG,2370,8,F,KZ,PD,D
11:15:23,MYOR,RG,2370,7,F,KZ,PD,D
11:15:23,MYOR,RG,2370,1,F,KZ,PD,D
11:15:23,MYOR,RG,2370,10,D,PD,PD,D
11:15:23,MYOR,RG,2370,10,D,YP,PD,D
11:15:23,MYOR,RG,2370,1,F,KZ,PD,D
11:15:23,MYOR,RG,2370,2,D,PD,PD,D
11:15:23,MYOR,RG,2370,1,D,PD,PD,D
11:15:15,MYOR,RG,2380,1,D,PD,DR,D
11:15:12,MYOR,RG,2370,1,D,PD,DR,D
11:15:12,MYOR,RG,2370,10,D,PD,DR,D
11:15:12,MYOR,RG,2370,112,F,KZ,DR,D
11:15:12,MYOR,RG,2370,4,F,KZ,DR,D
11:15:00,MYOR,RG,2370,1,F,KZ,XC,D
11:14:22,MYOR,RG,2370,6,F,KZ,YP,D
11:13:22,MYOR,RG,2380,2,D,PD,DR,D
11:13:16,MYOR,RG,2370,60,F,KZ,EP,D
11:12:41,MYOR,RG,2370,1,F,KZ,XC,D
11:11:53,MYOR,RG,2380,1,F,KZ,DR,D
11:11:53,MYOR,RG,2380,1,D,YP,DR,D
11:11:38,MYOR,RG,2380,2,D,CC,DR,D
11:11:31,MYOR,RG,2380,1,F,KZ,DR,D
11:11:30,MYOR,RG,2380,2,D,PD,DR,D
11:09:37,MYOR,RG,2380,2,D,PD,DR,D
11:09:02,MYOR,RG,2380,2,F,KZ,DR,D
11:09:02,MYOR,RG,2380,5,F,KZ,YU,D
11:09:02,MYOR,RG,2380,1,F,KZ,PD,D
11:09:00,MYOR,RG,2380,4,F,KZ,PD,D
11:09:00,MYOR,RG,2380,2,F,KZ,FS,D
11:08:59,MYOR,RG,2380,3,D,YP,FS,D
11:08:59,MYOR,RG,2380,20,D,YP,DR,D
11:08:59,MYOR,RG,2380,5,D,YP,YP,D
11:08:59,MYOR,RG,2380,1,D,YP,GR,D
11:08:59,MYOR,RG,2380,21,D,YP,DR,D
11:07:47,MYOR,RG,2370,40,F,KZ,DR,D
11:07:47,MYOR,RG,2370,1,D,XC,DR,D
11:07:47,MYOR,RG,2370,60,D,NI,DR,D
11:07:46,MYOR,RG,2380,1,F,KZ,DR,D
11:07:46,MYOR,RG,2370,32,D,NI,DR,D
11:07:45,MYOR,RG,2380,2,D,PD,DR,D
11:06:37,MYOR,RG,2370,1,D,NI,NI,D
11:05:53,MYOR,RG,2380,2,D,PD,DR,D
11:05:18,MYOR,RG,2380,3,F,KZ,DR,D
11:05:17,MYOR,RG,2380,11,D,AT,DR,D
11:05:11,MYOR,RG,2370,141,D,NI,DR,D
11:05:07,MYOR,RG,2370,2,D,NI,MK,D
11:05:03,MYOR,RG,2370,5,D,NI,YP,D
11:05:01,MYOR,RG,2380,1,F,KZ,DR,D
11:04:51,MYOR,RG,2380,1,F,KZ,DR,D
11:04:44,MYOR,RG,2370,69,D,NI,YP,D
11:04:00,MYOR,RG,2380,2,D,PD,DR,D
11:03:47,MYOR,RG,2370,9,D,NI,EP,D
11:03:41,MYOR,RG,2380,5,F,KZ,DR,D
11:03:08,MYOR,RG,2380,1,D,AT,DR,D
11:02:07,MYOR,RG,2380,2,D,PD,DR,D
11:02:03,MYOR,RG,2380,4,D,NI,DR,D
11:01:47,MYOR,RG,2380,1,D,XC,DR,D
11:00:45,MYOR,RG,2380,5,D,CC,DR,D
11:00:15,MYOR,RG,2380,2,D,PD,DR,D
11:00:08,MYOR,RG,2370,7,D,NI,PD,D
11:00:07,MYOR,RG,2370,9,D,NI,EP,D
10:59:07,MYOR,RG,2370,50,D,NI,PD,D
10:58:35,MYOR,RG,2380,1,D,YP,DR,D
10:58:29,MYOR,RG,2370,22,D,NI,DR,D
10:58:22,MYOR,RG,2380,2,D,PD,DR,D
10:57:56,MYOR,RG,2370,1,D,NI,NI,D
10:56:52,MYOR,RG,2370,1,D,NI,DR,D
10:56:52,MYOR,RG,2370,22,D,NI,DR,D
10:56:30,MYOR,RG,2380,2,D,PD,DR,D
10:56:24,MYOR,RG,2370,4,D,NI,PD,D
10:56:20,MYOR,RG,2370,1,D,NI,XC,D
10:55:04,MYOR,RG,2370,2,D,NI,SS,D
10:54:40,MYOR,RG,2370,10,D,NI,DR,D
10:54:37,MYOR,RG,2380,2,D,PD,DR,D
10:54:34,MYOR,RG,2380,3,D,CC,DR,D
10:53:59,MYOR,RG,2370,20,D,NI,DR,D
10:53:21,MYOR,RG,2380,1,F,KZ,DR,D
10:52:51,MYOR,RG,2380,1,F,KZ,DR,D
10:52:51,MYOR,RG,2380,1,F,KZ,DR,D
10:52:45,MYOR,RG,2380,2,D,PD,DR,D
10:52:34,MYOR,RG,2370,1,D,NI,XC,D
10:52:28,MYOR,RG,2380,1,D,DH,DR,D
10:52:28,MYOR,RG,2380,1,D,DH,XC,D
10:52:17,MYOR,RG,2380,1,D,YP,XC,D
10:52:17,MYOR,RG,2380,4,D,YP,DR,D
10:52:01,MYOR,RG,2380,4,F,KZ,DR,D
10:51:54,MYOR,RG,2370,1,D,NI,PD,D
10:51:51,MYOR,RG,2380,3,F,KZ,DR,D
10:51:51,MYOR,RG,2380,1,F,KZ,DR,D
10:51:50,MYOR,RG,2380,1,D,XC,DR,D
10:51:41,MYOR,RG,2380,19,F,KZ,DR,D
10:51:41,MYOR,RG,2380,1,F,KZ,DR,D
10:51:21,MYOR,RG,2380,6,F,KZ,DR,D
10:51:21,MYOR,RG,2380,1,F,KZ,DR,D
10:51:11,MYOR,RG,2380,1,F,KZ,DR,D
10:51:11,MYOR,RG,2380,2,F,KZ,DR,D
10:51:11,MYOR,RG,2380,4,F,KZ,DR,D
10:51:11,MYOR,RG,2380,1,F,KZ,DR,D
10:51:03,MYOR,RG,2380,32,D,EP,DR,D
10:51:03,MYOR,RG,2380,2,D,EP,PD,D
10:51:03,MYOR,RG,2380,16,D,EP,PD,D
10:50:52,MYOR,RG,2380,2,D,PD,PD,D
10:49:25,MYOR,RG,2380,7,D,YP,PD,D
10:49:02,MYOR,RG,2370,3,D,NI,PD,D
10:49:00,MYOR,RG,2380,2,D,PD,XC,D
10:48:51,MYOR,RG,2380,15,F,KZ,YP,D
10:48:51,MYOR,RG,2380,2,F,KZ,NI,D
10:48:51,MYOR,RG,2380,80,F,KZ,DR,D
10:48:51,MYOR,RG,2380,12,F,KZ,DR,D
10:48:41,MYOR,RG,2370,86,D,NI,DR,D
10:48:39,MYOR,RG,2370,2,D,NI,CC,D
10:48:02,MYOR,RG,2370,2,D,NI,PD,D
10:47:29,MYOR,RG,2380,1,D,NI,DR,D
10:47:22,MYOR,RG,2380,1,D,DH,DR,D
10:47:08,MYOR,RG,2370,45,D,NI,YP,D
10:47:07,MYOR,RG,2380,2,D,PD,DR,D
10:46:53,MYOR,RG,2370,10,D,NI,DR,D
10:46:52,MYOR,RG,2370,118,D,NI,DR,D
10:46:48,MYOR,RG,2370,1,D,NI,NI,D
10:46:41,MYOR,RG,2370,249,D,NI,XC,D
10:46:17,MYOR,RG,2370,5,D,NI,YP,D
10:46:05,MYOR,RG,2370,8,D,NI,PD,D
10:45:31,MYOR,RG,2370,1,D,NI,YP,D
10:45:01,MYOR,RG,2380,23,F,KZ,XC,D
10:45:01,MYOR,RG,2380,28,F,KZ,XC,D
10:44:59,MYOR,RG,2380,3,F,KZ,AZ,D
10:44:52,MYOR,RG,2380,62,F,KZ,YP,D
10:44:52,MYOR,RG,2380,6,D,XC,YP,D
10:44:52,MYOR,RG,2380,6,D,KK,YP,D
10:44:52,MYOR,RG,2380,2,D,PD,YP,D
10:44:52,MYOR,RG,2380,4,D,XC,YP,D
10:44:52,MYOR,RG,2380,10,D,PD,YP,D
10:44:52,MYOR,RG,2380,28,D,KK,YP,D
10:44:52,MYOR,RG,2380,4,F,KZ,YP,D
10:44:44,MYOR,RG,2380,2,F,KZ,XC,D
10:44:44,MYOR,RG,2380,1,D,NI,XC,D
10:44:42,MYOR,RG,2380,5,D,NI,KK,D
10:44:42,MYOR,RG,2380,50,D,NI,KK,D
10:44:40,MYOR,RG,2390,36,F,KZ,YP,D
10:44:38,MYOR,RG,2380,500,D,NI,XC,D
10:43:27,MYOR,RG,2390,5,D,SQ,YP,D
10:43:19,MYOR,RG,2390,5,D,KK,YP,D
10:43:16,MYOR,RG,2390,5,D,KK,YP,D
10:43:09,MYOR,RG,2390,1,D,PD,YP,D
10:42:58,MYOR,RG,2380,1,D,NI,AZ,D
10:42:24,MYOR,RG,2380,10,D,NI,PD,D
10:42:18,MYOR,RG,2390,3,D,PD,YP,D
10:42:16,MYOR,RG,2380,34,D,NI,NI,D
10:42:09,MYOR,RG,2380,2,D,NI,CC,D
10:42:03,MYOR,RG,2380,4,D,NI,XC,D
10:42:02,MYOR,RG,2380,3,D,NI,CC,D
10:41:53,MYOR,RG,2390,1,D,PD,YP,D
10:41:53,MYOR,RG,2390,2,D,PD,YP,D
10:41:53,MYOR,RG,2390,20,D,PD,YP,D
10:41:51,MYOR,RG,2390,25,F,KZ,EP,D
10:41:31,MYOR,RG,2400,1,F,KZ,YP,D
10:41:21,MYOR,RG,2400,1,F,KZ,YP,D
10:41:21,MYOR,RG,2400,2,F,KZ,YP,D
10:41:21,MYOR,RG,2400,3,F,KZ,YP,D
10:41:20,MYOR,RG,2400,10,D,KK,YP,D
10:40:43,MYOR,RG,2400,3,D,XC,YP,D
10:40:43,MYOR,RG,2400,7,F,KZ,YP,D
10:40:43,MYOR,RG,2400,1,F,KZ,YP,D
10:40:43,MYOR,RG,2400,1,F,KZ,YP,D
10:40:43,MYOR,RG,2400,1,F,KZ,YP,D
10:40:43,MYOR,RG,2400,9,F,KZ,YP,D
10:40:43,MYOR,RG,2400,13,D,AT,YP,D
10:40:43,MYOR,RG,2400,1,D,CC,YP,D
10:40:42,MYOR,RG,2410,48,D,AI,PD,D
10:40:42,MYOR,RG,2410,1,D,AI,XC,D
10:40:42,MYOR,RG,2410,1,D,AI,PD,D
10:40:35,MYOR,RG,2400,1,D,CC,CC,D
10:40:35,MYOR,RG,2400,1,F,KZ,CC,D
10:40:30,MYOR,RG,2410,6,D,XC,PD,D
10:40:27,MYOR,RG,2400,8,F,KZ,KK,D
10:40:27,MYOR,RG,2400,2,D,PD,KK,D
10:40:16,MYOR,RG,2410,1,D,TP,PD,D
10:39:50,MYOR,RG,2410,2,D,YP,PD,D
10:39:50,MYOR,RG,2410,3,D,YP,NI,D
10:39:50,MYOR,RG,2410,1,D,YP,CC,D
10:39:50,MYOR,RG,2410,1,D,YP,YP,D
10:39:50,MYOR,RG,2410,3,D,YP,EP,D
10:39:37,MYOR,RG,2410,1,D,PD,XC,D
10:39:37,MYOR,RG,2410,2,D,PD,XC,D
10:39:31,MYOR,RG,2400,30,D,NI,CC,D
10:39:31,MYOR,RG,2410,1,F,KZ,AT,D
10:39:21,MYOR,RG,2410,5,F,KZ,AT,D
10:39:21,MYOR,RG,2410,1,D,BQ,AT,D
10:39:21,MYOR,RG,2410,20,D,BQ,EP,D
10:39:09,MYOR,RG,2410,10,F,KZ,EP,D
10:39:09,MYOR,RG,2410,10,D,KK,EP,D
10:39:09,MYOR,RG,2410,1,D,XC,EP,D
10:39:09,MYOR,RG,2410,1,D,PD,EP,D
10:39:07,MYOR,RG,2400,2,D,NI,EP,D
10:39:06,MYOR,RG,2410,18,F,KZ,EP,D
10:39:06,MYOR,RG,2410,5,F,KZ,EP,D
10:39:06,MYOR,RG,2410,20,F,KZ,YP,D
10:39:06,MYOR,RG,2410,6,F,KZ,OD,D
10:39:06,MYOR,RG,2410,1,F,KZ,PD,D
10:39:06,MYOR,RG,2410,1,F,KZ,CC,D
10:39:06,MYOR,RG,2410,7,F,KZ,YP,D
10:39:06,MYOR,RG,2410,23,D,NI,YP,D
10:39:06,MYOR,RG,2410,227,D,NI,CP,D
10:39:01,MYOR,RG,2410,2,F,KZ,CP,D
10:38:58,MYOR,RG,2410,2,F,KZ,CP,D
10:38:58,MYOR,RG,2410,7,D,XC,CP,D
10:38:57,MYOR,RG,2410,10,D,YP,CP,D
10:38:56,MYOR,RG,2410,1,D,PD,CP,D
10:38:51,MYOR,RG,2410,1,D,PD,CP,D
10:38:51,MYOR,RG,2410,1,F,KZ,CP,D
10:38:47,MYOR,RG,2410,4,F,KZ,CP,D
10:38:47,MYOR,RG,2410,16,D,DH,CP,D
10:38:45,MYOR,RG,2410,1,D,PD,CP,D
10:38:41,MYOR,RG,2410,1,F,KZ,CP,D
10:38:41,MYOR,RG,2410,26,F,KZ,CP,D
10:38:34,MYOR,RG,2410,11,F,KZ,CP,D
10:38:34,MYOR,RG,2410,40,D,CC,CP,D
10:38:33,MYOR,RG,2410,3,F,KZ,CP,D
10:38:31,MYOR,RG,2410,13,F,KZ,CP,D
10:38:31,MYOR,RG,2410,6,F,KZ,CP,D
10:38:31,MYOR,RG,2410,6,F,KZ,CP,D
10:38:31,MYOR,RG,2410,2,F,KZ,CP,D
10:38:31,MYOR,RG,2410,3,F,KZ,CP,D
10:38:30,MYOR,RG,2410,30,D,RX,CP,D
10:38:27,MYOR,RG,2400,1,D,NI,TF,D
10:38:24,MYOR,RG,2410,11,D,CC,CP,D
10:38:20,MYOR,RG,2410,7,D,XC,CP,D
10:38:19,MYOR,RG,2410,10,D,YP,CP,D
10:38:19,MYOR,RG,2410,5,D,PD,CP,D
10:38:14,MYOR,RG,2410,10,D,YP,CP,D
10:38:13,MYOR,RG,2410,10,D,PD,CP,D
10:38:10,MYOR,RG,2410,22,D,PD,CP,D
10:38:10,MYOR,RG,2410,25,D,EP,CP,D
10:38:08,MYOR,RG,2410,100,D,CC,CP,D
10:38:04,MYOR,RG,2410,477,F,KZ,CP,D
10:38:03,MYOR,RG,2410,100,D,KK,CP,D
10:38:02,MYOR,RG,2400,1750,D,NI,PD,D
10:38:01,MYOR,RG,2410,4,F,KZ,CP,D
10:38:00,MYOR,RG,2410,1,F,KZ,CP,D
10:38:00,MYOR,RG,2410,2,D,CC,CP,D
10:37:59,MYOR,RG,2410,62,F,KZ,CP,D
10:37:58,MYOR,RG,2410,241,D,NI,CP,D
10:37:58,MYOR,RG,2410,2,D,NI,LS,D
10:37:58,MYOR,RG,2410,2,D,NI,DR,D
10:37:58,MYOR,RG,2410,5,D,NI,SQ,D
10:37:46,MYOR,RG,2400,10,D,NI,NI,D
10:37:45,MYOR,RG,2410,2,D,PD,YP,D
10:37:30,MYOR,RG,2400,1,D,NI,DH,D
10:37:22,MYOR,RG,2410,1,D,XC,YP,D
10:37:12,MYOR,RG,2410,2,D,YP,YP,D
10:37:06,MYOR,RG,2410,3,D,XC,YP,D
10:37:01,MYOR,RG,2410,103,F,KZ,YP,D
10:36:59,MYOR,RG,2410,26,F,KZ,YP,D
10:36:59,MYOR,RG,2410,100,D,PD,YP,D
10:36:54,MYOR,RG,2410,3,F,KZ,YP,D
10:36:54,MYOR,RG,2410,10,D,KK,YP,D
10:36:53,MYOR,RG,2410,2,F,KZ,YP,D
10:36:51,MYOR,RG,2410,5,F,KZ,YP,D
10:36:51,MYOR,RG,2400,11,D,NI,AT,D
10:36:50,MYOR,RG,2410,143,F,KZ,YP,D
10:36:50,MYOR,RG,2410,20,F,KZ,YP,D
10:36:50,MYOR,RG,2410,20,F,KZ,PD,D
10:36:50,MYOR,RG,2410,1,F,KZ,AT,D
10:36:50,MYOR,RG,2410,1,F,KZ,PD,D
10:36:50,MYOR,RG,2410,3,D,NI,PD,D
10:36:43,MYOR,RG,2400,1,D,NI,DH,D
10:36:42,MYOR,RG,2400,10,D,NI,NI,D
10:36:38,MYOR,RG,2400,2,D,NI,XC,D
10:36:34,MYOR,RG,2400,4,D,NI,NI,D
10:36:34,MYOR,RG,2400,3,D,NI,CC,D
10:36:34,MYOR,RG,2400,2,D,NI,XC,D
10:36:34,MYOR,RG,2400,5,D,NI,DH,D
10:36:34,MYOR,RG,2400,50,D,NI,EP,D
10:36:34,MYOR,RG,2400,10,D,NI,NI,D
10:36:34,MYOR,RG,2400,3,D,NI,PD,D
10:36:34,MYOR,RG,2400,7,D,NI,AZ,D
10:36:34,MYOR,RG,2400,1,D,NI,PD,D
10:36:34,MYOR,RG,2400,1,D,NI,PD,D
10:36:34,MYOR,RG,2400,5,D,NI,YP,D
10:36:34,MYOR,RG,2400,10,D,NI,CC,D
10:36:34,MYOR,RG,2400,100,D,NI,PD,D
10:36:34,MYOR,RG,2400,5,D,NI,KK,D
10:36:34,MYOR,RG,2400,1,D,NI,XC,D
10:36:34,MYOR,RG,2400,50,D,NI,YP,D
10:36:34,MYOR,RG,2400,100,D,NI,YP,D
10:36:34,MYOR,RG,2400,11,D,NI,OD,D
10:36:34,MYOR,RG,2400,5,D,NI,XC,D
10:36:34,MYOR,RG,2400,100,D,NI,YP,D
10:36:34,MYOR,RG,2400,5,D,NI,CC,D
10:36:34,MYOR,RG,2400,4,D,NI,XC,D
10:36:34,MYOR,RG,2400,19,D,NI,YP,D
10:36:34,MYOR,RG,2400,60,D,NI,YP,D
10:36:34,MYOR,RG,2400,15,D,NI,CC,D
10:36:34,MYOR,RG,2400,5,D,NI,SQ,D
10:36:34,MYOR,RG,2400,8,D,NI,SQ,D
10:36:34,MYOR,RG,2400,1,D,NI,YP,D
10:36:34,MYOR,RG,2400,1,D,NI,KK,D
10:36:34,MYOR,RG,2400,100,D,NI,PD,D
10:36:34,MYOR,RG,2400,1,D,NI,XC,D
10:36:34,MYOR,RG,2400,1,D,NI,CC,D
10:36:34,MYOR,RG,2400,399,D,NI,EP,D
10:36:32,MYOR,RG,2400,2,D,XC,EP,D
10:36:31,MYOR,RG,2400,5,D,PD,EP,D
10:36:31,MYOR,RG,2400,30,F,KZ,EP,D
10:36:31,MYOR,RG,2400,1,F,KZ,EP,D
10:36:26,MYOR,RG,2400,13,F,KZ,EP,D
10:36:26,MYOR,RG,2400,50,D,RX,EP,D
10:36:22,MYOR,RG,2400,52,F,KZ,AT,D
10:36:22,MYOR,RG,2400,6,F,KZ,AT,D
10:36:22,MYOR,RG,2400,13,F,KZ,AT,D
10:36:22,MYOR,RG,2400,6,F,KZ,AT,D
10:36:16,MYOR,RG,2400,74,D,YP,AT,D
10:36:16,MYOR,RG,2390,25,D,NI,EP,D
10:36:16,MYOR,RG,2390,5,D,NI,AG,D
10:36:15,MYOR,RG,2400,10,D,CC,AT,D
10:36:15,MYOR,RG,2400,10,D,CC,AT,D
10:36:04,MYOR,RG,2390,8,D,NI,KK,D
10:36:03,MYOR,RG,2390,20,D,NI,GR,D
10:36:03,MYOR,RG,2390,9,D,NI,PD,D
10:36:03,MYOR,RG,2390,50,D,NI,YP,D
10:36:03,MYOR,RG,2390,1,D,NI,YP,D
10:36:03,MYOR,RG,2390,32,D,NI,XC,D
10:36:03,MYOR,RG,2390,10,D,NI,YP,D
10:36:03,MYOR,RG,2390,1,D,NI,EP,D
10:36:03,MYOR,RG,2390,3,D,NI,PD,D
10:36:03,MYOR,RG,2390,5,D,NI,DR,D
10:36:03,MYOR,RG,2390,2,D,NI,LS,D
10:36:03,MYOR,RG,2390,1,D,NI,XC,D
10:36:03,MYOR,RG,2390,50,D,NI,YP,D
10:36:03,MYOR,RG,2390,10,D,NI,PD,D
10:36:03,MYOR,RG,2390,76,D,NI,XC,D
10:36:03,MYOR,RG,2390,85,D,NI,PD,D
10:36:03,MYOR,RG,2390,11,D,NI,OD,D
10:36:03,MYOR,RG,2390,644,D,NI,NI,D
10:36:03,MYOR,RG,2390,150,D,NI,NI,D
10:36:03,MYOR,RG,2390,50,D,NI,YP,D
10:36:03,MYOR,RG,2390,1,D,NI,PD,D
10:36:03,MYOR,RG,2390,2,D,NI,PD,D
10:36:03,MYOR,RG,2390,75,D,NI,KK,D
10:36:03,MYOR,RG,2390,1,D,NI,PD,D
10:36:03,MYOR,RG,2390,18,D,NI,PD,D
10:36:03,MYOR,RG,2390,72,D,NI,KK,D
10:35:32,MYOR,RG,2390,2,D,PD,KK,D
10:35:31,MYOR,RG,2390,1,D,NI,KK,D
10:35:17,MYOR,RG,2380,100,D,NI,YP,D
10:35:14,MYOR,RG,2380,1,D,NI,XC,D
10:35:00,MYOR,RG,2380,47,D,NI,CC,F
10:35:00,MYOR,RG,2380,12,D,NI,CC,D
10:34:59,MYOR,RG,2380,2,D,NI,YP,D
10:34:59,MYOR,RG,2380,5,D,NI,PD,D
10:34:59,MYOR,RG,2380,1000,D,NI,CP,D
10:34:59,MYOR,RG,2380,5,D,NI,SQ,D
10:34:59,MYOR,RG,2380,11,D,NI,PD,D
10:34:59,MYOR,RG,2380,10,D,NI,KK,D
10:34:59,MYOR,RG,2380,1,D,NI,EP,D
10:34:59,MYOR,RG,2380,3,D,NI,PD,D
10:34:59,MYOR,RG,2380,2,D,NI,DH,D
10:34:59,MYOR,RG,2380,5,D,NI,PD,D
10:34:59,MYOR,RG,2380,5,D,NI,PD,D
10:34:59,MYOR,RG,2380,200,D,NI,OD,D
10:34:59,MYOR,RG,2380,5,D,NI,NI,D
10:34:59,MYOR,RG,2380,50,D,NI,CC,D
10:34:59,MYOR,RG,2380,2,D,NI,XC,D
10:34:59,MYOR,RG,2380,4,D,NI,PD,D
10:34:59,MYOR,RG,2380,152,D,NI,YP,D
10:34:59,MYOR,RG,2380,100,D,NI,YP,D
10:34:59,MYOR,RG,2380,4,D,NI,YP,D
10:34:59,MYOR,RG,2380,1,D,NI,EP,D
10:34:59,MYOR,RG,2380,15,D,NI,XC,D
10:34:59,MYOR,RG,2380,75,D,NI,KK,D
10:34:59,MYOR,RG,2370,14,D,NI,NI,D
10:34:59,MYOR,RG,2370,10,D,NI,SQ,D
10:34:59,MYOR,RG,2370,49,D,NI,YP,D
10:34:56,MYOR,RG,2370,51,D,PD,YP,D
10:34:56,MYOR,RG,2370,49,D,PD,DR,D
10:34:39,MYOR,RG,2370,3,D,CC,DR,D
10:34:39,MYOR,RG,2370,2,D,PD,DR,D
10:34:39,MYOR,RG,2370,108,D,NI,DR,D
10:34:29,MYOR,RG,2370,1,D,NI,NI,D
10:34:25,MYOR,RG,2370,3,D,NI,NI,D
10:34:23,MYOR,RG,2370,62,D,NI,AK,F
10:34:23,MYOR,RG,2370,62,D,NI,AK,F
10:34:22,MYOR,RG,2370,62,D,NI,AK,F
10:34:22,MYOR,RG,2370,5,D,NI,PD,D
10:34:22,MYOR,RG,2370,11,D,NI,CC,F
10:34:22,MYOR,RG,2370,2,D,NI,DH,D
10:34:22,MYOR,RG,2370,1,D,NI,DH,D
10:34:22,MYOR,RG,2370,5,D,NI,SQ,D
10:34:22,MYOR,RG,2370,10,D,NI,CC,D
10:34:22,MYOR,RG,2370,1,D,NI,XC,D
10:34:22,MYOR,RG,2370,10,D,NI,XC,D
10:34:22,MYOR,RG,2370,5,D,NI,PD,D
10:34:22,MYOR,RG,2370,1,D,NI,EP,D
10:34:22,MYOR,RG,2370,55,D,NI,PD,D
10:34:22,MYOR,RG,2370,3,D,NI,PD,D
10:34:22,MYOR,RG,2370,2,D,NI,DR,D
10:34:22,MYOR,RG,2370,10,D,NI,SQ,D
10:34:22,MYOR,RG,2370,4,D,NI,PD,D
10:34:22,MYOR,RG,2370,2,D,NI,LS,D
10:34:22,MYOR,RG,2370,2,D,NI,PD,D
10:34:22,MYOR,RG,2370,1,D,NI,YP,D
10:34:22,MYOR,RG,2370,10,D,NI,NI,D
10:34:22,MYOR,RG,2370,62,D,NI,YP,D
10:34:19,MYOR,RG,2360,150,D,NI,YP,D
10:34:05,MYOR,RG,2370,38,D,KK,YP,D
10:34:05,MYOR,RG,2370,1,D,KK,EP,D
10:34:05,MYOR,RG,2370,25,D,KK,CC,D
10:34:05,MYOR,RG,2370,36,D,KK,KK,D
10:34:00,MYOR,RG,2370,2,D,PD,KK,D
10:33:43,MYOR,RG,2370,2,D,GR,KK,D
10:33:42,MYOR,RG,2360,15,D,NI,YP,D
10:33:41,MYOR,RG,2370,10,D,KK,KK,D
10:33:32,MYOR,RG,2360,2,D,NI,XC,D
10:33:32,MYOR,RG,2360,1,D,NI,CC,D
10:33:32,MYOR,RG,2360,5,D,NI,YU,D
10:33:32,MYOR,RG,2360,76,D,NI,YP,D
10:33:32,MYOR,RG,2360,30,D,NI,YP,D
10:33:32,MYOR,RG,2360,1,D,NI,EP,D
10:33:32,MYOR,RG,2360,3,D,NI,PD,D
10:33:32,MYOR,RG,2360,1,D,NI,PD,D
10:33:32,MYOR,RG,2360,14,D,NI,XC,D
10:33:32,MYOR,RG,2360,13,D,NI,XC,D
10:33:32,MYOR,RG,2360,98,D,NI,YP,D
10:33:28,MYOR,RG,2360,2,D,XC,YP,D
10:33:28,MYOR,RG,2360,1,D,XC,LG,D
10:33:28,MYOR,RG,2360,2,D,XC,EP,D
10:32:56,MYOR,RG,2360,1,D,OD,DR,D
10:32:42,MYOR,RG,2350,2,D,NI,XC,D
10:32:39,MYOR,RG,2350,1,D,NI,NI,D
10:32:39,MYOR,RG,2350,46,D,NI,CC,F
10:32:39,MYOR,RG,2350,2,D,NI,YP,D
10:32:39,MYOR,RG,2350,2,D,NI,XC,D
10:32:39,MYOR,RG,2350,1,D,NI,PD,D
10:32:39,MYOR,RG,2350,4,D,NI,CC,D
10:32:39,MYOR,RG,2350,1,D,NI,NI,D
10:32:39,MYOR,RG,2350,4,D,NI,YP,D
10:32:39,MYOR,RG,2350,1,D,NI,DH,D
10:32:39,MYOR,RG,2350,3,D,NI,YP,D
10:32:39,MYOR,RG,2350,1,D,NI,EP,D
10:32:39,MYOR,RG,2350,1,D,NI,HP,D
10:32:39,MYOR,RG,2350,2,D,NI,NI,D
10:32:39,MYOR,RG,2350,1,D,NI,XC,D
10:32:39,MYOR,RG,2350,20,D,NI,CC,D
10:32:39,MYOR,RG,2350,1,D,NI,PD,D
10:32:39,MYOR,RG,2350,9,D,NI,PD,D
10:32:39,MYOR,RG,2350,1,D,NI,PD,D
10:32:39,MYOR,RG,2350,50,D,NI,LG,D
10:32:39,MYOR,RG,2350,1,D,NI,XC,D
10:32:39,MYOR,RG,2350,5,D,NI,LG,D
10:32:39,MYOR,RG,2350,1,D,NI,PD,D
10:32:39,MYOR,RG,2350,1,D,NI,PD,D
10:32:39,MYOR,RG,2350,30,D,NI,CC,D
10:32:39,MYOR,RG,2350,2,D,NI,PD,D
10:32:39,MYOR,RG,2350,11,D,NI,PD,D
10:32:39,MYOR,RG,2350,1,D,NI,XC,D
10:32:39,MYOR,RG,2350,1,D,NI,IF,D
10:32:39,MYOR,RG,2350,14,D,NI,CC,D
10:32:07,MYOR,RG,2350,1,D,PD,CC,D
10:32:07,MYOR,RG,2350,1,D,PD,GR,D
10:31:25,MYOR,RG,2340,32,F,AK,DR,D
10:31:24,MYOR,RG,2340,69,F,AK,DR,D
10:31:23,MYOR,RG,2340,69,F,AK,DR,D
10:31:22,MYOR,RG,2340,62,D,NI,DR,D
10:31:22,MYOR,RG,2340,10,D,NI,XC,D
10:31:22,MYOR,RG,2340,3,D,NI,NI,D
10:31:22,MYOR,RG,2340,40,D,NI,EP,D
10:31:22,MYOR,RG,2340,230,D,NI,DR,D
10:31:22,MYOR,RG,2340,1,D,NI,XC,D
10:31:22,MYOR,RG,2340,1,D,NI,XC,D
10:31:22,MYOR,RG,2340,30,D,NI,LG,D
10:31:22,MYOR,RG,2340,5,D,NI,CC,D
10:31:22,MYOR,RG,2340,1,D,NI,DH,D
10:31:22,MYOR,RG,2340,2,D,NI,SQ,D
10:31:22,MYOR,RG,2340,12,D,NI,PD,D
10:31:22,MYOR,RG,2340,2,D,NI,NI,D
10:31:22,MYOR,RG,2340,12,D,NI,XC,D
10:31:22,MYOR,RG,2340,10,D,NI,CC,D
10:31:22,MYOR,RG,2340,10,D,NI,CC,D
10:31:22,MYOR,RG,2340,1,D,NI,DH,D
10:31:22,MYOR,RG,2340,1,D,NI,EP,D
10:31:22,MYOR,RG,2340,5,D,NI,XC,D
10:31:22,MYOR,RG,2340,20,D,NI,CC,D
10:31:22,MYOR,RG,2340,885,D,NI,EP,D
10:31:22,MYOR,RG,2340,9,D,NI,YU,F
10:31:22,MYOR,RG,2340,4,D,NI,YU,F
10:31:22,MYOR,RG,2340,10,D,NI,NI,D
10:31:22,MYOR,RG,2340,2,D,NI,HP,D
10:31:22,MYOR,RG,2340,19,D,NI,NI,D
10:31:22,MYOR,RG,2340,5,D,NI,BQ,D
10:31:22,MYOR,RG,2340,1,D,NI,EP,D
10:31:22,MYOR,RG,2340,4,D,NI,DR,D
10:31:22,MYOR,RG,2340,5,D,NI,KK,D
10:31:22,MYOR,RG,2340,98,D,NI,PD,D
10:30:15,MYOR,RG,2340,2,D,PD,PD,D
10:28:30,MYOR,RG,2330,20,F,KZ,KK,D
10:28:22,MYOR,RG,2340,2,D,PD,PD,D
10:27:30,MYOR,RG,2330,5,F,KZ,KK,D
10:26:34,MYOR,RG,2330,25,D,CP,KK,D
10:26:30,MYOR,RG,2340,2,D,PD,PD,D
10:26:06,MYOR,RG,2330,50,D,CP,KK,D
10:25:11,MYOR,RG,2330,91,D,CP,DR,D
10:24:37,MYOR,RG,2340,2,D,PD,PD,D
10:22:45,MYOR,RG,2340,2,D,PD,PD,D
10:22:22,MYOR,RG,2330,8,D,CP,NI,D
10:20:52,MYOR,RG,2340,2,D,PD,PD,D
10:20:49,MYOR,RG,2340,3,D,PD,PD,D
10:20:21,MYOR,RG,2330,2,D,CP,XC,D
10:18:10,MYOR,RG,2330,113,D,CP,CC,F
10:18:10,MYOR,RG,2330,211,D,CP,DR,D
10:17:57,MYOR,RG,2320,9,D,EP,DR,D
10:17:53,MYOR,RG,2330,5,D,AG,DR,D
10:17:53,MYOR,RG,2330,24,F,KZ,DR,D
10:17:53,MYOR,RG,2330,1,D,XC,DR,D
10:17:53,MYOR,RG,2330,1,D,XC,DR,D
10:17:53,MYOR,RG,2330,2,F,KZ,DR,D
10:17:53,MYOR,RG,2330,1,D,PC,DR,D
10:17:53,MYOR,RG,2330,2,D,PD,DR,D
10:17:53,MYOR,RG,2330,10,D,YP,DR,D
10:17:53,MYOR,RG,2330,13,F,KZ,DR,D
10:17:53,MYOR,RG,2330,2,D,PD,DR,D
10:17:53,MYOR,RG,2330,2,D,DR,DR,D
10:17:53,MYOR,RG,2330,10,D,YP,DR,D
10:17:53,MYOR,RG,2330,1,D,PD,DR,D
10:17:53,MYOR,RG,2330,1,D,XC,DR,D
10:17:53,MYOR,RG,2330,1,D,KK,DR,D
10:17:53,MYOR,RG,2330,67,F,KZ,DR,D
10:17:07,MYOR,RG,2340,2,D,PD,PD,D
10:16:51,MYOR,RG,2330,6,F,KZ,CC,D
10:15:15,MYOR,RG,2340,2,D,PD,PD,D
10:15:12,MYOR,RG,2330,1,F,KZ,DR,D
10:15:12,MYOR,RG,2330,50,F,KZ,DR,D
10:15:11,MYOR,RG,2330,73,F,KZ,DR,D
10:15:11,MYOR,RG,2330,28,F,KZ,DR,D
10:15:11,MYOR,RG,2330,94,D,CP,DR,D
10:13:22,MYOR,RG,2340,2,D,PD,PD,D
10:11:35,MYOR,RG,2330,4,D,CP,NI,D
10:11:30,MYOR,RG,2340,2,D,PD,PD,D
10:09:37,MYOR,RG,2340,2,D,PD,PD,D
10:09:34,MYOR,RG,2330,2,D,CP,DH,D
10:08:25,MYOR,RG,2340,2,D,PD,PD,D
10:07:45,MYOR,RG,2340,2,D,PD,PD,D
10:07:15,MYOR,RG,2340,2,D,PD,PD,D
10:06:38,MYOR,RG,2340,10,D,SQ,PD,D
10:05:52,MYOR,RG,2340,2,D,PD,PD,D
10:05:11,MYOR,RG,2330,110,D,CP,DR,D
10:05:02,MYOR,RG,2340,1,D,XC,PD,D
10:02:49,MYOR,RG,2340,10,D,XC,PD,D
10:02:43,MYOR,RG,2330,65,D,CP,KK,D
10:02:23,MYOR,RG,2340,1,D,XC,PD,D
9:59:07,MYOR,RG,2340,47,D,RX,PD,D
9:59:07,MYOR,RG,2340,3,D,RX,NI,D
9:59:01,MYOR,RG,2330,1,D,CP,NI,D
9:57:39,MYOR,RG,2330,10,D,CP,CC,D
9:57:30,MYOR,RG,2330,8,D,CP,YU,F
9:57:29,MYOR,RG,2330,41,D,CP,YU,F
9:57:29,MYOR,RG,2330,36,D,CP,YU,F
9:57:29,MYOR,RG,2330,13,D,CP,YU,F
9:57:29,MYOR,RG,2330,10,D,CP,NI,D
9:57:29,MYOR,RG,2330,1,D,CP,NI,D
9:57:29,MYOR,RG,2330,105,D,CP,DR,D
9:56:18,MYOR,RG,2330,10,F,KZ,DR,D
9:56:18,MYOR,RG,2330,196,D,CP,DR,D
9:56:17,MYOR,RG,2330,23,D,CP,YU,F
9:56:17,MYOR,RG,2330,20,D,CP,CC,D
9:56:17,MYOR,RG,2330,1,D,CP,YP,D
9:56:17,MYOR,RG,2330,95,D,CP,YU,F
9:56:17,MYOR,RG,2330,19,D,CP,YU,F
9:56:17,MYOR,RG,2330,17,D,CP,YU,F
9:56:17,MYOR,RG,2330,50,D,CP,YU,F
9:56:17,MYOR,RG,2330,10,D,CP,YU,F
9:56:17,MYOR,RG,2330,32,D,CP,CC,F
9:56:17,MYOR,RG,2330,37,D,CP,DR,D
9:56:03,MYOR,RG,2330,5,D,PD,DR,D
9:55:13,MYOR,RG,2330,49,F,KZ,BK,F
9:55:12,MYOR,RG,2330,2,F,KZ,BK,F
9:55:12,MYOR,RG,2330,67,D,DR,BK,F
9:55:12,MYOR,RG,2330,16,D,DR,DR,D
9:55:11,MYOR,RG,2330,69,D,DR,BK,F
9:55:10,MYOR,RG,2330,48,D,DR,DR,D
9:55:10,MYOR,RG,2330,2,D,KK,DR,D
9:55:10,MYOR,RG,2330,30,F,KZ,DR,D
9:55:10,MYOR,RG,2330,1,F,KZ,DR,D
9:55:10,MYOR,RG,2330,5,D,CC,DR,D
9:55:10,MYOR,RG,2330,5,F,KZ,DR,D
9:55:10,MYOR,RG,2330,20,D,EP,DR,D
9:55:10,MYOR,RG,2330,15,F,KZ,DR,D
9:55:10,MYOR,RG,2330,107,F,KZ,DR,D
9:53:28,MYOR,RG,2330,5,F,KZ,SQ,D
9:52:11,MYOR,RG,2330,15,F,KZ,YP,D
9:50:04,MYOR,RG,2330,23,F,KZ,PD,D
9:50:04,MYOR,RG,2330,9,F,KZ,PD,D
9:50:04,MYOR,RG,2330,1,D,XC,PD,D
9:50:04,MYOR,RG,2330,1,D,CC,PD,D
9:50:04,MYOR,RG,2330,5,D,YB,PD,D
9:50:04,MYOR,RG,2330,6,F,KZ,PD,D
9:49:50,MYOR,RG,2340,3,D,EP,NI,D
9:48:58,MYOR,RG,2330,2,F,KZ,KK,D
9:48:58,MYOR,RG,2330,3,D,RX,KK,D
9:47:37,MYOR,RG,2330,1,D,RX,NI,D
9:45:10,MYOR,RG,2330,26,D,RX,DR,D
9:45:10,MYOR,RG,2330,9,F,KZ,DR,D
9:45:10,MYOR,RG,2330,3,F,KZ,DR,D
9:45:10,MYOR,RG,2330,1,F,KZ,DR,D
9:45:10,MYOR,RG,2330,28,F,KZ,DR,D
9:45:10,MYOR,RG,2330,1,F,KZ,DR,D
9:45:10,MYOR,RG,2330,16,F,KZ,DR,D
9:45:10,MYOR,RG,2330,39,F,KZ,DR,D
9:42:10,MYOR,RG,2330,30,F,KZ,EP,D
9:41:22,MYOR,RG,2330,2,F,KZ,XC,D
9:40:56,MYOR,RG,2340,14,D,PD,NI,D
9:40:56,MYOR,RG,2340,1,D,PD,PD,D
9:40:21,MYOR,RG,2330,4,F,KZ,BK,F
9:40:21,MYOR,RG,2330,65,D,EP,BK,F
9:39:49,MYOR,RG,2330,3,D,EP,DR,D
9:37:33,MYOR,RG,2330,20,D,EP,DR,D
9:37:00,MYOR,RG,2330,10,D,EP,PD,D
9:35:35,MYOR,RG,2330,42,D,EP,YU,F
9:35:35,MYOR,RG,2330,1,D,EP,NI,D
9:35:35,MYOR,RG,2330,20,D,EP,PD,D
9:35:35,MYOR,RG,2330,285,D,EP,YU,F
9:35:13,MYOR,RG,2330,2,D,RX,YU,F
9:35:13,MYOR,RG,2330,11,D,RX,YU,F
9:35:13,MYOR,RG,2330,17,D,RX,YU,F
9:35:10,MYOR,RG,2320,21,D,EP,DR,D
9:32:16,MYOR,RG,2320,36,D,EP,YU,F
9:32:14,MYOR,RG,2320,34,D,EP,CC,D
9:32:14,MYOR,RG,2320,5,D,DH,CC,D
9:32:14,MYOR,RG,2320,5,F,KZ,CC,D
9:31:53,MYOR,RG,2320,4,F,KZ,XC,D
9:31:31,MYOR,RG,2320,15,F,KZ,KK,D
9:31:29,MYOR,RG,2320,2,F,KZ,XC,D
9:30:55,MYOR,RG,2320,12,F,KZ,YU,F
9:30:53,MYOR,RG,2320,63,F,KZ,AK,F
9:30:53,MYOR,RG,2320,32,F,KZ,DR,D
9:30:51,MYOR,RG,2320,1,F,KZ,YU,F
9:30:51,MYOR,RG,2320,5,D,EP,YU,F
9:30:51,MYOR,RG,2320,19,F,KZ,YU,F
9:30:50,MYOR,RG,2320,4,F,KZ,AK,F
9:30:50,MYOR,RG,2320,1,D,PD,AK,F
9:30:50,MYOR,RG,2320,10,D,PD,AK,F
9:30:50,MYOR,RG,2320,1,D,TP,AK,F
9:30:50,MYOR,RG,2320,3,D,PD,AK,F
9:30:50,MYOR,RG,2320,1,D,XC,AK,F
9:30:50,MYOR,RG,2320,1,D,XC,AK,F
9:30:50,MYOR,RG,2320,1,D,PD,AK,F
9:30:50,MYOR,RG,2320,19,F,KZ,AK,F
9:30:50,MYOR,RG,2320,28,D,EP,AK,F
9:30:49,MYOR,RG,2320,44,D,EP,YU,F
9:30:49,MYOR,RG,2330,15,F,KZ,DR,D
9:30:49,MYOR,RG,2320,69,D,EP,AK,F
9:30:48,MYOR,RG,2330,375,D,CP,DR,D
9:30:48,MYOR,RG,2330,63,D,CP,AK,F
9:30:48,MYOR,RG,2330,62,D,CP,EP,D
9:30:21,MYOR,RG,2330,52,F,KZ,EP,D
9:30:12,MYOR,RG,2320,69,D,EP,AK,F
9:30:11,MYOR,RG,2320,69,D,EP,AK,F
9:30:10,MYOR,RG,2320,69,D,EP,AK,F
9:30:06,MYOR,RG,2330,2,F,KZ,EP,D
9:30:04,MYOR,RG,2330,3,F,KZ,EP,D
9:30:03,MYOR,RG,2330,7,F,KZ,EP,D
9:30:03,MYOR,RG,2330,19,F,KZ,EP,D
9:30:03,MYOR,RG,2330,7,F,KZ,EP,D
9:28:51,MYOR,RG,2330,30,D,YP,YU,F
9:28:47,MYOR,RG,2330,63,F,KZ,AK,F
9:28:47,MYOR,RG,2330,5,F,KZ,YU,F
9:28:47,MYOR,RG,2330,22,F,KZ,YU,F
9:28:47,MYOR,RG,2330,59,F,KZ,YU,F
9:28:47,MYOR,RG,2330,46,F,KZ,YU,F
9:28:38,MYOR,RG,2320,1,D,EP,CC,D
9:27:17,MYOR,RG,2320,40,D,EP,NI,D
9:26:26,MYOR,RG,2330,1,D,NI,CC,F
9:26:24,MYOR,RG,2320,19,D,EP,YU,F
9:26:17,MYOR,RG,2330,12,D,AI,YU,F
9:26:16,MYOR,RG,2330,69,D,AI,AK,F
9:26:16,MYOR,RG,2330,69,D,AI,AK,F
9:26:16,MYOR,RG,2330,16,D,AI,YU,F
9:26:15,MYOR,RG,2330,69,D,AI,AK,F
9:26:15,MYOR,RG,2330,15,D,AI,YU,F
9:26:14,MYOR,RG,2330,69,D,AI,AK,F
9:26:13,MYOR,RG,2330,69,D,AI,AK,F
9:26:11,MYOR,RG,2330,70,D,AI,CC,D
9:26:08,MYOR,RG,2330,42,D,AI,KK,D
9:24:31,MYOR,RG,2330,55,D,CP,YU,F
9:24:31,MYOR,RG,2330,30,D,CP,YU,F
9:24:31,MYOR,RG,2330,200,D,CP,SQ,D
9:24:31,MYOR,RG,2330,1,D,CP,PD,D
9:24:31,MYOR,RG,2330,60,D,CP,DH,D
9:24:31,MYOR,RG,2330,3,D,CP,YU,F
9:24:31,MYOR,RG,2330,6,D,CP,YU,F
9:24:31,MYOR,RG,2330,9,D,CP,XC,D
9:24:31,MYOR,RG,2330,5,D,CP,PD,D
9:24:31,MYOR,RG,2330,3,D,CP,CC,D
9:24:31,MYOR,RG,2330,9,D,CP,KK,D
9:24:31,MYOR,RG,2330,119,D,CP,GR,D
9:23:32,MYOR,RG,2330,1,D,DH,GR,D
9:23:32,MYOR,RG,2330,1,D,DH,YP,D
9:23:24,MYOR,RG,2320,14,D,EP,YU,F
9:23:24,MYOR,RG,2320,14,D,EP,YU,F
9:23:24,MYOR,RG,2320,3,D,EP,YU,F
9:23:24,MYOR,RG,2320,25,D,EP,PD,D
9:23:24,MYOR,RG,2320,12,D,EP,YU,F
9:23:24,MYOR,RG,2320,4,D,EP,YU,F
9:23:24,MYOR,RG,2320,20,D,EP,YP,D
9:22:20,MYOR,RG,2310,4,D,CC,DH,D
9:21:58,MYOR,RG,2320,4,D,CC,YP,D
9:21:46,MYOR,RG,2320,1,D,PC,YP,D
9:21:34,MYOR,RG,2310,3,D,PD,BQ,D
9:21:34,MYOR,RG,2310,2,F,KZ,BQ,D
9:21:34,MYOR,RG,2310,10,D,XC,BQ,D
9:21:34,MYOR,RG,2310,5,F,KZ,BQ,D
9:21:34,MYOR,RG,2310,1,D,PD,BQ,D
9:21:16,MYOR,RG,2310,1,D,PD,PC,D
9:20:30,MYOR,RG,2310,15,D,PD,NI,D
9:20:28,MYOR,RG,2320,3,F,KZ,YP,D
9:20:27,MYOR,RG,2320,10,D,YP,YP,D
9:19:41,MYOR,RG,2320,2,F,KZ,YP,D
9:19:31,MYOR,RG,2320,4,F,KZ,YP,D
9:19:21,MYOR,RG,2320,1,F,KZ,YP,D
9:19:21,MYOR,RG,2320,1,F,KZ,YP,D
9:19:15,MYOR,RG,2320,2,D,XC,YP,D
9:17:17,MYOR,RG,2320,2,F,KZ,YP,D
9:17:16,MYOR,RG,2320,5,D,RX,YU,F
9:17:16,MYOR,RG,2320,1,D,RX,YP,D
9:17:16,MYOR,RG,2320,4,D,RX,YU,F
9:16:37,MYOR,RG,2320,2,D,DH,YU,F
9:16:37,MYOR,RG,2320,2,D,DH,PD,D
9:15:39,MYOR,RG,2320,1,D,XC,PD,D
9:15:17,MYOR,RG,2320,1,D,DH,PD,D
9:13:56,MYOR,RG,2310,3,D,PD,SQ,D
9:11:52,MYOR,RG,2300,7,D,CC,XC,D
9:11:52,MYOR,RG,2300,5,D,PD,XC,D
9:11:52,MYOR,RG,2300,3,D,XC,XC,D
9:11:52,MYOR,RG,2300,2,D,YU,XC,D
9:10:42,MYOR,RG,2310,1,F,KZ,YU,F
9:10:41,MYOR,RG,2310,6,F,AK,YP,D
9:10:40,MYOR,RG,2310,2,F,KZ,YP,D
9:10:39,MYOR,RG,2310,6,D,XC,YP,D
9:10:28,MYOR,RG,2310,2,F,KZ,YP,D
9:10:28,MYOR,RG,2310,7,D,GR,YP,D
9:10:28,MYOR,RG,2310,1,D,DH,YP,D
9:10:28,MYOR,RG,2310,1,F,KZ,YP,D
9:10:28,MYOR,RG,2310,2,F,KZ,YP,D
9:10:28,MYOR,RG,2310,10,D,RX,YP,D
9:10:28,MYOR,RG,2310,2,F,KZ,YP,D
9:10:28,MYOR,RG,2310,10,D,RX,YP,D
9:10:28,MYOR,RG,2310,1,D,PD,YP,D
9:10:06,MYOR,RG,2320,1,D,XC,PD,D
9:09:08,MYOR,RG,2320,1,D,PD,XC,D
9:08:34,MYOR,RG,2320,1,D,DH,DH,D
9:08:34,MYOR,RG,2320,1,D,HP,DH,D
9:08:34,MYOR,RG,2320,2,F,KZ,DH,D
9:08:34,MYOR,RG,2320,1,F,KZ,DH,D
9:07:06,MYOR,RG,2330,4,D,XC,YP,D
9:06:07,MYOR,RG,2320,1,F,KZ,PD,D
9:05:49,MYOR,RG,2320,5,F,KZ,YP,D
9:05:49,MYOR,RG,2320,2,F,KZ,XC,D
9:05:47,MYOR,RG,2310,9,F,AK,YU,F
9:05:47,MYOR,RG,2310,2,F,AK,YU,F
9:05:47,MYOR,RG,2310,9,F,KZ,YU,F
9:05:46,MYOR,RG,2310,5,F,AK,YU,F
9:05:46,MYOR,RG,2310,3,F,AK,YU,F
9:05:46,MYOR,RG,2310,11,F,AK,YU,F
9:05:46,MYOR,RG,2310,35,F,AK,YP,D
9:05:44,MYOR,RG,2310,1,D,PD,YP,D
9:05:42,MYOR,RG,2300,3,D,YU,YU,F
9:05:36,MYOR,RG,2310,2,D,XC,YP,D
9:05:36,MYOR,RG,2310,1,D,YP,YP,D
9:05:36,MYOR,RG,2310,1,F,KZ,YP,D
9:05:28,MYOR,RG,2310,2,D,EP,YP,D
9:05:28,MYOR,RG,2310,3,F,KZ,YP,D
9:05:28,MYOR,RG,2310,7,D,CC,YP,D
9:04:33,MYOR,RG,2320,3,D,RX,YU,F
9:04:31,MYOR,RG,2320,1,F,KZ,YU,F
9:04:31,MYOR,RG,2320,2,F,KZ,YU,F
9:04:30,MYOR,RG,2320,3,D,IF,YP,D
9:04:30,MYOR,RG,2320,5,D,EP,YP,D
9:04:30,MYOR,RG,2320,2,F,KZ,YP,D
9:04:30,MYOR,RG,2320,8,D,EP,YP,D
9:04:30,MYOR,RG,2320,1,D,XC,YP,D
9:04:30,MYOR,RG,2320,1,F,KZ,YP,D
9:04:19,MYOR,RG,2330,1,D,YP,YP,D
9:04:17,MYOR,RG,2330,1,F,KZ,YP,D
9:04:17,MYOR,RG,2330,2,D,XC,YP,D
9:04:17,MYOR,RG,2330,2,D,RX,YP,D
9:04:17,MYOR,RG,2330,1,D,XC,YP,D
9:03:03,MYOR,RG,2320,2,D,RX,YU,F
9:03:03,MYOR,RG,2320,1,D,DH,YU,F
9:03:02,MYOR,RG,2320,4,F,KZ,YU,F
9:03:01,MYOR,RG,2330,2,F,KZ,AK,F
9:02:51,MYOR,RG,2340,1,D,PC,YU,F
9:02:37,MYOR,RG,2320,7,F,KZ,YU,F
9:02:36,MYOR,RG,2330,35,D,PD,AK,F
9:02:20,MYOR,RG,2310,3,D,CC,YU,F
9:02:20,MYOR,RG,2310,3,D,XC,YU,F
9:02:19,MYOR,RG,2320,6,D,CC,YU,F
9:02:18,MYOR,RG,2320,4,D,CC,KK,D
9:02:18,MYOR,RG,2320,2,D,PD,KK,D
9:02:18,MYOR,RG,2320,6,F,KZ,KK,D
9:02:18,MYOR,RG,2320,1,D,PD,KK,D
9:02:18,MYOR,RG,2320,2,D,XC,KK,D
9:02:18,MYOR,RG,2320,5,D,PD,KK,D
9:02:18,MYOR,RG,2320,2,D,CC,KK,D
9:02:18,MYOR,RG,2320,3,D,XC,KK,D
9:02:18,MYOR,RG,2320,15,D,OD,KK,D
9:02:17,MYOR,RG,2320,7,D,OD,YU,F
9:02:11,MYOR,RG,2330,2,F,KZ,AK,F
9:02:11,MYOR,RG,2330,2,F,KZ,AK,F
9:02:11,MYOR,RG,2330,10,D,YP,AK,F
9:02:11,MYOR,RG,2330,1,F,KZ,AK,F
9:02:11,MYOR,RG,2330,1,F,KZ,AK,F
9:02:11,MYOR,RG,2330,4,D,CC,AK,F
9:02:11,MYOR,RG,2330,2,F,KZ,AK,F
9:02:11,MYOR,RG,2330,3,D,SQ,AK,F
9:02:11,MYOR,RG,2330,5,D,KK,AK,F
9:02:11,MYOR,RG,2330,10,D,PD,AK,F
9:02:11,MYOR,RG,2330,1,D,PD,AK,F
9:02:11,MYOR,RG,2330,1,D,PD,AK,F
9:02:11,MYOR,RG,2330,12,F,KZ,AK,F
9:02:11,MYOR,RG,2330,3,D,XC,AK,F
9:02:11,MYOR,RG,2340,1,F,KZ,CC,F
9:02:10,MYOR,RG,2330,1,D,XC,YU,F
9:02:10,MYOR,RG,2330,1,D,XC,YU,F
9:02:10,MYOR,RG,2330,1,D,XC,YU,F
9:02:09,MYOR,RG,2340,2,F,KZ,CC,F
9:02:09,MYOR,RG,2330,18,D,XC,BQ,D
9:02:08,MYOR,RG,2340,5,D,GR,CC,F
9:02:06,MYOR,RG,2330,2,D,XC,YU,F
9:02:05,MYOR,RG,2330,3,D,XC,YU,F
9:02:05,MYOR,RG,2340,5,F,KZ,CC,F
9:02:04,MYOR,RG,2340,18,D,NI,CC,F
9:02:04,MYOR,RG,2340,1,D,NI,YU,F
9:02:04,MYOR,RG,2340,1,D,NI,YP,D
9:01:23,MYOR,RG,2340,3,F,KZ,YU,F
9:01:22,MYOR,RG,2340,3,D,XC,CC,F
9:01:22,MYOR,RG,2340,8,D,XC,PD,D
9:00:38,MYOR,RG,2330,2,D,XC,YU,F
9:00:38,MYOR,RG,2330,1,D,PD,YU,F
9:00:35,MYOR,RG,2330,3,D,PD,YU,F
9:00:22,MYOR,RG,2330,1,D,PD,YU,F
9:00:22,MYOR,RG,2330,2,D,CC,YU,F
9:00:22,MYOR,RG,2340,2,F,KZ,PD,D
9:00:20,MYOR,RG,2340,6,F,KZ,PD,D
9:00:16,MYOR,RG,2340,4,D,SQ,PD,D
9:00:13,MYOR,RG,2330,1,D,XC,LG,D
9:00:13,MYOR,RG,2330,1,D,XC,LG,D
9:00:08,MYOR,RG,2330,9,D,DR,PD,D
9:00:08,MYOR,RG,2340,1,D,CC,PD,D
9:00:07,MYOR,RG,2340,1,D,CC,XC,D
9:00:07,MYOR,RG,2350,1,F,KZ,XC,D
9:00:07,MYOR,RG,2350,3,D,PD,XC,D
9:00:07,MYOR,RG,2350,2,D,AT,XC,D
9:00:06,MYOR,RG,2350,1,D,AT,PD,D
9:00:05,MYOR,RG,2350,2,D,AT,YU,F
9:00:04,MYOR,RG,2350,1,D,AT,EP,D
9:00:04,MYOR,RG,2350,1,D,AT,CC,D
9:00:03,MYOR,RG,2330,1,D,DR,XC,D
9:00:02,MYOR,RG,2350,9,D,RX,CC,D