Time,Stock,Brd,Price,Qty,BT,BC,SC,ST
15:12:52,MYOR,RG,2380,2,D,KK,XC,D
15:07:00,MYOR,RG,2380,1,D,XC,XC,D
15:05:01,MYOR,RG,2380,1,D,PD,XC,D
15:00:00,MYOR,RG,2380,1,D,XC,XC,D
15:00:00,MYOR,RG,2380,1,D,OD,XC,D
15:00:00,MYOR,RG,2380,1,D,OD,XC,D
15:00:00,MYOR,RG,2380,10,D,OD,SQ,D
15:00:00,MYOR,RG,2380,17,D,OD,XL,D
15:00:00,MYOR,RG,2380,13,D,SQ,XL,D
15:00:00,MYOR,RG,2380,6,D,SQ,PD,D
15:00:00,MYOR,RG,2380,1,D,SQ,XC,D
15:00:00,MYOR,RG,2380,1,D,SQ,PD,D
15:00:00,MYOR,RG,2380,10,D,SQ,XC,D
15:00:00,MYOR,RG,2380,3,D,SQ,XC,D
15:00:00,MYOR,RG,2380,2,D,SQ,PD,D
15:00:00,MYOR,RG,2380,5,D,SQ,XC,D
15:00:00,MYOR,RG,2380,309,D,SQ,YP,D
15:00:00,MYOR,RG,2380,3,D,SQ,PD,D
15:00:00,MYOR,RG,2380,51,D,SQ,HP,D
15:00:00,MYOR,RG,2380,2,D,SQ,HP,D
15:00:00,MYOR,RG,2380,7,D,SQ,FS,D
15:00:00,MYOR,RG,2380,400,D,SQ,CC,F
15:00:00,MYOR,RG,2380,6,D,SQ,KZ,F
15:00:00,MYOR,RG,2380,5,D,IF,KZ,F
15:00:00,MYOR,RG,2380,50,D,YP,KZ,F
15:00:00,MYOR,RG,2380,848,F,ZP,KZ,F
15:00:00,MYOR,RG,2380,11,F,ZP,KZ,F
15:00:00,MYOR,RG,2380,1,F,ZP,KZ,F
14:49:54,MYOR,RG,2380,1,F,ZP,YP,D
14:49:49,MYOR,RG,2370,14,D,YP,KZ,F
14:49:49,MYOR,RG,2370,28,F,ZP,KZ,F
14:49:47,MYOR,RG,2380,1,D,YP,YP,D
14:49:45,MYOR,RG,2380,2,F,ZP,YP,D
14:49:20,MYOR,RG,2380,2,F,ZP,YP,D
14:49:20,MYOR,RG,2380,3,F,ZP,YP,D
14:49:19,MYOR,RG,2370,5,F,ZP,PD,D
14:49:19,MYOR,RG,2370,303,F,ZP,KZ,F
14:49:19,MYOR,RG,2370,1,F,ZP,KZ,F
14:49:19,MYOR,RG,2370,25,F,ZP,KZ,F
14:49:19,MYOR,RG,2370,2,F,ZP,XC,D
14:49:19,MYOR,RG,2370,904,F,ZP,XL,D
14:49:19,MYOR,RG,2370,100,F,ZP,NI,D
14:49:19,MYOR,RG,2370,2,F,ZP,XC,D
14:49:19,MYOR,RG,2370,11,F,ZP,PD,D
14:49:19,MYOR,RG,2370,1,F,ZP,NI,D
14:49:19,MYOR,RG,2370,30,F,ZP,XL,D
14:49:19,MYOR,RG,2370,90,F,ZP,ZP,D
14:49:19,MYOR,RG,2370,2,F,ZP,XC,D
14:49:19,MYOR,RG,2370,26,F,ZP,PD,D
14:49:19,MYOR,RG,2370,300,F,ZP,CC,F
14:49:19,MYOR,RG,2370,70,F,ZP,CC,F
14:49:19,MYOR,RG,2370,1,F,ZP,CC,F
14:49:19,MYOR,RG,2360,4,D,SQ,KZ,F
14:49:18,MYOR,RG,2360,300,D,SQ,CC,F
14:49:16,MYOR,RG,2370,10,D,XC,CC,F
14:48:17,MYOR,RG,2370,1,D,XL,CC,F
14:47:59,MYOR,RG,2360,1,D,SQ,KZ,F
14:47:54,MYOR,RG,2360,11,D,SQ,KZ,F
14:47:49,MYOR,RG,2360,6,D,SQ,KZ,F
14:47:39,MYOR,RG,2370,25,D,CC,CC,F
14:46:59,MYOR,RG,2370,5,F,ZP,CC,F
14:46:47,MYOR,RG,2360,16,D,SQ,YP,D
14:46:30,MYOR,RG,2360,2,D,SQ,HP,D
14:46:26,MYOR,RG,2370,1,D,XC,CC,F
14:46:19,MYOR,RG,2360,3,D,SQ,XC,D
14:44:53,MYOR,RG,2370,2,F,ZP,CC,F
14:44:53,MYOR,RG,2360,3,D,SQ,KZ,F
14:44:53,MYOR,RG,2360,10,D,SQ,XC,D
14:44:53,MYOR,RG,2360,100,D,SQ,CC,D
14:44:53,MYOR,RG,2360,1,D,SQ,XC,D
14:44:53,MYOR,RG,2360,1,D,SQ,KZ,F
14:44:53,MYOR,RG,2360,1,D,SQ,XC,D
14:44:53,MYOR,RG,2360,17,D,SQ,YP,D
14:44:53,MYOR,RG,2360,66,D,SQ,KZ,F
14:44:53,MYOR,RG,2360,200,D,SQ,CC,F
14:44:53,MYOR,RG,2360,12,D,SQ,XC,D
14:44:53,MYOR,RG,2360,106,D,SQ,BK,F
14:44:53,MYOR,RG,2360,70,D,SQ,PD,D
14:44:53,MYOR,RG,2360,66,D,SQ,KZ,F
14:44:53,MYOR,RG,2360,121,D,SQ,KZ,F
14:44:53,MYOR,RG,2360,41,D,SQ,KZ,F
14:44:53,MYOR,RG,2360,1,D,SQ,XC,D
14:44:53,MYOR,RG,2360,22,D,SQ,CC,F
14:44:40,MYOR,RG,2360,10,D,LG,CC,F
14:44:24,MYOR,RG,2360,1,D,XC,CC,F
14:43:37,MYOR,RG,2360,2,F,ZP,CC,F
14:43:24,MYOR,RG,2350,34,D,YP,KZ,F
14:42:55,MYOR,RG,2360,1,F,ZP,CC,F
14:42:01,MYOR,RG,2360,2,F,ZP,CC,F
14:41:59,MYOR,RG,2360,12,F,ZP,CC,F
14:40:53,MYOR,RG,2360,10,D,GR,CC,F
14:40:46,MYOR,RG,2360,2,F,ZP,CC,F
14:40:41,MYOR,RG,2360,10,D,YP,CC,F
14:39:25,MYOR,RG,2360,2,D,XL,CC,F
14:38:47,MYOR,RG,2360,1,D,XC,CC,F
14:38:41,MYOR,RG,2360,1,F,ZP,CC,F
14:37:25,MYOR,RG,2350,2,D,YP,PD,D
14:36:59,MYOR,RG,2360,11,F,ZP,CC,F
14:36:38,MYOR,RG,2360,3,F,ZP,CC,F
14:35:51,MYOR,RG,2360,2,D,DH,CC,F
14:34:54,MYOR,RG,2350,6,D,YP,KZ,F
14:34:32,MYOR,RG,2360,1,F,ZP,CC,F
14:33:25,MYOR,RG,2360,1,D,XC,CC,F
14:32:27,MYOR,RG,2360,24,F,ZP,CC,F
14:32:27,MYOR,RG,2360,1,F,ZP,CC,F
14:32:09,MYOR,RG,2360,3,D,CC,CC,F
14:31:59,MYOR,RG,2360,1,F,ZP,CC,F
14:31:53,MYOR,RG,2360,74,F,ZP,CC,F
14:30:24,MYOR,RG,2350,186,D,YP,KZ,F
14:30:20,MYOR,RG,2360,1,F,ZP,CC,F
14:30:09,MYOR,RG,2360,18,D,PD,CC,F
14:29:37,MYOR,RG,2360,2,D,XC,CC,F
14:29:26,MYOR,RG,2360,1,F,ZP,CC,F
14:29:25,MYOR,RG,2360,5,D,CC,CC,F
14:27:28,MYOR,RG,2360,1,F,ZP,CC,F
14:26:59,MYOR,RG,2360,33,F,ZP,CC,F
14:26:57,MYOR,RG,2360,1,F,ZP,CC,F
14:25:59,MYOR,RG,2350,15,D,YP,PD,D
14:25:59,MYOR,RG,2360,2,D,PD,CC,F
14:25:47,MYOR,RG,2360,39,D,SQ,CC,F
14:25:47,MYOR,RG,2360,11,D,SQ,KZ,F
14:25:45,MYOR,RG,2350,1,D,YP,PD,D
14:25:29,MYOR,RG,2360,7,D,XC,KZ,F
14:24:59,MYOR,RG,2360,2,D,PD,GR,D
14:24:54,MYOR,RG,2360,1,F,ZP,GR,D
14:24:03,MYOR,RG,2360,1,F,ZP,GR,D
14:24:01,MYOR,RG,2350,20,D,YP,KK,D
14:23:56,MYOR,RG,2360,2,D,XC,GR,D
14:22:51,MYOR,RG,2350,2,D,YP,PD,D
14:21:59,MYOR,RG,2360,6,F,ZP,GR,D
14:21:59,MYOR,RG,2360,4,D,YP,GR,D
14:20:58,MYOR,RG,2360,1,D,YP,GR,D
14:20:57,MYOR,RG,2360,2,D,YP,GR,D
14:20:45,MYOR,RG,2360,1,D,XC,GR,D
14:16:53,MYOR,RG,2360,12,F,ZP,KZ,F
14:15:01,MYOR,RG,2360,2,F,ZP,KZ,F
14:15:00,MYOR,RG,2360,16,D,PD,BK,F
14:15:00,MYOR,RG,2360,24,D,PD,CC,F
14:14:32,MYOR,RG,2360,10,D,PD,CC,F
14:11:10,MYOR,RG,2360,1,D,EP,CC,F
14:10:42,MYOR,RG,2360,1,D,EP,CC,F
14:10:22,MYOR,RG,2360,2,D,GR,CC,F
14:09:33,MYOR,RG,2360,1,D,DR,CC,F
14:09:33,MYOR,RG,2360,10,D,CC,CC,F
14:09:33,MYOR,RG,2360,1,D,NI,CC,F
14:09:33,MYOR,RG,2360,73,D,XC,CC,F
14:09:33,MYOR,RG,2360,1,D,PD,CC,F
14:09:33,MYOR,RG,2360,10,D,AZ,CC,F
14:09:33,MYOR,RG,2360,15,D,PD,CC,F
14:09:33,MYOR,RG,2360,13,D,XC,CC,F
14:09:33,MYOR,RG,2360,2,D,PD,CC,F
14:09:33,MYOR,RG,2360,15,D,PD,CC,F
14:09:33,MYOR,RG,2360,4,D,PD,CC,F
14:09:33,MYOR,RG,2360,2,D,PD,CC,F
14:09:33,MYOR,RG,2360,3,D,YP,CC,F
14:09:33,MYOR,RG,2360,1,D,LG,CC,F
14:09:33,MYOR,RG,2360,2,D,PD,CC,F
14:09:33,MYOR,RG,2360,203,F,ZP,CC,F
14:09:33,MYOR,RG,2360,6,F,ZP,CC,F
14:09:33,MYOR,RG,2360,300,F,ZP,CC,F
14:05:58,MYOR,RG,2370,3,D,NI,CC,F
14:05:58,MYOR,RG,2370,11,F,ZP,CC,F
14:05:24,MYOR,RG,2370,5,D,XC,CC,F
14:02:54,MYOR,RG,2370,1,D,XC,CC,F
14:00:59,MYOR,RG,2370,28,F,ZP,CC,F
14:00:51,MYOR,RG,2370,37,F,ZP,CC,F
14:00:51,MYOR,RG,2370,9,F,ZP,XC,D
14:00:51,MYOR,RG,2370,17,F,ZP,KZ,F
14:00:51,MYOR,RG,2370,32,F,ZP,CC,D
13:59:29,MYOR,RG,2360,1,F,ZP,KZ,F
13:59:26,MYOR,RG,2360,1,F,ZP,XC,D
13:58:49,MYOR,RG,2360,29,F,ZP,KZ,F
13:58:19,MYOR,RG,2360,20,F,ZP,KZ,F
13:57:58,MYOR,RG,2370,61,F,ZP,CC,D
13:57:19,MYOR,RG,2360,40,F,ZP,KZ,F
13:55:58,MYOR,RG,2370,14,F,ZP,CC,D
13:55:42,MYOR,RG,2370,17,F,ZP,CC,D
13:55:42,MYOR,RG,2370,34,F,ZP,KZ,F
13:55:42,MYOR,RG,2370,13,F,ZP,XC,D
13:54:11,MYOR,RG,2370,7,F,ZP,KZ,F
13:54:11,MYOR,RG,2370,20,F,ZP,YB,D
13:54:11,MYOR,RG,2370,20,F,ZP,KZ,F
13:53:56,MYOR,RG,2360,8,F,ZP,NI,D
13:53:14,MYOR,RG,2360,35,F,ZP,NI,D
13:52:53,MYOR,RG,2370,38,F,ZP,YP,D
13:50:58,MYOR,RG,2370,11,F,ZP,YP,D
13:50:26,MYOR,RG,2360,130,F,ZP,PD,D
13:49:44,MYOR,RG,2370,1,D,XC,YP,D
13:49:30,MYOR,RG,2370,9,D,SQ,YP,D
13:37:40,MYOR,RG,2370,1,F,ZP,YP,D
13:37:40,MYOR,RG,2370,1,F,ZP,XC,D
13:37:40,MYOR,RG,2370,42,F,ZP,KZ,F
13:37:40,MYOR,RG,2370,1,F,ZP,KZ,F
13:37:38,MYOR,RG,2370,3,D,KK,KZ,F
13:37:10,MYOR,RG,2360,1,F,ZP,XC,D
13:35:57,MYOR,RG,2360,1,F,ZP,PD,D
13:34:35,MYOR,RG,2360,90,F,ZP,YP,D
13:34:34,MYOR,RG,2370,24,F,ZP,KZ,F
13:34:34,MYOR,RG,2370,1,F,ZP,KZ,F
13:33:11,MYOR,RG,2370,1,D,YU,KZ,F
13:33:10,MYOR,RG,2370,1,D,YU,KZ,F
13:33:09,MYOR,RG,2370,1,D,YU,KZ,F
13:33:09,MYOR,RG,2370,1,D,YU,KZ,F
13:33:08,MYOR,RG,2370,4,D,YU,KZ,F
13:33:08,MYOR,RG,2370,5,D,YU,KZ,F
13:33:08,MYOR,RG,2370,1,D,YU,KZ,F
13:33:07,MYOR,RG,2370,26,D,YU,KZ,F
13:33:07,MYOR,RG,2370,6,D,YU,KZ,F
13:33:07,MYOR,RG,2370,22,D,YU,XC,D
13:33:07,MYOR,RG,2370,2,D,YU,XA,D
13:33:07,MYOR,RG,2370,3,D,YU,KZ,F
13:33:07,MYOR,RG,2370,1,D,YU,KZ,F
13:33:07,MYOR,RG,2370,1,D,YU,KZ,F
13:33:06,MYOR,RG,2370,18,F,ZP,KZ,F
13:33:06,MYOR,RG,2370,3,F,ZP,PD,D
13:33:06,MYOR,RG,2370,4,F,ZP,NI,D
13:33:06,MYOR,RG,2370,150,F,ZP,CC,F
13:33:06,MYOR,RG,2370,6,F,ZP,CC,F
13:32:55,MYOR,RG,2370,1,D,YU,CC,F
13:32:54,MYOR,RG,2370,2,D,YU,CC,F
13:32:54,MYOR,RG,2370,2,D,YU,CC,F
13:32:54,MYOR,RG,2370,1,D,YU,CC,F
13:32:54,MYOR,RG,2370,1,D,YU,CC,F
13:32:53,MYOR,RG,2370,12,D,YU,CC,F
13:32:53,MYOR,RG,2370,16,D,YU,CC,F
13:32:53,MYOR,RG,2370,4,D,YU,CC,F
13:32:53,MYOR,RG,2370,1,D,YU,CC,F
13:32:52,MYOR,RG,2370,4,D,YU,CC,F
13:32:52,MYOR,RG,2370,1,D,YU,YP,D
13:32:52,MYOR,RG,2370,78,D,YU,CC,F
13:32:52,MYOR,RG,2370,105,D,YU,CC,F
13:32:52,MYOR,RG,2370,2,D,YU,CC,F
13:32:52,MYOR,RG,2370,3,D,YU,CC,F
13:32:51,MYOR,RG,2360,5,F,ZP,KZ,F
13:32:51,MYOR,RG,2360,15,F,ZP,KK,D
13:32:51,MYOR,RG,2360,32,F,ZP,KZ,F
13:32:51,MYOR,RG,2360,2,F,ZP,XC,D
13:32:51,MYOR,RG,2360,1,F,ZP,XC,D
13:32:51,MYOR,RG,2360,14,F,ZP,KZ,F
13:32:51,MYOR,RG,2360,2,F,ZP,CC,D
13:32:51,MYOR,RG,2360,4,F,ZP,XC,D
13:32:51,MYOR,RG,2360,2,F,ZP,XC,D
13:32:51,MYOR,RG,2360,1,F,ZP,XL,D
13:32:51,MYOR,RG,2360,2,F,ZP,DH,D
13:32:51,MYOR,RG,2360,1,F,ZP,NI,D
13:32:51,MYOR,RG,2360,300,F,ZP,CC,F
13:32:51,MYOR,RG,2360,28,F,ZP,KZ,F
13:32:51,MYOR,RG,2360,5,F,ZP,KZ,F
13:32:51,MYOR,RG,2360,9,F,ZP,KZ,F
13:32:51,MYOR,RG,2360,11,F,ZP,KZ,F
13:32:51,MYOR,RG,2360,116,F,ZP,KZ,F
13:32:51,MYOR,RG,2360,5,F,ZP,XC,D
13:32:51,MYOR,RG,2360,2,F,ZP,PD,D
13:32:51,MYOR,RG,2360,14,F,ZP,MG,D
13:32:33,MYOR,RG,2360,1,D,YU,MG,D
13:30:55,MYOR,RG,2360,1,D,YU,MG,D
13:30:54,MYOR,RG,2360,1,D,YU,MG,D
13:30:54,MYOR,RG,2360,1,D,YU,MG,D
13:30:53,MYOR,RG,2360,7,D,YU,MG,D
13:30:53,MYOR,RG,2360,2,D,YU,CC,F
13:30:53,MYOR,RG,2360,6,D,YU,CC,F
13:30:53,MYOR,RG,2350,43,D,YP,YP,D
13:30:28,MYOR,RG,2360,1,D,YU,CC,F
13:30:27,MYOR,RG,2360,2,D,YU,CC,F
13:30:27,MYOR,RG,2360,2,D,YU,CC,F
13:30:19,MYOR,RG,2360,11,D,YU,CC,F
13:30:19,MYOR,RG,2360,14,D,YU,CC,F
13:30:13,MYOR,RG,2360,2,D,YP,CC,F
13:30:10,MYOR,RG,2350,1,D,YP,CC,D
13:30:09,MYOR,RG,2360,5,D,CC,CC,F
13:30:07,MYOR,RG,2360,1,D,CC,CC,F
13:30:07,MYOR,RG,2360,1,D,YU,CC,F
13:30:07,MYOR,RG,2360,2,D,YU,CC,F
13:30:07,MYOR,RG,2360,3,D,XC,CC,F
13:30:07,MYOR,RG,2360,5,D,PD,CC,F
13:30:07,MYOR,RG,2360,1,D,XC,CC,F
13:30:07,MYOR,RG,2350,6,D,YP,PD,D
13:30:07,MYOR,RG,2360,2,D,PD,CC,F
13:30:07,MYOR,RG,2360,1,D,PD,CC,F
13:30:07,MYOR,RG,2350,17,D,YP,PD,D
13:30:06,MYOR,RG,2360,1,D,PD,CC,F
13:30:06,MYOR,RG,2350,1,D,YP,PD,D
13:30:06,MYOR,RG,2360,4,D,PD,CC,F
13:30:05,MYOR,RG,2350,16,D,YP,CC,D
13:30:05,MYOR,RG,2360,3,D,XC,CC,F
13:30:05,MYOR,RG,2360,1,D,DH,CC,F
13:30:05,MYOR,RG,2350,1,D,YP,PD,D
13:30:05,MYOR,RG,2360,1,D,EP,CC,F
13:30:05,MYOR,RG,2360,8,D,PD,CC,F
13:30:04,MYOR,RG,2360,1,D,YP,CC,F
13:30:03,MYOR,RG,2360,1,D,PD,CC,F
11:29:50,MYOR,RG,2360,1,F,ZP,CC,F
11:29:41,MYOR,RG,2360,1,D,YU,CC,F
11:29:40,MYOR,RG,2360,1,D,YU,CC,F
11:29:40,MYOR,RG,2360,2,F,ZP,CC,F
11:29:21,MYOR,RG,2360,1,D,YU,CC,F
11:29:21,MYOR,RG,2360,1,D,YU,CC,F
11:29:20,MYOR,RG,2360,4,F,ZP,CC,F
11:29:07,MYOR,RG,2360,1,D,AT,CC,F
11:28:59,MYOR,RG,2360,1,D,PD,CC,F
11:28:36,MYOR,RG,2360,1,D,YU,CC,F
11:28:36,MYOR,RG,2360,2,D,YU,CC,F
11:28:36,MYOR,RG,2360,9,F,ZP,CC,F
11:28:25,MYOR,RG,2360,1,D,YU,CC,F
11:28:24,MYOR,RG,2360,1,D,YU,CC,F
11:28:23,MYOR,RG,2360,1,D,YU,CC,F
11:28:23,MYOR,RG,2360,1,D,YU,CC,F
11:28:22,MYOR,RG,2360,6,D,XC,CC,F
11:27:49,MYOR,RG,2360,2,D,YU,CC,F
11:27:49,MYOR,RG,2360,3,D,YU,CC,F
11:27:48,MYOR,RG,2360,13,F,ZP,CC,F
11:27:12,MYOR,RG,2360,1,D,YU,CC,F
11:27:12,MYOR,RG,2360,1,D,YU,CC,F
11:27:11,MYOR,RG,2350,7,D,YP,KZ,F
11:26:09,MYOR,RG,2360,1,D,YU,CC,F
11:26:09,MYOR,RG,2360,1,D,YU,CC,F
11:26:08,MYOR,RG,2360,2,D,PD,CC,F
11:25:55,MYOR,RG,2360,5,D,YU,CC,F
11:25:55,MYOR,RG,2360,4,D,YU,CC,F
11:25:54,MYOR,RG,2360,22,F,ZP,CC,F
11:25:13,MYOR,RG,2360,1,D,YU,CC,F
11:25:13,MYOR,RG,2360,1,D,YU,CC,F
11:25:12,MYOR,RG,2360,9,D,YU,CC,F
11:25:12,MYOR,RG,2360,7,D,YU,CC,F
11:25:11,MYOR,RG,2350,47,D,YP,KZ,F
11:23:41,MYOR,RG,2360,1,D,YU,CC,F
11:23:41,MYOR,RG,2360,1,D,YU,CC,F
11:23:40,MYOR,RG,2360,6,F,ZP,CC,F
11:23:00,MYOR,RG,2360,1,D,YU,CC,F
11:22:59,MYOR,RG,2360,1,D,YU,CC,F
11:22:59,MYOR,RG,2350,1,D,YP,KK,D
11:20:49,MYOR,RG,2350,1,D,YP,XC,D
11:20:10,MYOR,RG,2360,1,D,YU,CC,F
11:20:10,MYOR,RG,2360,1,D,YU,KZ,F
11:20:10,MYOR,RG,2360,3,D,YU,KZ,F
11:20:09,MYOR,RG,2360,12,F,ZP,KZ,F
11:19:49,MYOR,RG,2360,1,D,YU,KZ,F
11:19:49,MYOR,RG,2360,1,D,YU,KZ,F
11:19:49,MYOR,RG,2360,6,D,SQ,KZ,F
11:18:46,MYOR,RG,2360,1,D,YU,KZ,F
11:18:45,MYOR,RG,2360,1,D,YU,XC,D
11:18:45,MYOR,RG,2360,1,D,YU,XC,D
11:18:45,MYOR,RG,2360,1,D,YU,XC,D
11:18:44,MYOR,RG,2360,1,D,YU,XC,D
11:18:44,MYOR,RG,2360,1,D,YU,BK,F
11:18:44,MYOR,RG,2360,3,D,YU,BK,F
11:18:44,MYOR,RG,2360,7,D,NI,BK,F
11:18:43,MYOR,RG,2360,16,F,ZP,BK,F
11:17:57,MYOR,RG,2360,1,D,YU,BK,F
11:17:57,MYOR,RG,2360,1,D,YU,BK,F
11:17:56,MYOR,RG,2360,3,D,YU,BK,F
11:17:56,MYOR,RG,2360,4,D,YU,BK,F
11:17:55,MYOR,RG,2360,20,D,NI,BK,F
11:17:45,MYOR,RG,2360,3,D,YU,BK,F
11:17:45,MYOR,RG,2360,3,D,YU,BK,F
11:17:44,MYOR,RG,2360,16,F,ZP,BK,F
11:17:19,MYOR,RG,2360,1,D,XC,BK,F
11:17:03,MYOR,RG,2360,1,D,YU,BK,F
11:17:02,MYOR,RG,2360,1,D,YU,BK,F
11:17:01,MYOR,RG,2360,5,D,YU,BK,F
11:17:01,MYOR,RG,2360,4,D,YU,BK,F
11:17:00,MYOR,RG,2350,25,D,YP,GR,D
11:15:22,MYOR,RG,2360,1,D,YU,BK,F
11:15:21,MYOR,RG,2360,3,D,CC,BK,F
11:14:46,MYOR,RG,2360,1,D,XC,BK,F
11:13:51,MYOR,RG,2360,1,D,YU,BK,F
11:13:51,MYOR,RG,2360,1,D,YU,BK,F
11:13:50,MYOR,RG,2360,3,D,XC,BK,F
11:13:39,MYOR,RG,2360,1,D,YU,KZ,F
11:13:39,MYOR,RG,2360,1,D,YU,XC,D
11:13:38,MYOR,RG,2360,6,F,ZP,KZ,F
11:12:37,MYOR,RG,2360,1,D,YU,KZ,F
11:12:37,MYOR,RG,2360,1,D,YU,KZ,F
11:12:36,MYOR,RG,2360,4,F,ZP,KZ,F
11:12:29,MYOR,RG,2360,1,D,YU,KZ,F
11:12:29,MYOR,RG,2360,2,D,YU,KZ,F
11:12:28,MYOR,RG,2360,10,F,ZP,KZ,F
11:10:44,MYOR,RG,2360,1,D,YU,KZ,F
11:10:43,MYOR,RG,2360,1,D,YU,KZ,F
11:10:42,MYOR,RG,2360,4,D,YU,KZ,F
11:10:42,MYOR,RG,2360,4,D,YU,KZ,F
11:10:42,MYOR,RG,2360,23,F,ZP,KZ,F
11:10:27,MYOR,RG,2360,1,D,YU,KZ,F
11:10:26,MYOR,RG,2350,1,D,XC,PD,D
11:10:26,MYOR,RG,2350,1,D,XL,PD,D
11:08:50,MYOR,RG,2360,1,D,YU,KZ,F
11:08:50,MYOR,RG,2360,1,D,YU,KZ,F
11:08:50,MYOR,RG,2350,5,D,XL,CC,D
11:08:43,MYOR,RG,2360,1,D,YU,KZ,F
11:08:43,MYOR,RG,2360,2,D,YU,KZ,F
11:08:43,MYOR,RG,2360,1,D,YU,KZ,F
11:08:42,MYOR,RG,2360,7,D,YU,KZ,F
11:08:42,MYOR,RG,2360,6,D,YU,KZ,F
11:08:42,MYOR,RG,2360,2,D,YU,KZ,F
11:08:42,MYOR,RG,2360,1,D,YU,KZ,F
11:08:41,MYOR,RG,2360,41,F,ZP,KZ,F
11:08:41,MYOR,RG,2360,7,F,ZP,CC,F
11:07:59,MYOR,RG,2350,2,D,XL,CC,D
11:07:41,MYOR,RG,2360,1,D,XC,CC,F
11:06:51,MYOR,RG,2360,1,D,YU,CC,F
11:06:50,MYOR,RG,2360,1,D,YU,CC,F
11:06:49,MYOR,RG,2360,3,D,YU,CC,F
11:06:49,MYOR,RG,2360,3,D,YU,CC,F
11:06:48,MYOR,RG,2360,19,D,YU,CC,F
11:06:48,MYOR,RG,2360,15,D,YU,CC,F
11:06:48,MYOR,RG,2360,1,D,YU,CC,F
11:06:48,MYOR,RG,2360,1,D,YU,CC,F
11:06:47,MYOR,RG,2360,98,F,ZP,CC,F
11:06:47,MYOR,RG,2360,8,D,YU,CC,F
11:06:47,MYOR,RG,2360,6,D,YU,CC,F
11:06:47,MYOR,RG,2360,1,D,YU,CC,F
11:06:47,MYOR,RG,2360,1,D,YU,CC,F
11:06:46,MYOR,RG,2360,25,D,YU,CC,F
11:06:46,MYOR,RG,2360,9,D,YU,CC,F
11:06:46,MYOR,RG,2360,8,D,YU,YP,D
11:06:46,MYOR,RG,2360,13,D,YU,KZ,F
11:06:46,MYOR,RG,2360,8,D,YU,CC,F
11:06:46,MYOR,RG,2360,11,D,YU,CC,F
11:06:46,MYOR,RG,2350,4,D,XL,KZ,F
11:06:46,MYOR,RG,2350,13,D,PD,KZ,F
11:06:46,MYOR,RG,2350,1,D,PD,KZ,F
11:06:46,MYOR,RG,2350,10,D,OD,KZ,F
11:06:46,MYOR,RG,2350,1,D,NI,KZ,F
11:06:45,MYOR,RG,2350,1,D,PD,YP,D
11:06:45,MYOR,RG,2350,2,D,PD,YP,D
11:06:45,MYOR,RG,2350,5,D,LG,YP,D
11:06:45,MYOR,RG,2350,3,D,YP,YP,D
11:06:45,MYOR,RG,2350,2,D,YP,YP,D
11:06:45,MYOR,RG,2350,100,D,PD,YP,D
11:06:45,MYOR,RG,2350,1,D,YP,YP,D
11:06:45,MYOR,RG,2350,1,D,XC,YP,D
11:06:45,MYOR,RG,2350,10,D,LG,YP,D
11:06:45,MYOR,RG,2350,3,D,PD,YP,D
11:06:45,MYOR,RG,2350,5,D,XC,YP,D
11:06:45,MYOR,RG,2350,5,D,CC,YP,D
11:06:45,MYOR,RG,2350,3,D,XC,YP,D
11:06:45,MYOR,RG,2350,1,D,XC,YP,D
11:06:45,MYOR,RG,2350,2,D,DR,YP,D
11:06:45,MYOR,RG,2350,56,D,EP,YP,D
11:04:18,MYOR,RG,2360,1,D,YU,CC,F
11:04:18,MYOR,RG,2360,1,D,YU,CC,F
11:04:17,MYOR,RG,2350,4,D,EP,PD,D
11:04:12,MYOR,RG,2360,1,D,XC,CC,F
11:03:41,MYOR,RG,2360,1,D,YU,CC,F
11:03:41,MYOR,RG,2360,1,D,YU,CC,F
11:03:40,MYOR,RG,2360,2,D,YU,CC,F
11:03:40,MYOR,RG,2360,1,D,YU,CC,F
11:03:39,MYOR,RG,2360,12,F,ZP,CC,F
11:02:58,MYOR,RG,2360,1,D,XC,CC,F
11:02:52,MYOR,RG,2360,1,D,YU,CC,F
11:02:51,MYOR,RG,2360,1,D,YU,CC,F
11:02:50,MYOR,RG,2360,2,D,KK,CC,F
11:02:43,MYOR,RG,2360,1,F,ZP,CC,F
11:00:36,MYOR,RG,2360,1,D,YU,CC,F
11:00:36,MYOR,RG,2360,1,D,YU,CC,F
11:00:36,MYOR,RG,2360,3,D,YU,CC,F
11:00:36,MYOR,RG,2360,4,D,YU,CC,F
11:00:35,MYOR,RG,2360,24,F,ZP,CC,F
11:00:16,MYOR,RG,2360,1,D,YU,CC,F
11:00:15,MYOR,RG,2360,1,D,YU,CC,F
11:00:15,MYOR,RG,2360,1,F,ZP,CC,F
11:00:11,MYOR,RG,2360,1,D,XC,CC,F
10:59:47,MYOR,RG,2360,2,D,YU,CC,F
10:59:47,MYOR,RG,2360,2,D,YU,CC,F
10:59:46,MYOR,RG,2360,10,D,EP,CC,F
10:59:42,MYOR,RG,2360,1,D,YU,CC,F
10:59:42,MYOR,RG,2360,1,D,YU,CC,F
10:59:42,MYOR,RG,2350,5,D,EP,PD,D
10:59:20,MYOR,RG,2360,1,D,YU,CC,F
10:59:20,MYOR,RG,2360,1,D,YU,CC,F
10:59:19,MYOR,RG,2360,6,D,YU,CC,F
10:59:19,MYOR,RG,2360,4,D,YU,CC,F
10:59:18,MYOR,RG,2350,30,D,EP,NI,D
10:59:16,MYOR,RG,2360,1,F,ZP,CC,F
10:59:11,MYOR,RG,2360,1,D,CC,CC,F
10:58:39,MYOR,RG,2360,1,D,YU,CC,F
10:58:38,MYOR,RG,2360,1,D,YU,CC,F
10:58:37,MYOR,RG,2360,1,D,YU,CC,F
10:58:37,MYOR,RG,2360,1,D,YU,CC,F
10:58:37,MYOR,RG,2360,8,F,ZP,CC,F
10:58:35,MYOR,RG,2360,1,D,YU,CC,F
10:58:35,MYOR,RG,2360,1,D,YU,CC,F
10:58:35,MYOR,RG,2360,5,D,CC,CC,F
10:58:20,MYOR,RG,2360,1,D,YU,CC,F
10:58:19,MYOR,RG,2360,2,D,YU,CC,F
10:58:19,MYOR,RG,2360,2,D,YU,CC,F
10:58:19,MYOR,RG,2360,13,F,ZP,CC,F
10:58:14,MYOR,RG,2360,1,D,YU,CC,F
10:58:13,MYOR,RG,2360,1,D,YU,CC,F
10:58:13,MYOR,RG,2360,2,D,YU,CC,F
10:58:12,MYOR,RG,2350,9,D,EP,YP,D
10:55:10,MYOR,RG,2350,1,D,EP,CC,D
10:55:03,MYOR,RG,2360,1,D,YU,CC,F
10:55:02,MYOR,RG,2360,1,D,XC,CC,F
10:54:47,MYOR,RG,2360,1,D,YU,CC,F
10:54:47,MYOR,RG,2360,2,D,YP,CC,F
10:54:41,MYOR,RG,2360,1,D,YP,CC,F
10:54:23,MYOR,RG,2360,1,D,YU,CC,F
10:54:22,MYOR,RG,2360,1,D,DH,CC,F
10:54:00,MYOR,RG,2360,1,D,XC,CC,F
10:53:49,MYOR,RG,2360,1,D,YU,CC,F
10:53:49,MYOR,RG,2360,1,D,YU,CC,F
10:53:48,MYOR,RG,2360,4,D,AZ,CC,F
10:53:45,MYOR,RG,2360,2,D,YU,CC,F
10:53:45,MYOR,RG,2360,2,D,YU,CC,F
10:53:44,MYOR,RG,2360,11,F,ZP,CC,F
10:52:58,MYOR,RG,2360,1,D,YU,CC,F
10:52:58,MYOR,RG,2360,1,D,YU,CC,F
10:52:57,MYOR,RG,2360,3,D,YU,CC,F
10:52:57,MYOR,RG,2360,5,D,YU,CC,F
10:52:57,MYOR,RG,2360,25,F,ZP,CC,F
10:52:24,MYOR,RG,2360,1,D,YU,CC,F
10:52:23,MYOR,RG,2360,1,F,ZP,CC,F
10:51:40,MYOR,RG,2360,1,D,KK,CC,F
10:51:07,MYOR,RG,2360,1,D,YU,CC,F
10:51:06,MYOR,RG,2360,1,D,YU,CC,F
10:51:06,MYOR,RG,2360,2,D,YU,CC,F
10:51:05,MYOR,RG,2360,11,D,YU,CC,F
10:51:05,MYOR,RG,2360,8,D,YU,CC,F
10:51:04,MYOR,RG,2360,56,F,ZP,CC,F
10:51:04,MYOR,RG,2360,1,F,ZP,NI,D
10:49:24,MYOR,RG,2360,1,D,YU,KZ,F
10:49:24,MYOR,RG,2360,1,D,YU,KZ,F
10:49:23,MYOR,RG,2360,3,D,YU,KZ,F
10:49:23,MYOR,RG,2360,4,D,YU,KZ,F
10:49:23,MYOR,RG,2360,1,D,YU,KZ,F
10:49:22,MYOR,RG,2360,21,D,YU,KZ,F
10:49:22,MYOR,RG,2360,16,D,YU,KZ,F
10:49:22,MYOR,RG,2360,2,D,YU,KZ,F
10:49:22,MYOR,RG,2360,2,D,YU,KZ,F
10:49:21,MYOR,RG,2350,1,D,EP,KZ,F
10:49:21,MYOR,RG,2350,4,D,KK,KZ,F
10:49:21,MYOR,RG,2350,1,D,NI,KZ,F
10:49:21,MYOR,RG,2350,1,D,DH,KZ,F
10:49:21,MYOR,RG,2350,1,D,NI,KZ,F
10:49:21,MYOR,RG,2350,7,D,PD,KZ,F
10:49:21,MYOR,RG,2350,2,D,CC,KZ,F
10:49:21,MYOR,RG,2350,10,D,NI,KZ,F
10:49:21,MYOR,RG,2350,1,D,NI,KZ,F
10:49:21,MYOR,RG,2350,1,D,YP,KZ,F
10:49:21,MYOR,RG,2350,2,D,NI,KZ,F
10:49:21,MYOR,RG,2350,44,D,DH,KZ,F
10:49:21,MYOR,RG,2350,1,D,YP,KZ,F
10:49:21,MYOR,RG,2350,10,D,XC,KZ,F
10:49:21,MYOR,RG,2350,2,D,CC,KZ,F
10:49:21,MYOR,RG,2350,1,D,PD,KZ,F
10:49:21,MYOR,RG,2350,2,D,PD,KZ,F
10:49:21,MYOR,RG,2350,1,D,PD,KZ,F
10:49:21,MYOR,RG,2350,10,D,PD,KZ,F
10:49:21,MYOR,RG,2350,1,D,PD,KZ,F
10:49:21,MYOR,RG,2350,10,D,SQ,KZ,F
10:49:21,MYOR,RG,2350,11,D,OD,KZ,F
10:49:07,MYOR,RG,2360,1,D,YU,KZ,F
10:49:07,MYOR,RG,2360,1,D,YU,KZ,F
10:49:06,MYOR,RG,2360,5,D,YB,KZ,F
10:48:39,MYOR,RG,2360,2,D,YU,KZ,F
10:48:38,MYOR,RG,2360,1,D,YU,KZ,F
10:48:38,MYOR,RG,2360,7,F,ZP,KZ,F
10:48:35,MYOR,RG,2360,1,D,YU,KZ,F
10:48:35,MYOR,RG,2360,1,D,YU,KZ,F
10:48:34,MYOR,RG,2360,2,D,YU,KZ,F
10:48:34,MYOR,RG,2360,2,D,YU,KZ,F
10:48:34,MYOR,RG,2360,2,F,ZP,KZ,F
10:48:34,MYOR,RG,2360,14,F,ZP,KZ,F
10:48:32,MYOR,RG,2360,1,D,YU,KZ,F
10:48:32,MYOR,RG,2360,1,F,ZP,KZ,F
10:47:49,MYOR,RG,2360,1,D,YU,KZ,F
10:47:48,MYOR,RG,2360,1,D,YU,KZ,F
10:47:48,MYOR,RG,2360,2,D,YU,KZ,F
10:47:48,MYOR,RG,2360,10,D,SQ,KZ,F
10:46:45,MYOR,RG,2360,1,D,YU,KZ,F
10:46:45,MYOR,RG,2360,1,D,YU,KZ,F
10:46:45,MYOR,RG,2360,5,D,KK,KZ,F
10:46:00,MYOR,RG,2360,1,F,ZP,KZ,F
10:45:59,MYOR,RG,2360,1,D,YU,KZ,F
10:45:59,MYOR,RG,2360,1,D,YU,KZ,F
10:45:59,MYOR,RG,2360,2,D,XC,KZ,F
10:45:25,MYOR,RG,2360,1,D,PD,KZ,F
10:45:17,MYOR,RG,2360,1,D,YU,KZ,F
10:45:17,MYOR,RG,2360,1,D,YU,KZ,F
10:45:16,MYOR,RG,2360,1,D,YU,KZ,F
10:45:16,MYOR,RG,2360,2,D,YU,KZ,F
10:45:16,MYOR,RG,2360,1,D,YU,KZ,F
10:45:16,MYOR,RG,2360,1,D,YU,KZ,F
10:45:15,MYOR,RG,2360,14,F,ZP,KZ,F
10:45:15,MYOR,RG,2360,1,D,YU,KZ,F
10:45:15,MYOR,RG,2360,1,D,YU,KZ,F
10:45:15,MYOR,RG,2360,1,D,YU,KZ,F
10:45:14,MYOR,RG,2360,2,D,YU,KZ,F
10:45:14,MYOR,RG,2360,2,D,YU,KZ,F
10:45:14,MYOR,RG,2360,3,D,YU,KZ,F
10:45:14,MYOR,RG,2360,4,D,YU,KZ,F
10:45:13,MYOR,RG,2360,15,F,ZP,KZ,F
10:45:13,MYOR,RG,2360,21,F,ZP,YP,D
10:44:56,MYOR,RG,2360,1,D,YU,YP,D
10:44:55,MYOR,RG,2360,1,D,YU,YP,D
10:44:54,MYOR,RG,2360,1,D,YU,YP,D
10:44:54,MYOR,RG,2360,1,D,YU,YP,D
10:44:54,MYOR,RG,2360,1,D,YU,YP,D
10:44:54,MYOR,RG,2360,2,D,YU,YP,D
10:44:53,MYOR,RG,2360,2,D,YU,YP,D
10:44:53,MYOR,RG,2360,1,D,YU,YP,D
10:44:53,MYOR,RG,2360,4,D,YU,YP,D
10:44:53,MYOR,RG,2360,1,D,YU,YP,D
10:44:53,MYOR,RG,2360,7,D,YU,YP,D
10:44:52,MYOR,RG,2360,8,D,YU,YP,D
10:44:52,MYOR,RG,2360,9,D,YU,YP,D
10:44:52,MYOR,RG,2360,39,F,ZP,YP,D
10:44:52,MYOR,RG,2360,1,D,YU,YP,D
10:44:52,MYOR,RG,2360,1,D,YU,YP,D
10:44:51,MYOR,RG,2360,42,F,ZP,YP,D
10:44:51,MYOR,RG,2360,8,D,YU,YP,D
10:44:51,MYOR,RG,2360,11,D,YU,YP,D
10:44:51,MYOR,RG,2360,1,D,YU,YP,D
10:44:51,MYOR,RG,2360,3,D,YU,YP,D
10:44:51,MYOR,RG,2360,1,D,YU,YP,D
10:44:51,MYOR,RG,2360,1,D,YU,YP,D
10:44:50,MYOR,RG,2360,56,D,YU,YP,D
10:44:50,MYOR,RG,2360,2,D,YU,YP,D
10:44:50,MYOR,RG,2360,45,D,YU,YP,D
10:44:50,MYOR,RG,2360,9,D,YU,YP,D
10:44:50,MYOR,RG,2360,1,D,YU,YP,D
10:44:50,MYOR,RG,2360,6,D,YU,YP,D
10:44:50,MYOR,RG,2360,2,D,YP,YP,D
10:44:50,MYOR,RG,2360,1,D,GR,YP,D
10:44:50,MYOR,RG,2360,2,F,ZP,YP,D
10:44:50,MYOR,RG,2360,1,F,ZP,YP,D
10:44:50,MYOR,RG,2360,9,D,YP,YP,D
10:44:50,MYOR,RG,2360,59,F,ZP,YP,D
10:44:50,MYOR,RG,2360,6,F,ZP,YP,D
10:44:50,MYOR,RG,2360,10,D,CC,YP,D
10:44:50,MYOR,RG,2360,1,D,XC,YP,D
10:44:50,MYOR,RG,2360,85,D,NI,YP,D
10:44:50,MYOR,RG,2360,15,D,CC,YP,D
10:44:50,MYOR,RG,2360,5,D,YP,YP,D
10:44:50,MYOR,RG,2360,4,D,YP,YP,D
10:44:50,MYOR,RG,2360,3,D,YP,YP,D
10:44:50,MYOR,RG,2360,2,D,YP,YP,D
10:44:50,MYOR,RG,2360,1,D,YP,YP,D
10:44:50,MYOR,RG,2360,5,D,PD,YP,D
10:44:50,MYOR,RG,2360,11,F,ZP,YP,D
10:44:50,MYOR,RG,2360,20,D,XC,YP,D
10:44:50,MYOR,RG,2360,5,D,OD,YP,D
10:44:50,MYOR,RG,2360,5,D,AN,YP,D
10:44:50,MYOR,RG,2360,10,D,AN,YP,D
10:44:50,MYOR,RG,2360,42,D,YB,YP,D
10:44:50,MYOR,RG,2360,2,D,YU,YP,D
10:44:50,MYOR,RG,2360,43,D,PD,YP,D
10:43:51,MYOR,RG,2370,2,D,PD,CC,F
10:43:43,MYOR,RG,2370,1,D,YU,CC,F
10:43:43,MYOR,RG,2370,1,D,YU,CC,F
10:43:42,MYOR,RG,2370,4,F,ZP,CC,F
10:41:31,MYOR,RG,2370,1,D,YP,CC,F
10:38:38,MYOR,RG,2370,1,D,YU,CC,F
10:38:37,MYOR,RG,2370,1,D,YU,CC,F
10:38:37,MYOR,RG,2370,1,D,YU,CC,F
10:38:37,MYOR,RG,2370,1,D,YU,KZ,F
10:38:36,MYOR,RG,2370,9,F,ZP,KZ,F
10:38:06,MYOR,RG,2370,1,D,PD,KZ,F
10:35:23,MYOR,RG,2370,1,D,YU,KZ,F
10:35:22,MYOR,RG,2370,2,D,YU,KZ,F
10:35:22,MYOR,RG,2370,2,D,YU,KZ,F
10:35:21,MYOR,RG,2370,9,D,EP,KZ,F
10:35:21,MYOR,RG,2370,1,D,EP,CC,F
10:33:46,MYOR,RG,2370,2,D,YU,CC,F
10:33:46,MYOR,RG,2370,1,D,YU,CC,F
10:33:46,MYOR,RG,2370,2,D,YU,CC,F
10:33:45,MYOR,RG,2370,9,F,ZP,CC,F
10:30:24,MYOR,RG,2370,1,D,PD,CC,F
10:29:19,MYOR,RG,2370,1,D,YU,CC,F
10:29:18,MYOR,RG,2370,2,D,KK,CC,F
10:28:45,MYOR,RG,2370,1,D,YU,CC,F
10:28:45,MYOR,RG,2370,2,D,YU,CC,F
10:28:44,MYOR,RG,2370,8,F,ZP,CC,F
10:28:13,MYOR,RG,2370,1,D,YU,CC,F
10:28:12,MYOR,RG,2370,3,D,YU,CC,F
10:28:12,MYOR,RG,2370,3,D,YU,CC,F
10:28:11,MYOR,RG,2370,16,F,ZP,CC,F
10:27:12,MYOR,RG,2370,1,D,YU,CC,F
10:27:11,MYOR,RG,2370,4,D,YU,CC,F
10:27:11,MYOR,RG,2370,4,D,YU,CC,F
10:27:11,MYOR,RG,2370,24,F,ZP,CC,F
10:27:06,MYOR,RG,2370,1,D,YU,CC,F
10:27:06,MYOR,RG,2360,1,D,PD,PC,D
10:26:12,MYOR,RG,2370,1,D,YU,CC,F
10:26:11,MYOR,RG,2370,2,D,YU,CC,F
10:26:11,MYOR,RG,2370,1,D,YU,CC,F
10:26:11,MYOR,RG,2370,13,F,ZP,CC,F
10:25:18,MYOR,RG,2370,1,D,YU,CC,F
10:25:18,MYOR,RG,2370,1,D,YU,CC,F
10:25:18,MYOR,RG,2370,1,D,YU,CC,F
10:25:17,MYOR,RG,2370,3,D,YU,CC,F
10:25:17,MYOR,RG,2370,4,D,YU,CC,F
10:25:16,MYOR,RG,2370,19,F,ZP,CC,F
10:25:09,MYOR,RG,2370,1,D,YU,CC,F
10:25:09,MYOR,RG,2370,1,D,YU,CC,F
10:25:08,MYOR,RG,2370,1,D,YU,CC,F
10:25:08,MYOR,RG,2370,1,D,YU,CC,F
10:25:07,MYOR,RG,2370,4,D,YU,CC,F
10:25:07,MYOR,RG,2370,5,D,YU,CC,F
10:25:07,MYOR,RG,2370,1,D,YU,CC,F
10:25:07,MYOR,RG,2370,1,D,YU,CC,F
10:25:07,MYOR,RG,2370,1,D,YU,CC,F
10:25:07,MYOR,RG,2370,1,D,YU,CC,F
10:25:07,MYOR,RG,2370,3,D,YU,KZ,F
10:25:07,MYOR,RG,2370,5,D,YU,KZ,F
10:25:07,MYOR,RG,2370,6,D,YU,KZ,F
10:25:06,MYOR,RG,2370,15,F,ZP,CC,F
10:25:06,MYOR,RG,2370,19,D,YU,CC,F
10:25:06,MYOR,RG,2370,1,D,YU,CC,F
10:25:06,MYOR,RG,2370,2,D,YU,CC,F
10:25:06,MYOR,RG,2370,2,D,YU,CC,F
10:25:06,MYOR,RG,2360,56,D,PD,KZ,F
10:25:06,MYOR,RG,2360,1,D,YP,KZ,F
10:25:06,MYOR,RG,2360,15,D,CC,KZ,F
10:25:06,MYOR,RG,2360,30,D,PD,KZ,F
10:25:06,MYOR,RG,2360,8,D,NI,KZ,F
10:25:03,MYOR,RG,2370,1,D,YU,CC,F
10:25:03,MYOR,RG,2370,1,D,YU,CC,F
10:25:02,MYOR,RG,2370,7,D,YU,CC,F
10:25:02,MYOR,RG,2370,5,D,YU,CC,F
10:25:01,MYOR,RG,2370,35,F,ZP,CC,F
10:24:39,MYOR,RG,2370,1,D,YU,CC,F
10:24:39,MYOR,RG,2370,1,D,YU,CC,F
10:24:38,MYOR,RG,2370,5,D,YU,CC,F
10:24:38,MYOR,RG,2370,6,D,YU,CC,F
10:24:38,MYOR,RG,2370,1,D,YU,CC,F
10:24:38,MYOR,RG,2370,1,D,YU,CC,F
10:24:37,MYOR,RG,2370,1,D,YU,CC,F
10:24:37,MYOR,RG,2370,34,D,YU,CC,F
10:24:37,MYOR,RG,2370,28,D,YU,CC,F
10:24:37,MYOR,RG,2370,1,D,YU,CC,F
10:24:37,MYOR,RG,2370,2,D,YU,CC,F
10:24:37,MYOR,RG,2370,1,D,YU,CC,F
10:24:37,MYOR,RG,2370,10,D,CC,CC,F
10:24:37,MYOR,RG,2370,1,D,DH,CC,F
10:24:37,MYOR,RG,2370,1,D,EP,CC,F
10:24:37,MYOR,RG,2370,10,D,EP,CC,F
10:24:37,MYOR,RG,2370,10,D,CC,CC,F
10:24:37,MYOR,RG,2370,21,D,NI,CC,F
10:24:37,MYOR,RG,2370,1,D,XC,CC,F
10:24:37,MYOR,RG,2370,1,F,ZP,CC,F
10:24:37,MYOR,RG,2370,5,D,YP,CC,F
10:24:37,MYOR,RG,2370,2,D,CC,CC,F
10:24:37,MYOR,RG,2370,1,D,YP,CC,F
10:24:37,MYOR,RG,2370,2,F,ZP,CC,F
10:24:37,MYOR,RG,2370,14,F,ZP,CC,F
10:24:37,MYOR,RG,2370,1,D,CC,CC,F
10:24:37,MYOR,RG,2370,60,F,ZP,CC,F
10:24:37,MYOR,RG,2370,2,F,ZP,CC,F
10:24:37,MYOR,RG,2370,38,D,YP,CC,F
10:24:36,MYOR,RG,2380,10,D,YU,YP,D
10:24:36,MYOR,RG,2380,1,D,YU,YP,D
10:24:36,MYOR,RG,2380,13,D,YU,YP,D
10:24:36,MYOR,RG,2370,65,D,YP,KZ,F
10:23:46,MYOR,RG,2380,1,D,YU,YP,D
10:23:46,MYOR,RG,2380,2,D,YU,YP,D
10:23:45,MYOR,RG,2380,9,F,ZP,YP,D
10:23:39,MYOR,RG,2380,1,D,XC,YP,D
10:23:09,MYOR,RG,2380,1,D,YU,YP,D
10:23:09,MYOR,RG,2380,1,D,YU,YP,D
10:23:08,MYOR,RG,2380,3,D,YU,YP,D
10:23:08,MYOR,RG,2380,3,D,YU,YP,D
10:23:07,MYOR,RG,2380,20,F,ZP,YP,D
10:23:06,MYOR,RG,2380,1,D,YU,YP,D
10:23:05,MYOR,RG,2380,1,D,YU,YP,D
10:23:05,MYOR,RG,2380,1,D,YU,YP,D
10:23:05,MYOR,RG,2380,5,D,SQ,YP,D
10:23:05,MYOR,RG,2380,3,D,SQ,BK,F
10:23:00,MYOR,RG,2380,1,D,YU,BK,F
10:22:59,MYOR,RG,2380,1,D,YU,BK,F
10:22:59,MYOR,RG,2380,1,D,PC,BK,F
10:22:13,MYOR,RG,2380,1,D,KK,BK,F
10:21:05,MYOR,RG,2380,1,D,YU,BK,F
10:21:05,MYOR,RG,2380,1,D,YU,BK,F
10:21:04,MYOR,RG,2380,1,D,YU,BK,F
10:21:04,MYOR,RG,2380,4,D,YU,BK,F
10:21:04,MYOR,RG,2380,5,D,YU,BK,F
10:21:03,MYOR,RG,2380,25,D,YP,BK,F
10:20:58,MYOR,RG,2380,2,D,YU,BK,F
10:20:58,MYOR,RG,2380,2,D,YU,BK,F
10:20:58,MYOR,RG,2380,12,F,ZP,BK,F
10:19:41,MYOR,RG,2380,1,D,YU,BK,F
10:19:40,MYOR,RG,2380,2,D,YU,PD,D
10:19:40,MYOR,RG,2380,2,D,YU,PD,D
10:19:39,MYOR,RG,2370,10,D,YP,DR,D
10:18:39,MYOR,RG,2380,4,D,YU,PD,D
10:18:39,MYOR,RG,2380,2,D,YU,PD,D
10:18:39,MYOR,RG,2380,1,D,YU,LG,D
10:18:38,MYOR,RG,2380,19,F,ZP,LG,D
10:18:12,MYOR,RG,2380,1,D,YU,LG,D
10:18:11,MYOR,RG,2380,3,D,YU,LG,D
10:18:11,MYOR,RG,2380,2,D,YU,LG,D
10:18:10,MYOR,RG,2370,14,D,YP,XC,D
10:17:49,MYOR,RG,2380,1,D,YU,LG,D
10:17:49,MYOR,RG,2380,1,D,YU,LG,D
10:17:48,MYOR,RG,2380,5,D,YU,LG,D
10:17:48,MYOR,RG,2380,4,D,YU,LG,D
10:17:48,MYOR,RG,2380,1,D,YU,LG,D
10:17:48,MYOR,RG,2380,1,D,YU,LG,D
10:17:47,MYOR,RG,2380,26,F,ZP,LG,D
10:17:47,MYOR,RG,2380,2,F,ZP,KK,D
10:17:40,MYOR,RG,2380,1,D,YU,KK,D
10:17:40,MYOR,RG,2380,1,D,YU,KK,D
10:17:39,MYOR,RG,2370,1,D,YP,XC,D
10:17:39,MYOR,RG,2380,4,D,YU,KK,D
10:17:39,MYOR,RG,2380,2,D,YU,KZ,F
10:17:39,MYOR,RG,2380,5,D,YU,KZ,F
10:17:38,MYOR,RG,2370,30,D,YP,CC,D
10:16:46,MYOR,RG,2370,1,D,YP,KK,D
10:15:54,MYOR,RG,2380,2,D,YU,KZ,F
10:15:54,MYOR,RG,2380,3,D,YU,KZ,F
10:15:54,MYOR,RG,2380,13,D,GR,KZ,F
10:15:32,MYOR,RG,2380,1,D,YU,KZ,F
10:15:32,MYOR,RG,2380,1,D,YU,KZ,F
10:15:31,MYOR,RG,2370,4,D,YP,XC,D
10:13:40,MYOR,RG,2380,1,D,YU,KZ,F
10:13:40,MYOR,RG,2380,2,D,YU,KZ,F
10:13:40,MYOR,RG,2380,2,D,YU,KZ,F
10:13:40,MYOR,RG,2380,10,F,ZP,KZ,F
10:13:03,MYOR,RG,2380,1,D,YU,KZ,F
10:13:03,MYOR,RG,2380,1,D,YU,KZ,F
10:13:02,MYOR,RG,2380,1,D,YU,XC,D
10:13:02,MYOR,RG,2380,3,D,YU,KZ,F
10:13:02,MYOR,RG,2380,5,D,YU,KZ,F
10:13:02,MYOR,RG,2380,1,D,YU,KZ,F
10:13:02,MYOR,RG,2380,1,D,YU,KZ,F
10:13:01,MYOR,RG,2380,24,F,ZP,KZ,F
10:13:01,MYOR,RG,2380,1,F,ZP,YP,D
10:13:01,MYOR,RG,2380,6,F,ZP,YB,D
10:12:32,MYOR,RG,2380,1,D,CC,YB,D
10:12:31,MYOR,RG,2380,1,D,YU,YB,D
10:12:31,MYOR,RG,2380,1,D,YU,YB,D
10:12:30,MYOR,RG,2380,4,D,YU,YB,D
10:12:30,MYOR,RG,2380,6,D,YU,YB,D
10:12:29,MYOR,RG,2380,28,F,ZP,YB,D
10:09:17,MYOR,RG,2380,1,D,CC,YB,D
10:07:58,MYOR,RG,2380,2,D,PD,YB,D
10:07:39,MYOR,RG,2380,1,D,YU,YB,D
10:07:38,MYOR,RG,2380,1,D,YU,YB,D
10:07:37,MYOR,RG,2380,1,D,YU,YB,D
10:07:36,MYOR,RG,2380,4,D,YU,YB,D
10:07:36,MYOR,RG,2380,3,D,YU,YB,D
10:07:35,MYOR,RG,2380,20,D,CC,YB,D
10:06:19,MYOR,RG,2380,1,D,YU,YB,D
10:06:18,MYOR,RG,2380,1,D,YU,YB,D
10:06:18,MYOR,RG,2370,5,D,YP,YP,D
10:05:52,MYOR,RG,2380,1,D,YU,YB,D
10:05:52,MYOR,RG,2380,1,D,YU,YB,D
10:05:51,MYOR,RG,2380,3,D,YU,YB,D
10:05:51,MYOR,RG,2380,3,D,YU,YB,D
10:05:51,MYOR,RG,2370,18,D,YP,YP,D
10:04:41,MYOR,RG,2380,1,D,YU,YB,D
10:04:40,MYOR,RG,2380,4,D,YU,YB,D
10:04:40,MYOR,RG,2380,3,D,YU,YB,D
10:04:40,MYOR,RG,2380,21,D,YP,YB,D
10:02:01,MYOR,RG,2380,1,D,YU,YB,D
10:02:00,MYOR,RG,2380,1,D,YU,YB,D
10:01:59,MYOR,RG,2380,1,D,YU,YB,D
10:01:59,MYOR,RG,2380,2,D,YU,YB,D
10:01:59,MYOR,RG,2380,2,D,YU,YB,D
10:01:59,MYOR,RG,2380,15,D,PD,YB,D
10:01:00,MYOR,RG,2380,1,D,YU,YB,D
10:00:59,MYOR,RG,2380,1,D,YU,YB,D
10:00:59,MYOR,RG,2380,2,D,PD,YB,D
9:59:52,MYOR,RG,2380,1,D,YU,YB,D
9:59:51,MYOR,RG,2380,1,D,YU,YB,D
9:59:51,MYOR,RG,2380,1,D,YU,YB,D
9:59:51,MYOR,RG,2380,1,D,YU,YB,D
9:59:51,MYOR,RG,2380,1,D,YU,YB,D
9:59:51,MYOR,RG,2370,2,D,YP,KZ,F
9:59:51,MYOR,RG,2370,7,D,YP,PD,D
9:59:51,MYOR,RG,2370,5,D,YP,KZ,F
9:58:41,MYOR,RG,2370,1,D,YU,KZ,F
9:58:40,MYOR,RG,2370,1,D,YU,KZ,F
9:58:40,MYOR,RG,2370,2,D,YU,KZ,F
9:58:39,MYOR,RG,2370,7,F,ZP,KZ,F
9:58:27,MYOR,RG,2370,1,D,YU,KZ,F
9:58:26,MYOR,RG,2370,1,D,YU,KZ,F
9:58:26,MYOR,RG,2370,3,D,YU,KZ,F
9:58:26,MYOR,RG,2370,2,D,YU,KZ,F
9:58:25,MYOR,RG,2370,2,F,ZP,KZ,F
9:58:25,MYOR,RG,2370,1,F,ZP,KZ,F
9:58:25,MYOR,RG,2370,2,F,ZP,KZ,F
9:58:25,MYOR,RG,2370,13,F,ZP,KZ,F
9:57:51,MYOR,RG,2370,3,D,YU,KZ,F
9:57:51,MYOR,RG,2370,3,D,YU,KZ,F
9:57:50,MYOR,RG,2370,15,D,YP,KZ,F
9:56:51,MYOR,RG,2370,1,D,XL,KZ,F
9:56:27,MYOR,RG,2370,1,D,YU,CC,D
9:56:26,MYOR,RG,2370,1,D,YU,CC,D
9:56:26,MYOR,RG,2370,1,D,YU,CC,D
9:56:26,MYOR,RG,2370,2,D,YU,CC,D
9:56:26,MYOR,RG,2370,4,D,YU,CC,D
9:56:26,MYOR,RG,2370,1,D,YU,CC,D
9:56:26,MYOR,RG,2370,2,D,YU,CC,D
9:56:25,MYOR,RG,2370,1,D,YU,CC,D
9:56:25,MYOR,RG,2370,13,F,ZP,CC,D
9:56:25,MYOR,RG,2370,13,F,ZP,CC,D
9:56:25,MYOR,RG,2370,1,F,ZP,CC,D
9:56:14,MYOR,RG,2380,2,D,YU,YB,D
9:56:14,MYOR,RG,2380,2,D,YU,YB,D
9:56:14,MYOR,RG,2380,11,D,YU,YB,D
9:56:14,MYOR,RG,2380,9,D,YU,YB,D
9:56:13,MYOR,RG,2380,1,D,YU,YB,D
9:56:13,MYOR,RG,2380,1,D,YU,YB,D
9:56:13,MYOR,RG,2380,1,D,YU,YB,D
9:56:13,MYOR,RG,2370,1,F,ZP,BK,F
9:56:13,MYOR,RG,2370,10,D,YP,BK,F
9:56:13,MYOR,RG,2370,10,D,PD,BK,F
9:56:13,MYOR,RG,2370,23,F,ZP,BK,F
9:56:13,MYOR,RG,2370,11,D,GR,BK,F
9:56:13,MYOR,RG,2380,6,D,YU,YB,D
9:56:13,MYOR,RG,2380,8,D,YU,YB,D
9:56:12,MYOR,RG,2380,1,D,YU,YB,D
9:56:12,MYOR,RG,2380,1,D,YU,YB,D
9:56:12,MYOR,RG,2370,14,D,GR,KK,D
9:56:12,MYOR,RG,2370,2,D,PD,KK,D
9:56:12,MYOR,RG,2370,28,F,ZP,KK,D
9:56:12,MYOR,RG,2370,5,F,ZP,KK,D
9:56:12,MYOR,RG,2370,1,F,ZP,KK,D
9:53:01,MYOR,RG,2380,1,D,YU,YB,D
9:53:00,MYOR,RG,2380,1,D,YU,YB,D
9:53:00,MYOR,RG,2380,1,D,YU,YB,D
9:52:47,MYOR,RG,2380,3,D,YU,YB,D
9:52:47,MYOR,RG,2380,2,D,YU,YB,D
9:52:46,MYOR,RG,2380,15,D,YP,YB,D
9:51:01,MYOR,RG,2380,2,D,YU,YB,D
9:51:00,MYOR,RG,2380,8,D,YU,YB,D
9:50:59,MYOR,RG,2380,1,D,XL,YB,D
9:50:00,MYOR,RG,2380,7,D,YU,YB,D
9:49:19,MYOR,RG,2370,1,D,YU,KZ,F
9:49:19,MYOR,RG,2370,22,F,ZP,KZ,F
9:49:19,MYOR,RG,2370,2,F,ZP,KZ,F
9:49:19,MYOR,RG,2370,1,D,YU,KZ,F
9:49:19,MYOR,RG,2370,1,D,YU,KZ,F
9:49:18,MYOR,RG,2370,7,D,YU,BK,F
9:49:18,MYOR,RG,2370,6,D,YU,BK,F
9:49:18,MYOR,RG,2370,1,D,YU,BK,F
9:49:18,MYOR,RG,2370,5,D,YU,BK,F
9:49:18,MYOR,RG,2370,5,D,YU,CC,D
9:49:18,MYOR,RG,2370,8,D,YU,CC,D
9:49:17,MYOR,RG,2370,7,D,XC,CC,D
9:49:17,MYOR,RG,2370,1,D,XC,KZ,F
9:49:17,MYOR,RG,2370,1,D,XC,NI,D
9:49:17,MYOR,RG,2370,35,D,XC,KZ,F
9:49:17,MYOR,RG,2370,56,D,XC,BK,F
9:47:06,MYOR,RG,2370,1,D,YU,BK,F
9:47:05,MYOR,RG,2370,1,D,YU,BK,F
9:47:05,MYOR,RG,2360,2,D,NI,DR,D
9:46:21,MYOR,RG,2370,1,D,YU,BK,F
9:46:21,MYOR,RG,2370,1,D,YU,BK,F
9:46:21,MYOR,RG,2370,1,D,YU,BK,F
9:46:21,MYOR,RG,2370,1,D,YU,NI,D
9:46:21,MYOR,RG,2370,2,D,YU,KZ,F
9:46:20,MYOR,RG,2370,2,D,YU,KZ,F
9:46:20,MYOR,RG,2370,1,D,YU,KZ,F
9:46:20,MYOR,RG,2370,1,D,YU,KZ,F
9:46:20,MYOR,RG,2360,10,D,PD,XC,D
9:46:20,MYOR,RG,2360,2,D,YP,XC,D
9:46:20,MYOR,RG,2360,1,F,ZP,XC,D
9:46:20,MYOR,RG,2360,6,D,XL,XC,D
9:46:20,MYOR,RG,2360,1,F,ZP,XC,D
9:46:12,MYOR,RG,2370,1,D,YP,KZ,F
9:45:52,MYOR,RG,2370,1,D,YP,KZ,F
9:45:41,MYOR,RG,2370,1,D,YP,KZ,F
9:45:32,MYOR,RG,2370,1,D,YU,KZ,F
9:45:32,MYOR,RG,2370,1,D,YP,KZ,F
9:45:23,MYOR,RG,2370,1,D,YP,KZ,F
9:45:17,MYOR,RG,2370,1,D,YU,KZ,F
9:45:17,MYOR,RG,2370,1,D,XC,KZ,F
9:45:16,MYOR,RG,2370,1,F,ZP,KZ,F
9:45:09,MYOR,RG,2370,1,D,YU,KZ,F
9:45:09,MYOR,RG,2370,1,D,YP,KZ,F
9:44:48,MYOR,RG,2370,1,D,YP,KZ,F
9:44:30,MYOR,RG,2370,2,F,ZP,KZ,F
9:42:44,MYOR,RG,2370,1,D,YU,KZ,F
9:42:43,MYOR,RG,2370,1,D,YU,KZ,F
9:42:42,MYOR,RG,2370,1,D,YU,PD,D
9:42:42,MYOR,RG,2370,1,D,YU,KZ,F
9:42:42,MYOR,RG,2370,2,D,YU,KZ,F
9:42:42,MYOR,RG,2370,1,D,YU,KZ,F
9:42:42,MYOR,RG,2370,1,D,YU,KZ,F
9:42:41,MYOR,RG,2370,1,D,YU,KZ,F
9:42:41,MYOR,RG,2370,6,D,YU,KZ,F
9:42:41,MYOR,RG,2370,3,D,YU,XC,D
9:42:41,MYOR,RG,2370,7,D,YU,XC,D
9:42:41,MYOR,RG,2370,5,D,YU,KK,D
9:42:41,MYOR,RG,2370,8,D,PD,KK,D
9:42:41,MYOR,RG,2370,1,D,PD,XC,D
9:42:41,MYOR,RG,2370,61,D,PD,BK,F
9:39:12,MYOR,RG,2370,1,D,YU,KZ,F
9:39:11,MYOR,RG,2370,1,D,YU,KZ,F
9:39:10,MYOR,RG,2370,4,D,XC,KZ,F
9:38:47,MYOR,RG,2370,1,F,NI,KZ,F
9:38:32,MYOR,RG,2370,1,D,YU,KZ,F
9:38:31,MYOR,RG,2370,1,D,YU,KZ,F
9:38:30,MYOR,RG,2360,2,D,XC,DR,D
9:37:09,MYOR,RG,2370,1,D,YU,BK,F
9:37:08,MYOR,RG,2370,1,D,YU,BK,F
9:37:08,MYOR,RG,2370,1,D,YU,BK,F
9:37:08,MYOR,RG,2370,6,D,YU,BK,F
9:37:07,MYOR,RG,2370,6,D,YU,BK,F
9:37:07,MYOR,RG,2370,1,D,YU,BK,F
9:37:07,MYOR,RG,2370,1,D,YU,BK,F
9:37:07,MYOR,RG,2370,1,D,YU,BK,F
9:37:07,MYOR,RG,2370,37,D,YU,BK,F
9:37:07,MYOR,RG,2370,11,D,YU,BK,F
9:37:07,MYOR,RG,2370,2,D,YU,KZ,F
9:37:07,MYOR,RG,2370,1,D,YU,KZ,F
9:37:07,MYOR,RG,2370,4,D,YU,PD,D
9:37:07,MYOR,RG,2370,1,D,YU,KZ,F
9:37:07,MYOR,RG,2370,2,D,YU,SQ,D
9:37:07,MYOR,RG,2370,7,D,YU,KZ,F
9:37:07,MYOR,RG,2370,3,F,ZP,KZ,F
9:37:06,MYOR,RG,2370,1,D,YU,KZ,F
9:37:06,MYOR,RG,2370,1,D,YU,KZ,F
9:37:06,MYOR,RG,2370,1,D,YU,KZ,F
9:37:06,MYOR,RG,2370,14,D,YP,KZ,F
9:37:06,MYOR,RG,2370,50,D,YP,XC,D
9:37:06,MYOR,RG,2370,31,D,YP,GR,D
9:37:06,MYOR,RG,2370,1,D,YP,XC,D
9:37:06,MYOR,RG,2370,10,D,YP,KZ,F
9:37:06,MYOR,RG,2370,5,D,YP,XC,D
9:37:06,MYOR,RG,2370,2,D,YP,KZ,F
9:37:06,MYOR,RG,2370,18,D,YP,KZ,F
9:37:06,MYOR,RG,2370,61,D,YP,BK,F
9:37:06,MYOR,RG,2370,5,D,YP,XC,D
9:37:06,MYOR,RG,2370,3,D,YP,PD,D
9:36:27,MYOR,RG,2370,1,D,YU,PD,D
9:36:26,MYOR,RG,2370,1,D,YU,NI,D
9:36:26,MYOR,RG,2360,4,D,XC,PD,D
9:32:22,MYOR,RG,2370,1,D,YP,NI,D
9:31:46,MYOR,RG,2370,1,D,YU,NI,D
9:31:45,MYOR,RG,2370,1,D,YU,NI,D
9:31:45,MYOR,RG,2370,2,D,CP,NI,D
9:31:45,MYOR,RG,2370,3,D,CP,XA,D
9:30:25,MYOR,RG,2370,1,D,YU,XC,D
9:30:24,MYOR,RG,2370,1,D,YU,XC,D
9:30:23,MYOR,RG,2370,1,D,YU,XC,D
9:30:23,MYOR,RG,2370,1,D,YU,YP,D
9:30:23,MYOR,RG,2370,2,D,YU,YP,D
9:30:23,MYOR,RG,2370,1,D,YU,CC,D
9:30:22,MYOR,RG,2360,2,D,XC,KZ,F
9:30:22,MYOR,RG,2360,6,D,XC,PD,D
9:30:22,MYOR,RG,2360,8,D,XC,KZ,F
9:30:00,MYOR,RG,2360,1,D,PD,KZ,F
9:29:41,MYOR,RG,2360,1,D,YU,KZ,F
9:29:40,MYOR,RG,2360,1,D,YU,KZ,F
9:29:39,MYOR,RG,2360,1,D,YU,KZ,F
9:29:39,MYOR,RG,2360,1,D,YU,KZ,F
9:29:39,MYOR,RG,2360,1,D,YU,KZ,F
9:29:38,MYOR,RG,2360,1,D,YP,KZ,F
9:29:38,MYOR,RG,2360,3,D,YU,KZ,F
9:29:38,MYOR,RG,2360,7,D,YU,KZ,F
9:29:38,MYOR,RG,2360,1,D,YU,KZ,F
9:29:38,MYOR,RG,2360,2,D,YU,KZ,F
9:29:38,MYOR,RG,2360,1,D,YU,KZ,F
9:29:37,MYOR,RG,2360,7,D,CC,KZ,F
9:29:37,MYOR,RG,2360,10,D,CC,PD,D
9:29:37,MYOR,RG,2360,2,D,CC,XL,D
9:29:37,MYOR,RG,2360,2,D,CC,PD,D
9:29:37,MYOR,RG,2360,2,D,CC,XC,D
9:29:37,MYOR,RG,2360,1,D,CC,XC,D
9:29:37,MYOR,RG,2360,1,D,CC,NI,D
9:29:37,MYOR,RG,2360,11,D,CC,PD,D
9:29:37,MYOR,RG,2360,2,D,CC,NI,D
9:29:37,MYOR,RG,2360,2,D,CC,XC,D
9:29:27,MYOR,RG,2360,1,D,KK,XC,D
9:29:20,MYOR,RG,2360,1,D,XC,XC,D
9:29:19,MYOR,RG,2360,1,D,YU,XC,D
9:29:18,MYOR,RG,2360,1,D,XC,XC,D
9:27:06,MYOR,RG,2360,1,D,YU,XC,D
9:27:05,MYOR,RG,2360,1,D,DH,XC,D
9:26:59,MYOR,RG,2360,2,D,XC,XC,D
9:26:09,MYOR,RG,2360,1,D,YU,XC,D
9:26:09,MYOR,RG,2360,1,D,YU,XC,D
9:26:08,MYOR,RG,2360,1,D,KK,PD,D
9:26:08,MYOR,RG,2360,2,D,KK,KZ,F
9:21:59,MYOR,RG,2360,1,D,YU,KZ,F
9:21:59,MYOR,RG,2360,1,D,YU,KZ,F
9:21:58,MYOR,RG,2350,5,D,OD,YP,D
9:21:52,MYOR,RG,2360,1,D,YU,KZ,F
9:21:51,MYOR,RG,2350,4,D,OD,XC,D
9:21:21,MYOR,RG,2360,1,D,YU,KZ,F
9:21:20,MYOR,RG,2360,1,D,XC,KZ,F
9:20:07,MYOR,RG,2360,1,D,YU,KZ,F
9:20:07,MYOR,RG,2360,1,D,YU,PD,D
9:20:07,MYOR,RG,2360,1,D,YU,PD,D
9:20:06,MYOR,RG,2360,1,D,YU,PD,D
9:20:06,MYOR,RG,2360,1,D,YU,PD,D
9:20:05,MYOR,RG,2360,7,D,YU,PD,D
9:20:05,MYOR,RG,2360,6,D,YU,PD,D
9:20:05,MYOR,RG,2360,1,D,YU,PD,D
9:20:05,MYOR,RG,2360,2,D,YU,PD,D
9:20:05,MYOR,RG,2360,2,D,YU,YP,D
9:20:04,MYOR,RG,2360,1,D,YU,YP,D
9:20:04,MYOR,RG,2360,8,D,YU,KZ,F
9:20:04,MYOR,RG,2360,18,D,YU,KK,D
9:20:04,MYOR,RG,2360,2,D,YU,KK,D
9:20:04,MYOR,RG,2360,10,D,YU,KK,D
9:20:04,MYOR,RG,2360,1,D,YU,GR,D
9:20:04,MYOR,RG,2360,1,D,YU,KZ,F
9:20:04,MYOR,RG,2360,22,D,YU,KZ,F
9:20:04,MYOR,RG,2360,20,D,YP,KZ,F
9:20:04,MYOR,RG,2360,180,D,YP,AK,F
9:19:49,MYOR,RG,2360,1,D,YU,AK,F
9:19:49,MYOR,RG,2360,1,D,YU,AK,F
9:19:49,MYOR,RG,2350,5,D,OD,DR,D
9:18:57,MYOR,RG,2360,1,D,YU,AK,F
9:18:56,MYOR,RG,2360,3,D,YU,AK,F
9:18:56,MYOR,RG,2360,3,D,YU,AK,F
9:18:56,MYOR,RG,2350,20,D,OD,NI,D
9:18:24,MYOR,RG,2360,1,D,YU,AK,F
9:18:23,MYOR,RG,2360,1,D,YU,AK,F
9:18:23,MYOR,RG,2360,1,D,XL,AK,F
9:17:50,MYOR,RG,2360,1,D,YU,AK,F
9:17:50,MYOR,RG,2360,2,D,YU,AK,F
9:17:50,MYOR,RG,2360,1,D,YU,AK,F
9:17:50,MYOR,RG,2360,10,D,XC,AK,F
9:17:49,MYOR,RG,2360,1,D,XC,AK,F
9:17:49,MYOR,RG,2360,1,D,YU,AK,F
9:17:48,MYOR,RG,2360,1,D,YU,AK,F
9:17:48,MYOR,RG,2360,2,D,YU,AK,F
9:17:48,MYOR,RG,2360,2,D,YU,AK,F
9:17:47,MYOR,RG,2360,10,D,YP,AK,F
9:17:47,MYOR,RG,2360,2,D,PD,AK,F
9:17:20,MYOR,RG,2360,1,D,YP,AK,F
9:16:48,MYOR,RG,2360,1,D,YU,AK,F
9:16:48,MYOR,RG,2360,1,D,YU,AK,F
9:16:47,MYOR,RG,2360,2,D,YU,AK,F
9:16:47,MYOR,RG,2360,2,D,YU,AK,F
9:16:47,MYOR,RG,2360,2,D,YU,AK,F
9:16:47,MYOR,RG,2360,1,D,YU,AK,F
9:16:46,MYOR,RG,2360,12,D,XC,AK,F
9:16:46,MYOR,RG,2360,8,D,XC,KZ,F
9:16:46,MYOR,RG,2360,2,D,YU,KZ,F
9:16:46,MYOR,RG,2360,1,D,YU,KZ,F
9:16:45,MYOR,RG,2360,8,D,PD,KZ,F
9:16:34,MYOR,RG,2360,1,D,YU,KZ,F
9:16:33,MYOR,RG,2360,1,D,YU,KZ,F
9:16:33,MYOR,RG,2360,2,D,YU,KZ,F
9:16:32,MYOR,RG,2350,10,D,OD,CC,D
9:15:54,MYOR,RG,2360,2,D,YU,KZ,F
9:15:54,MYOR,RG,2360,2,D,YU,KZ,F
9:15:54,MYOR,RG,2360,10,D,NI,KZ,F
9:15:22,MYOR,RG,2360,2,D,XC,KZ,F
9:15:22,MYOR,RG,2360,1,D,YU,KZ,F
9:15:21,MYOR,RG,2360,1,D,YU,KZ,F
9:15:20,MYOR,RG,2360,2,D,YU,KZ,F
9:15:20,MYOR,RG,2360,1,D,YU,KZ,F
9:15:19,MYOR,RG,2350,10,D,OD,AZ,D
9:14:56,MYOR,RG,2360,1,D,YU,KZ,F
9:14:55,MYOR,RG,2360,1,D,YU,KZ,F
9:14:55,MYOR,RG,2360,2,D,YU,KZ,F
9:14:55,MYOR,RG,2360,1,D,YU,KZ,F
9:14:54,MYOR,RG,2360,8,D,CC,KZ,F
9:14:01,MYOR,RG,2350,1,D,OD,XC,D
9:13:47,MYOR,RG,2360,1,D,YU,KZ,F
9:13:47,MYOR,RG,2360,1,D,YU,KZ,F
9:13:46,MYOR,RG,2360,5,D,XC,KZ,F
9:13:29,MYOR,RG,2360,1,D,XC,KZ,F
9:13:24,MYOR,RG,2360,1,D,YU,KZ,F
9:13:23,MYOR,RG,2360,1,D,YU,KZ,F
9:13:22,MYOR,RG,2360,2,D,YU,KZ,F
9:13:22,MYOR,RG,2360,3,D,YU,KZ,F
9:13:21,MYOR,RG,2360,15,D,SQ,KZ,F
9:13:15,MYOR,RG,2360,1,D,YU,KZ,F
9:13:15,MYOR,RG,2360,1,D,YU,KZ,F
9:13:14,MYOR,RG,2360,4,D,KK,KZ,F
9:13:14,MYOR,RG,2360,1,D,KK,XC,D
9:12:41,MYOR,RG,2360,1,D,XC,XC,D
9:12:32,MYOR,RG,2360,1,D,YU,XC,D
9:12:32,MYOR,RG,2360,1,D,XC,XC,D
9:12:31,MYOR,RG,2360,1,D,YU,XC,D
9:12:31,MYOR,RG,2360,1,D,YU,XC,D
9:12:31,MYOR,RG,2360,2,D,YU,XC,D
9:12:30,MYOR,RG,2360,1,D,YU,XC,D
9:12:30,MYOR,RG,2360,1,D,YU,XC,D
9:12:29,MYOR,RG,2360,1,D,YP,XC,D
9:12:29,MYOR,RG,2360,1,D,KK,XC,D
9:12:29,MYOR,RG,2360,8,D,DH,XC,D
9:12:29,MYOR,RG,2360,1,D,XC,XC,D
9:12:29,MYOR,RG,2360,2,D,XC,XC,D
9:12:29,MYOR,RG,2360,3,D,KK,XC,D
9:11:17,MYOR,RG,2370,1,D,YU,AK,F
9:11:17,MYOR,RG,2370,1,D,YU,AK,F
9:11:17,MYOR,RG,2370,6,D,XC,AK,F
9:10:18,MYOR,RG,2370,1,D,CC,AK,F
9:10:02,MYOR,RG,2370,1,D,YU,AK,F
9:10:01,MYOR,RG,2370,1,D,YU,AK,F
9:10:00,MYOR,RG,2370,3,D,YU,AK,F
9:09:37,MYOR,RG,2370,1,D,YU,AK,F
9:09:37,MYOR,RG,2370,1,D,YU,AK,F
9:09:36,MYOR,RG,2370,5,D,KK,AK,F
9:09:29,MYOR,RG,2370,1,D,YU,AK,F
9:09:28,MYOR,RG,2370,1,D,YU,AK,F
9:09:28,MYOR,RG,2370,1,D,YU,AK,F
9:09:27,MYOR,RG,2360,9,D,KK,PD,D
9:08:54,MYOR,RG,2370,1,D,YU,AK,F
9:08:54,MYOR,RG,2370,1,D,YU,AK,F
9:08:53,MYOR,RG,2370,1,D,XC,XC,D
9:08:18,MYOR,RG,2370,1,D,YU,XC,D
9:08:18,MYOR,RG,2370,1,D,YU,XC,D
9:08:18,MYOR,RG,2370,1,D,YU,XC,D
9:08:17,MYOR,RG,2360,8,D,KK,LG,D
9:08:17,MYOR,RG,2360,1,D,KK,LG,D
9:07:00,MYOR,RG,2370,1,D,YU,XC,D
9:07:00,MYOR,RG,2370,1,D,YU,XC,D
9:06:39,MYOR,RG,2360,3,D,KK,XC,D
9:06:29,MYOR,RG,2360,1,D,KK,KZ,F
9:06:00,MYOR,RG,2360,2,D,YU,KZ,F
9:05:53,MYOR,RG,2360,2,D,YU,KZ,F
9:05:52,MYOR,RG,2360,10,D,SQ,KZ,F
9:05:12,MYOR,RG,2360,4,D,YU,KZ,F
9:05:12,MYOR,RG,2360,3,D,YU,KZ,F
9:05:12,MYOR,RG,2360,20,D,PD,KZ,F
9:05:01,MYOR,RG,2360,1,D,YU,AK,F
9:05:00,MYOR,RG,2360,4,D,YU,AK,F
9:05:00,MYOR,RG,2360,18,D,YU,AK,F
9:04:03,MYOR,RG,2350,1,D,OD,XC,D
9:04:00,MYOR,RG,2360,12,D,YU,AK,F
9:04:00,MYOR,RG,2360,20,D,YU,PD,D
9:03:38,MYOR,RG,2350,3,D,OD,XC,D
9:03:29,MYOR,RG,2360,4,D,YU,PD,D
9:03:29,MYOR,RG,2350,33,D,OD,YP,D
9:03:18,MYOR,RG,2360,1,D,YU,PD,D
9:03:18,MYOR,RG,2360,1,D,YU,PD,D
9:03:17,MYOR,RG,2360,1,D,YU,PD,D
9:03:17,MYOR,RG,2360,1,D,YU,PD,D
9:03:17,MYOR,RG,2360,1,D,YU,PD,D
9:03:17,MYOR,RG,2360,1,D,YU,PD,D
9:03:16,MYOR,RG,2350,4,D,OD,YP,D
9:03:16,MYOR,RG,2350,10,D,CC,YP,D
9:03:16,MYOR,RG,2350,5,D,TP,YP,D
9:02:52,MYOR,RG,2360,1,D,YU,YP,D
9:02:52,MYOR,RG,2360,1,D,YU,YP,D
9:02:52,MYOR,RG,2360,1,D,YU,YP,D
9:02:52,MYOR,RG,2360,1,D,YU,YP,D
9:02:51,MYOR,RG,2360,1,D,YP,YP,D
9:02:51,MYOR,RG,2360,1,D,PD,YP,D
9:02:51,MYOR,RG,2360,10,D,PD,YP,D
9:02:51,MYOR,RG,2360,2,D,PD,YP,D
9:02:51,MYOR,RG,2360,3,D,XC,YP,D
9:02:33,MYOR,RG,2370,1,D,YP,XC,D
9:02:33,MYOR,RG,2370,1,D,YP,XC,D
9:02:30,MYOR,RG,2380,1,D,YU,YB,D
9:02:30,MYOR,RG,2380,1,D,YU,YB,D
9:02:30,MYOR,RG,2370,4,D,YB,XC,D
9:02:30,MYOR,RG,2370,8,D,PD,XC,D
9:01:02,MYOR,RG,2380,1,D,YU,YB,D
9:01:02,MYOR,RG,2380,1,D,YU,YB,D
9:01:01,MYOR,RG,2380,2,D,YU,YB,D
9:01:01,MYOR,RG,2380,2,D,YU,YB,D
9:01:00,MYOR,RG,2380,23,D,YU,YB,D
9:01:00,MYOR,RG,2380,23,D,YU,YB,D
9:00:56,MYOR,RG,2370,2,D,PD,KZ,F
9:00:56,MYOR,RG,2370,1,D,XC,KZ,F
9:00:56,MYOR,RG,2370,4,D,CC,KZ,F
9:00:56,MYOR,RG,2370,2,D,PD,KZ,F
9:00:56,MYOR,RG,2370,43,D,EP,KZ,F
9:00:53,MYOR,RG,2370,10,D,EP,YP,D
9:00:50,MYOR,RG,2380,2,D,YU,YB,D
9:00:50,MYOR,RG,2380,2,D,YU,YB,D
9:00:50,MYOR,RG,2380,2,D,YU,YB,D
9:00:37,MYOR,RG,2370,30,D,EP,YP,D
9:00:37,MYOR,RG,2370,1,D,XC,YP,D
9:00:37,MYOR,RG,2370,5,D,XC,YP,D
9:00:37,MYOR,RG,2370,5,D,EP,YP,D
9:00:37,MYOR,RG,2370,1,D,EP,YP,D
9:00:37,MYOR,RG,2390,8,D,CC,YP,D
9:00:27,MYOR,RG,2390,5,D,CC,KZ,F
9:00:14,MYOR,RG,2390,4,D,CC,PD,D
9:00:13,MYOR,RG,2390,25,D,CC,XC,D
9:00:13,MYOR,RG,2390,2,D,CC,XC,D
9:00:13,MYOR,RG,2390,50,D,CC,SQ,D
9:00:13,MYOR,RG,2380,1,D,CC,CC,D
9:00:13,MYOR,RG,2380,4,D,CC,PD,D
9:00:13,MYOR,RG,2380,1,D,CC,XL,D
9:00:13,MYOR,RG,2370,1,D,EP,CC,D
9:00:09,MYOR,RG,2370,1,D,EP,PD,D
9:00:09,MYOR,RG,2370,1,D,EP,PD,D
9:00:09,MYOR,RG,2370,1,D,EP,PD,D
9:00:08,MYOR,RG,2380,1,D,PD,XL,D
9:00:08,MYOR,RG,2370,3,D,EP,PD,D
9:00:08,MYOR,RG,2370,2,D,EP,LG,D
9:00:07,MYOR,RG,2370,1,D,EP,PD,D
9:00:05,MYOR,RG,2370,4,D,EP,XL,D
9:00:05,MYOR,RG,2370,1,D,KK,XL,D
9:00:04,MYOR,RG,2370,1,D,KK,PD,D
9:00:04,MYOR,RG,2370,1,D,KK,XC,D
9:00:03,MYOR,RG,2370,1,D,KK,XC,D