Time,Stock,Brd,Price,Qty,BT,BC,SC,ST
15:13:42,MYOR,RG,2440,25,D,IF,DX,D
15:12:36,MYOR,RG,2440,5,D,YP,DX,D
15:12:36,MYOR,RG,2440,1,D,YP,PD,D
15:12:36,MYOR,RG,2440,36,D,YP,CC,D
15:12:06,MYOR,RG,2440,2,D,XC,CC,D
15:11:32,MYOR,RG,2440,5,D,CC,CC,D
15:10:52,MYOR,RG,2440,9,D,CC,CC,D
15:10:44,MYOR,RG,2440,21,D,CC,CC,D
15:10:43,MYOR,RG,2440,10,D,PD,CC,D
15:10:25,MYOR,RG,2440,2,D,YP,CC,D
15:10:25,MYOR,RG,2440,1,D,YP,PD,D
15:10:25,MYOR,RG,2440,5,D,YP,PD,D
15:08:40,MYOR,RG,2440,1,D,KK,XC,D
15:08:09,MYOR,RG,2440,1,D,XC,XC,D
15:07:13,MYOR,RG,2440,6,D,PD,XC,D
15:07:08,MYOR,RG,2440,1,D,YB,XC,D
15:07:08,MYOR,RG,2440,3,D,YB,YP,D
15:05:03,MYOR,RG,2440,1,D,YP,YP,D
15:05:03,MYOR,RG,2440,2,D,YP,YP,D
15:05:03,MYOR,RG,2440,12,D,YP,YP,D
15:05:03,MYOR,RG,2440,1,D,YP,NI,D
15:05:03,MYOR,RG,2440,1,D,YP,TP,D
15:05:03,MYOR,RG,2440,3,D,YP,NI,D
15:05:03,MYOR,RG,2440,1,D,YP,PD,D
15:05:03,MYOR,RG,2440,3,D,YP,XC,D
15:05:01,MYOR,RG,2440,1,D,KK,XC,D
15:05:01,MYOR,RG,2440,1,D,PD,TF,D
15:05:01,MYOR,RG,2440,4,D,PD,DH,D
15:05:00,MYOR,RG,2440,2,D,PD,DH,D
15:00:00,MYOR,RG,2440,1,D,YP,DH,D
15:00:00,MYOR,RG,2440,18,F,ZP,DH,D
15:00:00,MYOR,RG,2440,10,F,ZP,YP,D
15:00:00,MYOR,RG,2440,3,F,ZP,XC,D
15:00:00,MYOR,RG,2440,15,F,ZP,CC,D
15:00:00,MYOR,RG,2440,1,F,ZP,XC,D
15:00:00,MYOR,RG,2440,20,F,ZP,SQ,D
15:00:00,MYOR,RG,2440,2,F,ZP,OD,F
15:00:00,MYOR,RG,2440,2,F,ZP,PD,D
15:00:00,MYOR,RG,2440,33,F,ZP,XC,D
15:00:00,MYOR,RG,2440,122,F,ZP,XC,D
15:00:00,MYOR,RG,2440,20,F,ZP,YP,D
15:00:00,MYOR,RG,2440,20,F,ZP,CC,D
15:00:00,MYOR,RG,2440,1,F,ZP,PD,D
15:00:00,MYOR,RG,2440,8,F,ZP,YP,D
15:00:00,MYOR,RG,2440,1,F,ZP,NI,D
15:00:00,MYOR,RG,2440,5,F,ZP,YP,D
15:00:00,MYOR,RG,2440,99,F,ZP,CC,D
15:00:00,MYOR,RG,2440,100,F,ZP,GR,D
15:00:00,MYOR,RG,2440,1,F,ZP,PD,D
15:00:00,MYOR,RG,2440,110,F,ZP,YP,D
15:00:00,MYOR,RG,2440,2,F,ZP,PD,D
15:00:00,MYOR,RG,2440,1,F,ZP,YP,D
15:00:00,MYOR,RG,2440,5,F,ZP,AZ,D
15:00:00,MYOR,RG,2440,10,F,ZP,CC,D
15:00:00,MYOR,RG,2440,2,F,ZP,LG,D
15:00:00,MYOR,RG,2440,10,F,ZP,NI,D
15:00:00,MYOR,RG,2440,1,F,ZP,PD,D
15:00:00,MYOR,RG,2440,10,F,ZP,CC,D
15:00:00,MYOR,RG,2440,10,F,ZP,XL,D
15:00:00,MYOR,RG,2440,1,F,ZP,XC,D
15:00:00,MYOR,RG,2440,100,F,ZP,AT,D
15:00:00,MYOR,RG,2440,100,F,ZP,OD,D
15:00:00,MYOR,RG,2440,10,F,ZP,PD,D
15:00:00,MYOR,RG,2440,2,F,ZP,PD,D
15:00:00,MYOR,RG,2440,10,F,ZP,PD,D
15:00:00,MYOR,RG,2440,25,F,ZP,PD,D
15:00:00,MYOR,RG,2440,190,F,ZP,XC,D
15:00:00,MYOR,RG,2440,20,F,ZP,YU,D
15:00:00,MYOR,RG,2440,2,F,ZP,KK,D
15:00:00,MYOR,RG,2440,125,F,ZP,ZP,D
15:00:00,MYOR,RG,2440,25,F,ZP,PD,D
15:00:00,MYOR,RG,2440,24,F,ZP,DR,D
15:00:00,MYOR,RG,2440,34,F,ZP,PD,D
15:00:00,MYOR,RG,2440,1,F,ZP,PD,D
14:49:58,MYOR,RG,2430,11,F,ZP,XC,D
14:49:54,MYOR,RG,2430,2,F,ZP,YP,D
14:49:54,MYOR,RG,2430,8,F,ZP,PD,D
14:49:54,MYOR,RG,2430,5,F,ZP,NI,D
14:49:54,MYOR,RG,2430,15,F,ZP,EP,D
14:49:54,MYOR,RG,2430,4,F,ZP,AZ,D
14:49:54,MYOR,RG,2430,5,F,ZP,GR,D
14:49:54,MYOR,RG,2430,1,F,ZP,XC,D
14:49:54,MYOR,RG,2430,1,F,ZP,CC,D
14:49:54,MYOR,RG,2430,6,F,ZP,XC,D
14:49:54,MYOR,RG,2430,23,F,ZP,CC,D
14:49:45,MYOR,RG,2430,450,F,ZP,CC,D
14:49:42,MYOR,RG,2430,19,F,ZP,CC,D
14:49:37,MYOR,RG,2420,47,F,ZP,ZP,D
14:49:37,MYOR,RG,2420,78,F,AI,ZP,D
14:49:33,MYOR,RG,2430,8,D,CC,CC,D
14:49:33,MYOR,RG,2430,72,D,CC,IP,D
14:49:33,MYOR,RG,2430,10,D,CC,NI,D
14:49:33,MYOR,RG,2430,113,D,CC,IP,D
14:49:33,MYOR,RG,2430,5,D,CC,IP,D
14:49:33,MYOR,RG,2430,18,D,CC,IP,D
14:49:33,MYOR,RG,2430,1,D,CC,KK,D
14:49:33,MYOR,RG,2430,10,D,CC,XC,D
14:49:33,MYOR,RG,2430,1,D,CC,PD,D
14:49:33,MYOR,RG,2430,10,D,CC,GR,D
14:49:33,MYOR,RG,2430,1,D,CC,EP,D
14:49:33,MYOR,RG,2430,1,D,CC,TF,D
14:49:33,MYOR,RG,2430,5,D,CC,LG,D
14:49:33,MYOR,RG,2430,50,D,CC,PD,D
14:49:33,MYOR,RG,2430,3,D,CC,SQ,D
14:49:33,MYOR,RG,2430,1,D,CC,PD,D
14:49:30,MYOR,RG,2430,1,F,ZP,PD,D
14:49:30,MYOR,RG,2430,6,F,ZP,CC,D
14:49:25,MYOR,RG,2430,7,F,ZP,CC,D
14:48:41,MYOR,RG,2430,2,D,PD,CC,D
14:47:19,MYOR,RG,2420,7,F,AI,PD,D
14:47:05,MYOR,RG,2430,1,D,PD,CC,D
14:45:53,MYOR,RG,2430,1,D,XC,CC,D
14:45:31,MYOR,RG,2420,1,F,AI,PD,D
14:45:26,MYOR,RG,2430,12,F,ZP,CC,D
14:45:20,MYOR,RG,2430,14,F,ZP,CC,D
14:45:07,MYOR,RG,2420,5,F,AI,CC,D
14:44:55,MYOR,RG,2420,8,F,AI,OD,D
14:44:29,MYOR,RG,2420,14,F,AI,OD,D
14:44:24,MYOR,RG,2430,15,D,AT,CC,D
14:43:58,MYOR,RG,2430,17,F,ZP,CC,D
14:43:58,MYOR,RG,2420,30,F,AI,EP,D
14:43:49,MYOR,RG,2420,5,F,AI,KK,D
14:43:42,MYOR,RG,2430,4,D,CC,CC,D
14:43:41,MYOR,RG,2420,62,F,AI,YP,D
14:43:41,MYOR,RG,2420,5,D,CC,YP,D
14:43:41,MYOR,RG,2420,3,D,PD,YP,D
14:43:41,MYOR,RG,2420,1,D,XC,YP,D
14:43:41,MYOR,RG,2420,12,D,NI,YP,D
14:43:29,MYOR,RG,2420,16,D,NI,OD,D
14:42:54,MYOR,RG,2420,1,D,NI,XC,D
14:42:29,MYOR,RG,2430,10,F,ZP,CC,D
14:42:28,MYOR,RG,2420,18,D,NI,OD,D
14:42:02,MYOR,RG,2420,2,D,NI,XC,D
14:41:30,MYOR,RG,2420,12,D,NI,OD,D
14:41:20,MYOR,RG,2420,3,D,NI,XL,D
14:40:32,MYOR,RG,2420,15,D,NI,OD,D
14:40:29,MYOR,RG,2420,10,D,NI,CC,D
14:40:23,MYOR,RG,2430,1,F,ZP,CC,D
14:40:13,MYOR,RG,2430,9,F,ZP,CC,D
14:40:13,MYOR,RG,2430,3,F,ZP,YP,D
14:39:32,MYOR,RG,2420,17,D,NI,OD,D
14:38:30,MYOR,RG,2420,16,D,NI,OD,D
14:37:28,MYOR,RG,2420,1,D,NI,OD,D
14:37:28,MYOR,RG,2420,3,D,KK,OD,D
14:37:28,MYOR,RG,2420,10,D,PD,OD,D
14:36:38,MYOR,RG,2430,1,D,CC,YP,D
14:36:30,MYOR,RG,2420,10,D,PD,OD,D
14:36:30,MYOR,RG,2420,8,F,ZP,OD,D
14:36:28,MYOR,RG,2420,8,F,ZP,XC,D
14:35:30,MYOR,RG,2420,15,F,ZP,OD,D
14:35:22,MYOR,RG,2420,20,F,ZP,YP,D
14:34:30,MYOR,RG,2420,4,F,ZP,OD,D
14:34:30,MYOR,RG,2420,9,F,ZP,OD,D
14:34:30,MYOR,RG,2420,4,F,AI,OD,D
14:33:32,MYOR,RG,2430,1,F,ZP,YP,D
14:33:32,MYOR,RG,2430,14,F,ZP,CC,D
14:33:30,MYOR,RG,2420,13,F,AI,OD,D
14:33:08,MYOR,RG,2420,3,F,AI,XL,D
14:32:35,MYOR,RG,2430,10,D,XC,CC,D
14:32:30,MYOR,RG,2420,16,F,AI,OD,D
14:31:58,MYOR,RG,2420,10,F,AI,OD,D
14:31:39,MYOR,RG,2430,15,F,ZP,CC,D
14:31:39,MYOR,RG,2430,32,F,ZP,CC,D
14:31:30,MYOR,RG,2420,15,F,AI,OD,D
14:30:33,MYOR,RG,2430,1,D,PD,CC,D
14:30:33,MYOR,RG,2430,21,F,ZP,CC,D
14:30:32,MYOR,RG,2420,2,F,AI,NI,D
14:30:32,MYOR,RG,2420,17,F,AI,OD,D
14:30:32,MYOR,RG,2420,30,F,AI,XC,D
14:30:32,MYOR,RG,2420,31,F,AI,CC,D
14:30:32,MYOR,RG,2420,51,F,AI,DH,D
14:30:32,MYOR,RG,2420,1,F,AI,XC,D
14:30:32,MYOR,RG,2420,17,F,AI,CC,D
14:30:23,MYOR,RG,2420,23,F,ZP,CC,D
14:29:33,MYOR,RG,2410,16,F,ZP,OD,D
14:29:29,MYOR,RG,2420,12,F,ZP,CC,D
14:29:28,MYOR,RG,2420,126,F,AI,CC,D
14:29:10,MYOR,RG,2420,10,D,EP,CC,D
14:28:47,MYOR,RG,2420,1,D,PD,CC,D
14:28:32,MYOR,RG,2420,28,F,ZP,CC,D
14:28:31,MYOR,RG,2420,23,F,ZP,CC,D
14:28:31,MYOR,RG,2410,18,F,ZP,OD,D
14:28:06,MYOR,RG,2420,100,D,SQ,CC,D
14:27:32,MYOR,RG,2410,9,F,ZP,YP,D
14:27:31,MYOR,RG,2410,15,F,ZP,OD,D
14:27:28,MYOR,RG,2420,28,F,ZP,CC,D
14:26:29,MYOR,RG,2410,15,F,ZP,OD,D
14:26:00,MYOR,RG,2420,20,F,AI,CC,D
14:26:00,MYOR,RG,2420,3,F,AI,NI,D
14:26:00,MYOR,RG,2420,103,F,AI,CC,D
14:25:52,MYOR,RG,2410,20,F,ZP,CC,D
14:25:29,MYOR,RG,2410,14,F,ZP,OD,D
14:25:28,MYOR,RG,2420,8,F,ZP,CC,D
14:25:24,MYOR,RG,2420,4,F,ZP,XC,D
14:24:31,MYOR,RG,2410,17,F,ZP,OD,D
14:24:25,MYOR,RG,2420,6,F,ZP,XC,D
14:24:25,MYOR,RG,2420,1,F,ZP,NI,D
14:24:25,MYOR,RG,2420,2,F,ZP,YP,D
14:24:25,MYOR,RG,2420,5,F,ZP,XC,D
14:24:22,MYOR,RG,2410,20,F,ZP,YP,D
14:23:33,MYOR,RG,2410,15,F,ZP,OD,D
14:22:47,MYOR,RG,2420,1,F,ZP,SQ,D
14:22:47,MYOR,RG,2420,24,F,ZP,NI,D
14:22:33,MYOR,RG,2410,16,F,ZP,OD,D
14:22:12,MYOR,RG,2420,3,F,ZP,NI,D
14:22:12,MYOR,RG,2420,8,F,ZP,SQ,D
14:22:12,MYOR,RG,2420,3,F,ZP,XC,D
14:22:06,MYOR,RG,2410,34,F,ZP,HP,D
14:21:31,MYOR,RG,2410,14,F,ZP,OD,D
14:20:29,MYOR,RG,2410,16,F,ZP,OD,D
14:20:19,MYOR,RG,2420,2,F,ZP,XC,D
14:20:19,MYOR,RG,2420,26,F,ZP,OD,D
14:19:40,MYOR,RG,2420,9,F,AI,OD,D
14:19:40,MYOR,RG,2420,14,F,AI,CC,D
14:19:40,MYOR,RG,2420,1,F,AI,XC,D
14:19:40,MYOR,RG,2420,102,F,AI,CC,D
14:19:32,MYOR,RG,2410,15,F,ZP,OD,D
14:19:18,MYOR,RG,2420,9,F,ZP,CC,D
14:19:18,MYOR,RG,2420,12,F,ZP,XC,D
14:19:13,MYOR,RG,2420,1,F,ZP,XC,D
14:19:13,MYOR,RG,2420,24,F,ZP,YP,D
14:19:13,MYOR,RG,2420,2,F,ZP,YP,D
14:18:49,MYOR,RG,2420,3,D,XL,YP,D
14:18:32,MYOR,RG,2410,17,F,ZP,OD,D
14:18:15,MYOR,RG,2420,1,D,XC,YP,D
14:17:31,MYOR,RG,2420,2,D,YP,YP,D
14:17:30,MYOR,RG,2410,15,F,ZP,OD,D
14:17:16,MYOR,RG,2420,14,F,ZP,YP,D
14:17:15,MYOR,RG,2420,3,F,AI,YP,D
14:17:15,MYOR,RG,2420,100,F,AI,SQ,D
14:17:15,MYOR,RG,2420,1,F,AI,XC,D
14:17:15,MYOR,RG,2420,2,F,AI,LS,D
14:17:15,MYOR,RG,2420,20,F,AI,PD,D
14:16:28,MYOR,RG,2410,15,F,ZP,OD,D
14:15:30,MYOR,RG,2410,10,F,ZP,OD,D
14:15:28,MYOR,RG,2420,3,F,ZP,XC,D
14:15:17,MYOR,RG,2420,25,F,ZP,YP,D
14:15:17,MYOR,RG,2420,8,F,ZP,CC,D
14:15:17,MYOR,RG,2420,35,F,ZP,CC,D
14:14:42,MYOR,RG,2420,10,D,CC,CC,D
14:14:28,MYOR,RG,2410,3,F,ZP,OD,D
14:14:20,MYOR,RG,2420,1,D,XC,CC,D
14:13:53,MYOR,RG,2420,1,D,XL,CC,D
14:13:32,MYOR,RG,2410,4,F,ZP,OD,D
14:13:25,MYOR,RG,2410,112,F,ZP,PD,D
14:13:25,MYOR,RG,2410,1,D,PD,PD,D
14:13:25,MYOR,RG,2410,25,D,LG,PD,D
14:13:25,MYOR,RG,2410,5,D,YP,PD,D
14:13:25,MYOR,RG,2410,1,D,XC,PD,D
14:13:25,MYOR,RG,2410,6,F,AI,PD,D
14:12:34,MYOR,RG,2410,3,F,AI,OD,D
14:11:36,MYOR,RG,2410,3,F,AI,OD,D
14:11:32,MYOR,RG,2420,7,D,PD,CC,D
14:11:08,MYOR,RG,2420,20,D,PD,CC,D
14:10:49,MYOR,RG,2420,4,D,XC,CC,D
14:10:36,MYOR,RG,2410,5,F,AI,OD,D
14:10:19,MYOR,RG,2420,19,F,ZP,CC,D
14:10:03,MYOR,RG,2410,61,F,AI,TF,D
14:09:55,MYOR,RG,2410,3,F,AI,XL,D
14:09:36,MYOR,RG,2410,4,F,AI,OD,D
14:09:13,MYOR,RG,2420,1,F,ZP,XC,D
14:09:13,MYOR,RG,2420,1,F,ZP,XC,D
14:09:13,MYOR,RG,2420,16,F,ZP,PD,D
14:09:13,MYOR,RG,2420,1,F,ZP,NI,D
14:09:13,MYOR,RG,2420,2,F,ZP,YP,D
14:09:10,MYOR,RG,2420,3,D,YP,YP,D
14:08:55,MYOR,RG,2410,2,F,AI,AZ,D
14:08:38,MYOR,RG,2410,2,F,AI,OD,D
14:08:35,MYOR,RG,2420,3,D,CC,YP,D
14:07:47,MYOR,RG,2420,28,F,ZP,YP,D
14:07:40,MYOR,RG,2410,4,F,AI,OD,D
14:07:22,MYOR,RG,2420,1,D,XC,YP,D
14:06:40,MYOR,RG,2410,3,F,AI,OD,D
14:06:32,MYOR,RG,2420,1,D,PD,YP,D
14:06:30,MYOR,RG,2420,8,D,PD,YP,D
14:06:24,MYOR,RG,2420,4,D,YB,YP,D
14:06:24,MYOR,RG,2420,16,D,YB,CC,D
14:06:23,MYOR,RG,2420,2,D,YP,CC,D
14:06:08,MYOR,RG,2420,5,D,YB,CC,D
14:05:40,MYOR,RG,2410,4,F,AI,OD,D
14:05:32,MYOR,RG,2420,88,F,AI,CC,D
14:05:32,MYOR,RG,2420,1,F,AI,XC,D
14:05:32,MYOR,RG,2420,3,F,AI,PD,D
14:05:32,MYOR,RG,2420,34,F,AI,YP,D
14:05:30,MYOR,RG,2420,5,F,ZP,YP,D
14:05:19,MYOR,RG,2420,1,F,ZP,YP,D
14:05:19,MYOR,RG,2420,5,F,ZP,LG,D
14:05:19,MYOR,RG,2420,6,F,ZP,CC,D
14:04:40,MYOR,RG,2410,4,F,AI,OD,D
14:04:36,MYOR,RG,2420,4,D,XC,CC,D
14:04:36,MYOR,RG,2420,1,D,XC,PD,D
14:04:36,MYOR,RG,2420,4,D,XC,XC,D
14:04:36,MYOR,RG,2420,1,D,XC,XC,D
14:04:36,MYOR,RG,2420,1,D,XC,EP,D
14:04:36,MYOR,RG,2420,4,D,XC,PD,D
14:04:11,MYOR,RG,2420,1,F,ZP,PD,D
14:04:11,MYOR,RG,2420,15,F,ZP,EP,D
14:04:11,MYOR,RG,2420,7,F,ZP,YP,D
14:04:07,MYOR,RG,2420,5,D,YP,YP,D
14:03:38,MYOR,RG,2410,2,F,AI,OD,D
14:02:36,MYOR,RG,2410,7,F,AI,OD,D
14:02:15,MYOR,RG,2420,1,D,CC,YP,D
14:02:01,MYOR,RG,2420,22,F,ZP,YP,D
14:01:52,MYOR,RG,2420,1,D,XC,YP,D
14:01:41,MYOR,RG,2420,114,F,AI,YP,D
14:01:41,MYOR,RG,2420,12,F,AI,SQ,D
14:01:37,MYOR,RG,2420,1,D,XC,SQ,D
14:00:39,MYOR,RG,2420,8,D,OD,SQ,D
14:00:39,MYOR,RG,2420,2,D,OD,XC,D
14:00:19,MYOR,RG,2420,2,F,ZP,XC,D
14:00:19,MYOR,RG,2420,1,F,ZP,KK,D
14:00:19,MYOR,RG,2420,4,F,ZP,XC,D
13:57:58,MYOR,RG,2410,10,F,AI,PD,D
13:57:49,MYOR,RG,2420,1,D,CC,XC,D
13:57:01,MYOR,RG,2410,3,F,AI,XC,D
13:57:01,MYOR,RG,2410,1,D,PD,XC,D
13:56:35,MYOR,RG,2410,3,D,PD,XC,D
13:56:08,MYOR,RG,2420,5,D,CC,XC,D
13:56:08,MYOR,RG,2420,4,D,CC,XC,D
13:56:08,MYOR,RG,2420,6,D,CC,YP,D
13:56:03,MYOR,RG,2420,1,D,PD,YP,D
13:55:18,MYOR,RG,2420,14,F,ZP,YP,D
13:53:08,MYOR,RG,2410,1,D,PD,XC,D
13:53:08,MYOR,RG,2410,1,D,PD,XC,D
13:53:08,MYOR,RG,2410,1,D,PD,XC,D
13:52:22,MYOR,RG,2410,25,D,KK,XC,D
13:51:39,MYOR,RG,2410,5,D,KK,CC,D
13:51:34,MYOR,RG,2420,10,D,CC,YP,D
13:51:13,MYOR,RG,2420,1,D,PD,YP,D
13:50:31,MYOR,RG,2420,41,D,NI,YP,D
13:50:24,MYOR,RG,2420,6,F,ZP,YP,D
13:50:24,MYOR,RG,2420,1,F,ZP,DX,D
13:49:11,MYOR,RG,2410,2,D,KK,LS,D
13:48:36,MYOR,RG,2420,3,D,YP,DX,D
13:47:06,MYOR,RG,2420,43,F,ZP,DX,D
13:46:26,MYOR,RG,2420,53,D,YP,DX,D
13:46:26,MYOR,RG,2420,1,D,YP,YP,D
13:46:26,MYOR,RG,2420,3,D,YP,XC,D
13:46:26,MYOR,RG,2420,3,D,YP,XC,D
13:45:58,MYOR,RG,2410,26,D,KK,CP,D
13:45:58,MYOR,RG,2410,5,D,CC,CP,D
13:45:58,MYOR,RG,2410,50,D,PD,CP,D
13:45:58,MYOR,RG,2410,10,D,XL,CP,D
13:45:58,MYOR,RG,2410,10,D,PD,CP,D
13:45:58,MYOR,RG,2410,14,D,EP,CP,D
13:45:58,MYOR,RG,2410,2,D,KK,CP,D
13:45:58,MYOR,RG,2410,11,D,XC,CP,D
13:45:58,MYOR,RG,2410,3,D,CC,CP,D
13:45:58,MYOR,RG,2410,81,F,AI,CP,D
13:45:19,MYOR,RG,2420,12,F,ZP,XC,D
13:45:19,MYOR,RG,2420,1,F,ZP,DH,D
13:45:19,MYOR,RG,2420,3,F,ZP,SQ,D
13:45:14,MYOR,RG,2410,25,F,AI,SQ,D
13:45:04,MYOR,RG,2420,3,D,NI,XC,D
13:45:04,MYOR,RG,2420,5,D,NI,KK,D
13:45:04,MYOR,RG,2420,3,D,NI,PD,D
13:45:04,MYOR,RG,2420,2,D,NI,YP,D
13:45:04,MYOR,RG,2420,2,D,NI,SQ,D
13:44:53,MYOR,RG,2420,2,D,KK,SQ,D
13:44:20,MYOR,RG,2420,1,D,XL,SQ,D
13:43:06,MYOR,RG,2420,1,D,XC,SQ,D
13:41:22,MYOR,RG,2420,1,D,XC,SQ,D
13:41:14,MYOR,RG,2410,20,F,AI,EP,D
13:41:14,MYOR,RG,2410,15,D,YP,EP,D
13:41:14,MYOR,RG,2410,3,D,XL,EP,D
13:41:14,MYOR,RG,2410,7,D,PD,EP,D
13:41:14,MYOR,RG,2410,5,D,TF,EP,D
13:40:28,MYOR,RG,2410,5,D,TF,XC,D
13:40:26,MYOR,RG,2420,6,F,ZP,SQ,D
13:38:59,MYOR,RG,2410,1,D,TF,KK,D
13:38:43,MYOR,RG,2420,1,D,XL,SQ,D
13:38:30,MYOR,RG,2420,11,D,TF,SQ,D
13:37:34,MYOR,RG,2420,28,F,ZP,SQ,D
13:37:07,MYOR,RG,2410,4,D,TF,CC,D
13:37:07,MYOR,RG,2410,1,D,XC,CC,D
13:37:07,MYOR,RG,2410,13,F,AI,CC,D
13:36:43,MYOR,RG,2410,50,F,AI,CC,D
13:36:25,MYOR,RG,2410,1,F,AI,KK,D
13:35:49,MYOR,RG,2410,60,F,AI,CD,D
13:35:20,MYOR,RG,2410,2,F,AI,PD,D
13:35:18,MYOR,RG,2410,56,F,ZP,PD,D
13:33:46,MYOR,RG,2410,21,D,CC,PD,D
13:33:46,MYOR,RG,2410,1,D,PD,PD,D
13:33:46,MYOR,RG,2410,1,D,PD,PD,D
13:33:46,MYOR,RG,2410,1,D,YP,PD,D
13:33:46,MYOR,RG,2410,5,D,PD,PD,D
13:33:46,MYOR,RG,2410,1,D,XC,PD,D
13:33:46,MYOR,RG,2410,3,D,PD,PD,D
13:33:46,MYOR,RG,2410,5,D,GR,PD,D
13:33:46,MYOR,RG,2410,3,D,XC,PD,D
13:33:46,MYOR,RG,2410,311,F,ZP,PD,D
13:32:17,MYOR,RG,2410,1,F,ZP,PD,D
13:32:11,MYOR,RG,2410,6,F,ZP,NI,D
13:32:11,MYOR,RG,2410,4,D,SQ,NI,D
13:32:09,MYOR,RG,2410,1,D,SQ,YP,D
13:31:50,MYOR,RG,2410,3,D,SQ,PD,D
13:30:25,MYOR,RG,2420,7,F,ZP,SQ,D
13:30:20,MYOR,RG,2420,10,D,YP,SQ,D
13:30:18,MYOR,RG,2420,20,F,ZP,SQ,D
13:30:16,MYOR,RG,2420,12,D,YP,SQ,D
13:30:13,MYOR,RG,2420,2,D,CC,SQ,D
13:30:09,MYOR,RG,2410,2,D,SQ,PD,D
13:30:09,MYOR,RG,2410,5,D,SQ,PD,D
13:30:09,MYOR,RG,2410,45,F,AI,PD,D
13:30:09,MYOR,RG,2420,2,D,XC,SQ,D
13:30:08,MYOR,RG,2420,32,F,ZP,SQ,D
13:30:07,MYOR,RG,2420,6,D,PD,SQ,D
13:30:07,MYOR,RG,2410,40,F,AI,PD,D
13:30:06,MYOR,RG,2420,2,D,EP,SQ,D
13:30:06,MYOR,RG,2420,1,D,XC,SQ,D
13:30:06,MYOR,RG,2420,10,D,EP,SQ,D
13:30:06,MYOR,RG,2420,5,D,XC,SQ,D
13:30:05,MYOR,RG,2420,6,D,XC,SQ,D
13:30:05,MYOR,RG,2420,32,F,ZP,SQ,D
13:30:05,MYOR,RG,2420,46,F,ZP,CC,D
13:30:05,MYOR,RG,2420,1,D,YP,CC,D
13:30:05,MYOR,RG,2420,5,D,KK,CC,D
13:30:04,MYOR,RG,2410,41,F,AI,SQ,D
13:30:04,MYOR,RG,2410,50,D,YP,SQ,D
13:30:04,MYOR,RG,2410,9,D,PD,SQ,D
13:30:04,MYOR,RG,2420,1,D,XC,CC,D
13:30:03,MYOR,RG,2420,1,D,XC,CC,D
13:30:03,MYOR,RG,2420,2,D,PD,CC,D
13:30:02,MYOR,RG,2420,3,D,XL,CC,D
13:30:02,MYOR,RG,2420,2,D,EP,CC,D
11:29:56,MYOR,RG,2420,9,F,ZP,CC,D
11:29:55,MYOR,RG,2410,1,D,PD,YB,D
11:29:50,MYOR,RG,2420,13,F,ZP,CC,D
11:29:46,MYOR,RG,2420,2,D,PD,CC,D
11:29:40,MYOR,RG,2420,9,F,ZP,CC,D
11:29:33,MYOR,RG,2420,16,F,ZP,CC,D
11:29:21,MYOR,RG,2420,1,F,ZP,CC,D
11:29:21,MYOR,RG,2420,14,F,ZP,SQ,D
11:29:21,MYOR,RG,2420,5,F,ZP,EP,D
11:29:21,MYOR,RG,2420,36,F,ZP,CC,D
11:28:38,MYOR,RG,2420,102,F,ZP,CC,D
11:27:37,MYOR,RG,2420,17,F,ZP,CC,D
11:27:36,MYOR,RG,2410,10,D,XC,XC,D
11:27:25,MYOR,RG,2410,1,D,PD,XC,D
11:26:00,MYOR,RG,2410,9,D,PD,XC,D
11:25:55,MYOR,RG,2410,1,D,PD,XC,D
11:24:43,MYOR,RG,2410,31,D,KK,XC,D
11:24:43,MYOR,RG,2410,5,D,KK,PD,D
11:24:43,MYOR,RG,2410,44,D,KK,PD,D
11:22:04,MYOR,RG,2400,2,D,YP,PD,D
11:22:04,MYOR,RG,2400,1,D,AI,PD,D
11:22:04,MYOR,RG,2400,4,D,AZ,PD,D
11:22:04,MYOR,RG,2400,2,D,PD,PD,D
11:22:04,MYOR,RG,2400,20,D,YP,PD,D
11:22:04,MYOR,RG,2400,1,D,XC,PD,D
11:22:04,MYOR,RG,2400,1,D,XC,YP,D
11:22:04,MYOR,RG,2400,3,D,KK,YP,D
11:22:04,MYOR,RG,2400,1,D,XC,YP,D
11:22:04,MYOR,RG,2400,1,D,PC,YP,D
11:22:04,MYOR,RG,2400,10,D,NI,YP,D
11:22:04,MYOR,RG,2400,2,D,PD,YP,D
11:22:04,MYOR,RG,2400,1,D,YP,YP,D
11:22:04,MYOR,RG,2400,15,D,YP,YP,D
11:22:04,MYOR,RG,2400,10,D,PD,YP,D
11:22:04,MYOR,RG,2400,1,D,EP,YP,D
11:22:04,MYOR,RG,2400,1,D,PD,YP,D
11:22:04,MYOR,RG,2400,3,D,XC,YP,D
11:22:04,MYOR,RG,2400,1,D,KK,YP,D
11:22:04,MYOR,RG,2400,10,D,OD,YP,D
11:22:04,MYOR,RG,2400,21,D,PD,YP,D
11:22:04,MYOR,RG,2400,2,D,XC,YP,D
11:22:04,MYOR,RG,2400,5,D,NI,YP,D
11:22:04,MYOR,RG,2400,5,D,SQ,YP,D
11:22:04,MYOR,RG,2400,5,D,PD,YP,D
11:22:04,MYOR,RG,2400,1,D,XC,YP,D
11:22:04,MYOR,RG,2400,1,D,AI,YP,D
11:22:04,MYOR,RG,2400,10,D,DX,YP,D
11:22:04,MYOR,RG,2400,1,D,PD,YP,D
11:22:04,MYOR,RG,2400,20,D,XC,YP,D
11:22:04,MYOR,RG,2400,2,D,XC,YP,D
11:22:04,MYOR,RG,2400,20,D,PD,YP,D
11:22:04,MYOR,RG,2400,10,D,SQ,YP,D
11:22:04,MYOR,RG,2400,5,D,CC,YP,D
11:22:04,MYOR,RG,2400,60,D,NI,YP,D
11:22:04,MYOR,RG,2400,2,D,YP,YP,D
11:22:04,MYOR,RG,2400,2,D,PD,YP,D
11:22:04,MYOR,RG,2400,1,D,YP,YP,D
11:22:04,MYOR,RG,2400,1,D,NI,YP,D
11:22:04,MYOR,RG,2400,5,D,XC,YP,D
11:22:04,MYOR,RG,2400,1,D,PD,YP,D
11:22:04,MYOR,RG,2400,1,D,KK,YP,D
11:22:04,MYOR,RG,2400,5,D,CC,YP,D
11:22:04,MYOR,RG,2400,10,D,PD,YP,D
11:22:04,MYOR,RG,2400,10,D,NI,YP,D
11:22:04,MYOR,RG,2400,82,D,PD,YP,D
11:22:04,MYOR,RG,2400,5,D,PD,YP,D
11:22:04,MYOR,RG,2400,50,D,XC,YP,D
11:22:04,MYOR,RG,2400,1,D,XC,YP,D
11:22:04,MYOR,RG,2400,1,D,NI,YP,D
11:22:04,MYOR,RG,2400,2,D,PD,YP,D
11:22:04,MYOR,RG,2400,20,D,AZ,YP,D
11:22:04,MYOR,RG,2400,5,D,XC,YP,D
11:22:04,MYOR,RG,2400,5,D,CC,YP,D
11:22:04,MYOR,RG,2400,6,D,AZ,YP,D
11:22:04,MYOR,RG,2400,5,D,SQ,YP,D
11:22:04,MYOR,RG,2400,1,D,PD,YP,D
11:22:04,MYOR,RG,2400,1,D,KK,YP,D
11:22:04,MYOR,RG,2400,1,D,YP,YP,D
11:22:04,MYOR,RG,2400,10,D,AZ,YP,D
11:22:04,MYOR,RG,2400,200,D,CC,YP,D
11:22:04,MYOR,RG,2400,1,D,CC,YP,D
11:22:04,MYOR,RG,2400,3,D,NI,YP,D
11:22:04,MYOR,RG,2400,2,D,KK,YP,D
11:22:04,MYOR,RG,2400,5,D,CC,YP,D
11:22:04,MYOR,RG,2400,2,D,PD,YP,D
11:22:04,MYOR,RG,2400,9,D,XC,YP,D
11:22:04,MYOR,RG,2400,20,D,AZ,YP,D
11:22:04,MYOR,RG,2400,2,D,YP,YP,D
11:22:04,MYOR,RG,2400,5,D,YP,YP,D
11:22:04,MYOR,RG,2400,9,D,NI,YP,D
11:22:04,MYOR,RG,2400,5,D,CC,YP,D
11:22:04,MYOR,RG,2400,1,D,EP,YP,D
11:22:04,MYOR,RG,2400,1,D,CC,YP,D
11:22:04,MYOR,RG,2400,10,D,YP,YP,D
11:22:04,MYOR,RG,2400,20,D,YP,YP,D
11:22:04,MYOR,RG,2400,25,D,YP,YP,D
11:22:04,MYOR,RG,2400,50,D,YP,YP,D
11:22:04,MYOR,RG,2400,1,D,CC,YP,D
11:22:04,MYOR,RG,2400,30,D,NI,YP,D
11:22:04,MYOR,RG,2400,1,D,YP,YP,D
11:22:04,MYOR,RG,2400,15,D,PD,YP,D
11:22:04,MYOR,RG,2400,10,D,PD,YP,D
11:22:04,MYOR,RG,2400,100,D,XC,YP,D
11:22:04,MYOR,RG,2400,12,D,OD,YP,D
11:21:08,MYOR,RG,2400,25,D,OD,XA,D
11:21:07,MYOR,RG,2400,6,D,OD,CC,D
11:21:02,MYOR,RG,2410,50,D,DH,CC,D
11:20:55,MYOR,RG,2410,20,D,YP,CC,D
11:20:50,MYOR,RG,2410,29,F,ZP,CC,D
11:20:49,MYOR,RG,2410,2,D,PD,CC,D
11:20:49,MYOR,RG,2410,10,D,CC,CC,D
11:20:49,MYOR,RG,2410,1,D,PD,CC,D
11:20:49,MYOR,RG,2410,7,D,SQ,CC,D
11:20:49,MYOR,RG,2410,10,D,OD,CC,D
11:20:49,MYOR,RG,2410,10,D,KK,CC,D
11:20:49,MYOR,RG,2410,117,D,CC,CC,D
11:20:49,MYOR,RG,2410,10,D,KK,CC,D
11:20:49,MYOR,RG,2410,9,D,EP,CC,D
11:20:49,MYOR,RG,2410,10,D,PD,CC,D
11:20:49,MYOR,RG,2410,327,F,ZP,CC,D
11:19:16,MYOR,RG,2420,1,D,PD,CC,D
11:16:08,MYOR,RG,2410,10,F,ZP,CC,D
11:15:52,MYOR,RG,2410,2,F,ZP,NI,D
11:15:41,MYOR,RG,2410,18,F,ZP,YP,D
11:15:27,MYOR,RG,2410,100,F,ZP,KK,D
11:15:09,MYOR,RG,2410,25,F,ZP,YP,D
11:13:10,MYOR,RG,2410,14,F,ZP,XC,D
11:10:25,MYOR,RG,2410,1,F,ZP,XC,D
11:09:36,MYOR,RG,2410,3,F,ZP,KK,D
11:09:20,MYOR,RG,2410,20,D,DH,KK,D
11:09:00,MYOR,RG,2410,1,F,ZP,PD,D
11:09:00,MYOR,RG,2410,5,F,ZP,CC,D
11:09:00,MYOR,RG,2410,3,F,ZP,AT,D
11:09:00,MYOR,RG,2410,3,F,ZP,EP,D
11:09:00,MYOR,RG,2410,100,F,ZP,DX,D
11:09:00,MYOR,RG,2410,6,F,ZP,YB,D
11:09:00,MYOR,RG,2410,189,F,ZP,AZ,D
11:09:00,MYOR,RG,2410,134,F,ZP,CC,D
11:07:42,MYOR,RG,2410,1,D,KK,CC,D
11:07:06,MYOR,RG,2410,10,D,CC,CC,D
11:07:06,MYOR,RG,2410,1,D,XC,CC,D
11:06:01,MYOR,RG,2410,1,D,XC,CC,D
11:05:20,MYOR,RG,2410,10,D,HP,CC,D
11:04:45,MYOR,RG,2410,1,D,SQ,CC,D
11:04:11,MYOR,RG,2410,8,F,ZP,CC,D
11:03:48,MYOR,RG,2410,1,D,CC,CC,D
11:02:21,MYOR,RG,2410,2,D,PD,CC,D
11:01:41,MYOR,RG,2410,40,D,PD,CC,D
11:01:20,MYOR,RG,2410,5,D,XC,CC,D
11:00:42,MYOR,RG,2410,1,D,YP,CC,D
10:59:08,MYOR,RG,2410,2,F,ZP,CC,D
10:58:51,MYOR,RG,2410,1,D,XC,CC,D
10:57:09,MYOR,RG,2400,5,D,OD,CC,D
10:54:42,MYOR,RG,2410,9,F,ZP,CC,D
10:54:40,MYOR,RG,2400,2,D,OD,PD,D
10:54:40,MYOR,RG,2400,6,D,XL,PD,D
10:54:40,MYOR,RG,2400,1,D,XC,PD,D
10:54:40,MYOR,RG,2400,12,D,PD,PD,D
10:54:13,MYOR,RG,2410,36,F,ZP,CC,D
10:53:07,MYOR,RG,2400,92,D,PD,DH,D
10:53:07,MYOR,RG,2400,10,D,XL,DH,D
10:53:07,MYOR,RG,2400,1,D,PD,DH,D
10:53:07,MYOR,RG,2400,10,D,PD,DH,D
10:53:07,MYOR,RG,2400,1,D,XC,DH,D
10:53:07,MYOR,RG,2400,1,D,PD,DH,D
10:53:07,MYOR,RG,2400,80,D,AI,DH,D
10:53:07,MYOR,RG,2400,5,D,TF,DH,D
10:51:53,MYOR,RG,2410,20,D,AG,CC,D
10:50:29,MYOR,RG,2400,9,D,TF,OD,D
10:49:27,MYOR,RG,2400,9,D,TF,OD,D
10:49:11,MYOR,RG,2410,8,F,ZP,CC,D
10:48:23,MYOR,RG,2400,11,D,TF,OD,D
10:47:43,MYOR,RG,2410,1,D,XC,CC,D
10:47:22,MYOR,RG,2410,10,D,XC,CC,D
10:47:21,MYOR,RG,2400,7,D,TF,OD,D
10:46:46,MYOR,RG,2410,11,D,XC,CC,D
10:46:46,MYOR,RG,2410,1,D,YP,CC,D
10:46:46,MYOR,RG,2410,2,D,XC,CC,D
10:46:46,MYOR,RG,2410,1,D,KK,CC,D
10:46:46,MYOR,RG,2410,10,D,CC,CC,D
10:46:46,MYOR,RG,2410,2,D,YP,CC,D
10:46:46,MYOR,RG,2410,2,D,PD,CC,D
10:46:46,MYOR,RG,2410,3,D,PD,CC,D
10:46:46,MYOR,RG,2410,5,D,CC,CC,D
10:46:46,MYOR,RG,2410,2,D,YP,CC,D
10:46:46,MYOR,RG,2410,2,D,HP,CC,D
10:46:46,MYOR,RG,2410,4,D,XC,CC,D
10:46:46,MYOR,RG,2410,8,D,AZ,CC,D
10:46:46,MYOR,RG,2410,41,D,PD,CC,D
10:46:46,MYOR,RG,2410,2,D,XC,CC,D
10:46:46,MYOR,RG,2410,1,D,PD,CC,D
10:46:46,MYOR,RG,2410,20,D,YP,CC,D
10:46:46,MYOR,RG,2410,8,D,YP,CC,D
10:46:46,MYOR,RG,2410,10,D,XC,CC,D
10:46:46,MYOR,RG,2410,5,D,XC,CC,D
10:46:46,MYOR,RG,2410,2,D,PD,CC,D
10:46:46,MYOR,RG,2410,1,D,PD,CC,D
10:46:46,MYOR,RG,2410,1,D,PD,CC,D
10:46:46,MYOR,RG,2410,3,D,XC,CC,D
10:46:46,MYOR,RG,2410,10,D,HD,CC,D
10:46:46,MYOR,RG,2410,2,D,PD,CC,D
10:46:46,MYOR,RG,2410,3,D,PD,CC,D
10:46:46,MYOR,RG,2410,10,D,PD,CC,D
10:46:46,MYOR,RG,2410,25,D,XC,CC,D
10:46:46,MYOR,RG,2410,2,D,DH,CC,D
10:46:46,MYOR,RG,2410,1,D,XC,CC,D
10:46:46,MYOR,RG,2410,1,D,PD,CC,D
10:46:46,MYOR,RG,2410,1,D,AT,CC,D
10:46:46,MYOR,RG,2410,2,D,PD,CC,D
10:46:46,MYOR,RG,2410,20,D,TF,CC,D
10:46:46,MYOR,RG,2410,2,D,XC,CC,D
10:46:46,MYOR,RG,2410,5,D,SQ,CC,D
10:46:46,MYOR,RG,2410,5,D,XC,CC,D
10:46:46,MYOR,RG,2410,1,D,PD,CC,D
10:46:46,MYOR,RG,2410,20,D,XC,CC,D
10:46:46,MYOR,RG,2410,10,D,XC,CC,D
10:46:46,MYOR,RG,2410,8,D,XC,CC,D
10:46:46,MYOR,RG,2410,1,D,PD,CC,D
10:46:46,MYOR,RG,2410,25,D,LG,CC,D
10:46:46,MYOR,RG,2410,2,D,YP,CC,D
10:46:46,MYOR,RG,2410,156,F,ZP,CC,D
10:46:46,MYOR,RG,2410,539,F,ZP,CC,D
10:46:28,MYOR,RG,2410,1,F,ZP,YP,D
10:46:23,MYOR,RG,2410,9,F,ZP,OD,D
10:45:23,MYOR,RG,2410,9,F,ZP,OD,D
10:45:05,MYOR,RG,2410,1,F,ZP,NI,D
10:44:49,MYOR,RG,2420,20,D,PD,CC,D
10:44:44,MYOR,RG,2410,5,F,ZP,XC,D
10:44:38,MYOR,RG,2410,1,F,ZP,XC,D
10:44:19,MYOR,RG,2410,10,F,ZP,OD,D
10:44:12,MYOR,RG,2420,7,F,ZP,CC,D
10:43:19,MYOR,RG,2410,8,F,ZP,OD,D
10:43:18,MYOR,RG,2410,25,F,ZP,YU,D
10:43:17,MYOR,RG,2420,17,F,ZP,CC,D
10:42:19,MYOR,RG,2410,9,F,ZP,OD,D
10:42:05,MYOR,RG,2420,1,D,YP,CC,D
10:41:44,MYOR,RG,2420,24,D,YP,CC,D
10:41:44,MYOR,RG,2420,5,D,YP,PD,D
10:41:44,MYOR,RG,2420,18,D,YP,YP,D
10:41:44,MYOR,RG,2420,1,D,YP,XC,D
10:41:44,MYOR,RG,2420,5,D,YP,PD,D
10:41:44,MYOR,RG,2420,9,D,YP,YP,D
10:41:21,MYOR,RG,2410,11,F,ZP,OD,D
10:40:28,MYOR,RG,2420,2,D,YP,YP,D
10:40:26,MYOR,RG,2410,5,F,ZP,DR,D
10:40:21,MYOR,RG,2410,9,F,ZP,OD,D
10:39:21,MYOR,RG,2410,9,F,ZP,OD,D
10:39:08,MYOR,RG,2420,3,F,ZP,YP,D
10:38:21,MYOR,RG,2410,11,F,ZP,OD,D
10:38:19,MYOR,RG,2420,1,D,XC,YP,D
10:38:09,MYOR,RG,2420,10,F,ZP,YP,D
10:37:59,MYOR,RG,2420,1,D,YP,YP,D
10:37:53,MYOR,RG,2410,6,F,ZP,XC,D
10:37:52,MYOR,RG,2420,2,D,YP,YP,D
10:37:21,MYOR,RG,2410,8,F,ZP,OD,D
10:36:23,MYOR,RG,2410,9,F,ZP,OD,D
10:35:21,MYOR,RG,2410,10,F,ZP,OD,D
10:35:00,MYOR,RG,2420,4,D,AZ,YP,D
10:34:17,MYOR,RG,2410,11,F,ZP,OD,D
10:34:15,MYOR,RG,2420,10,F,ZP,YP,D
10:33:38,MYOR,RG,2410,25,F,ZP,YU,D
10:33:17,MYOR,RG,2410,8,F,ZP,OD,D
10:32:17,MYOR,RG,2410,11,F,ZP,OD,D
10:31:17,MYOR,RG,2410,11,F,ZP,OD,D
10:30:15,MYOR,RG,2410,8,F,ZP,OD,D
10:29:14,MYOR,RG,2420,9,F,ZP,YP,D
10:29:13,MYOR,RG,2410,9,F,ZP,OD,D
10:29:11,MYOR,RG,2410,7,F,ZP,PD,D
10:28:29,MYOR,RG,2410,1,F,ZP,PD,D
10:28:13,MYOR,RG,2410,9,F,ZP,OD,D
10:27:09,MYOR,RG,2410,8,F,ZP,OD,D
10:26:47,MYOR,RG,2410,1,F,ZP,NI,D
10:26:11,MYOR,RG,2410,11,F,ZP,OD,D
10:25:53,MYOR,RG,2420,14,F,ZP,YP,D
10:25:40,MYOR,RG,2420,13,D,YP,YP,D
10:25:11,MYOR,RG,2410,10,F,ZP,OD,D
10:24:58,MYOR,RG,2420,50,D,YP,YP,D
10:24:13,MYOR,RG,2420,2,D,XC,YP,D
10:24:13,MYOR,RG,2410,9,F,ZP,OD,D
10:24:07,MYOR,RG,2420,4,F,ZP,YP,D
10:23:21,MYOR,RG,2420,10,D,YP,YP,D
10:23:11,MYOR,RG,2410,10,F,ZP,OD,D
10:22:46,MYOR,RG,2420,9,F,ZP,YP,D
10:22:26,MYOR,RG,2420,5,D,EP,YP,D
10:22:13,MYOR,RG,2410,10,F,ZP,OD,D
10:21:11,MYOR,RG,2410,10,F,ZP,OD,D
10:20:53,MYOR,RG,2420,2,D,XC,YP,D
10:20:09,MYOR,RG,2410,8,F,ZP,OD,D
10:20:01,MYOR,RG,2420,20,D,YP,YP,D
10:19:11,MYOR,RG,2420,3,F,ZP,YP,D
10:19:07,MYOR,RG,2410,10,F,ZP,OD,D
10:18:32,MYOR,RG,2420,14,F,ZP,YP,D
10:18:05,MYOR,RG,2410,8,F,ZP,OD,D
10:17:54,MYOR,RG,2410,50,F,ZP,CC,D
10:17:05,MYOR,RG,2410,11,F,ZP,OD,D
10:16:03,MYOR,RG,2410,9,F,ZP,OD,D
10:15:03,MYOR,RG,2410,7,F,ZP,OD,D
10:14:13,MYOR,RG,2420,5,F,ZP,YP,D
10:14:03,MYOR,RG,2410,7,F,ZP,OD,D
10:13:52,MYOR,RG,2420,10,D,CC,YP,D
10:13:07,MYOR,RG,2420,15,F,ZP,YP,D
10:13:03,MYOR,RG,2410,7,F,ZP,OD,D
10:13:01,MYOR,RG,2410,20,F,ZP,PD,D
10:12:03,MYOR,RG,2410,7,F,ZP,OD,D
10:11:20,MYOR,RG,2420,5,D,GR,YP,D
10:11:16,MYOR,RG,2420,30,D,YP,YP,D
10:11:01,MYOR,RG,2410,7,F,ZP,OD,D
10:10:36,MYOR,RG,2420,2,D,SQ,YP,D
10:10:13,MYOR,RG,2420,1,D,CC,YP,D
10:10:00,MYOR,RG,2420,17,F,ZP,YP,D
10:09:59,MYOR,RG,2410,8,F,ZP,OD,D
10:09:44,MYOR,RG,2420,2,D,PD,YP,D
10:09:36,MYOR,RG,2420,16,D,DX,YP,D
10:09:36,MYOR,RG,2420,1,D,DX,NI,D
10:09:36,MYOR,RG,2420,3,D,DX,NI,D
10:09:36,MYOR,RG,2420,6,D,DX,PD,D
10:09:36,MYOR,RG,2420,1,D,DX,PD,D
10:09:36,MYOR,RG,2420,7,D,DX,YP,D
10:09:36,MYOR,RG,2420,5,D,DX,CC,D
10:09:36,MYOR,RG,2420,5,D,DX,DH,D
10:09:36,MYOR,RG,2420,9,D,DX,NI,D
10:09:36,MYOR,RG,2420,1,D,DX,NI,D
10:09:36,MYOR,RG,2420,40,D,DX,CC,D
10:09:36,MYOR,RG,2420,4,D,DX,XC,D
10:09:36,MYOR,RG,2420,2,D,DX,PD,D
10:09:12,MYOR,RG,2420,1,F,ZP,PD,D
10:09:12,MYOR,RG,2420,2,F,ZP,SS,D
10:09:12,MYOR,RG,2420,9,F,ZP,EP,D
10:09:01,MYOR,RG,2410,7,F,ZP,OD,D
10:08:33,MYOR,RG,2410,1,F,ZP,EP,D
10:08:27,MYOR,RG,2420,5,D,TF,EP,D
10:08:26,MYOR,RG,2420,6,F,ZP,EP,D
10:08:26,MYOR,RG,2420,59,F,ZP,CC,D
10:08:19,MYOR,RG,2410,30,F,ZP,YP,D
10:08:14,MYOR,RG,2410,4,F,ZP,EP,D
10:07:59,MYOR,RG,2410,7,F,ZP,OD,D
10:07:22,MYOR,RG,2420,1,D,PD,CC,D
10:07:20,MYOR,RG,2410,1,F,ZP,PD,D
10:07:01,MYOR,RG,2410,7,F,ZP,OD,D
10:06:40,MYOR,RG,2410,300,F,ZP,GR,D
10:06:02,MYOR,RG,2410,2,F,ZP,CC,D
10:06:01,MYOR,RG,2410,6,F,ZP,OD,D
10:05:03,MYOR,RG,2410,8,F,ZP,OD,D
10:04:01,MYOR,RG,2410,7,F,ZP,OD,D
10:03:03,MYOR,RG,2410,7,F,ZP,OD,D
10:02:33,MYOR,RG,2420,10,D,SQ,CC,D
10:02:03,MYOR,RG,2410,6,F,ZP,OD,D
10:01:53,MYOR,RG,2420,5,D,NI,CC,D
10:01:05,MYOR,RG,2410,7,F,ZP,OD,D
10:00:33,MYOR,RG,2410,20,F,ZP,GR,D
10:00:03,MYOR,RG,2410,8,F,ZP,OD,D
9:58:34,MYOR,RG,2410,7,F,ZP,OD,D
9:58:34,MYOR,RG,2410,2,F,ZP,YP,D
9:58:34,MYOR,RG,2410,5,F,ZP,YP,D
9:58:05,MYOR,RG,2400,7,D,TF,OD,D
9:57:33,MYOR,RG,2400,52,D,TF,CC,D
9:57:33,MYOR,RG,2400,1,D,XC,CC,D
9:57:33,MYOR,RG,2400,8,D,KK,CC,D
9:57:33,MYOR,RG,2400,10,D,KK,CC,D
9:57:33,MYOR,RG,2400,5,D,KK,CC,D
9:57:33,MYOR,RG,2400,3,D,KK,CC,D
9:57:08,MYOR,RG,2410,1,D,YP,XC,D
9:57:08,MYOR,RG,2410,1,D,YP,PD,D
9:57:03,MYOR,RG,2400,2,D,KK,OD,D
9:57:03,MYOR,RG,2400,5,D,SQ,OD,D
9:56:17,MYOR,RG,2410,2,D,AZ,YB,D
9:56:17,MYOR,RG,2410,3,D,AZ,KK,D
9:56:17,MYOR,RG,2410,2,D,AZ,PD,D
9:56:17,MYOR,RG,2410,18,D,AZ,YP,D
9:56:05,MYOR,RG,2400,6,D,SQ,OD,D
9:55:24,MYOR,RG,2410,10,D,YP,YP,D
9:55:07,MYOR,RG,2400,7,D,SQ,OD,D
9:54:43,MYOR,RG,2400,2,D,SQ,PD,D
9:54:40,MYOR,RG,2410,1,D,XC,YP,D
9:54:38,MYOR,RG,2410,1,D,XC,YP,D
9:54:33,MYOR,RG,2410,5,F,ZP,YP,D
9:54:16,MYOR,RG,2400,4,D,DH,PD,D
9:54:05,MYOR,RG,2400,4,D,DH,OD,D
9:54:05,MYOR,RG,2400,3,D,IP,OD,D
9:53:48,MYOR,RG,2410,10,D,TF,PD,D
9:53:41,MYOR,RG,2410,4,D,KK,YP,D
9:53:30,MYOR,RG,2410,1,D,XC,YP,D
9:53:12,MYOR,RG,2410,10,F,ZP,YP,D
9:53:06,MYOR,RG,2400,9,D,IP,OD,D
9:53:06,MYOR,RG,2410,6,D,DH,YP,D
9:53:06,MYOR,RG,2410,1,D,DH,KK,D
9:53:06,MYOR,RG,2410,3,D,DH,DH,D
9:52:42,MYOR,RG,2410,1,D,NI,DH,D
9:52:04,MYOR,RG,2400,8,D,IP,OD,D
9:51:20,MYOR,RG,2400,1,D,IP,RG,D
9:51:04,MYOR,RG,2400,6,D,IP,OD,D
9:50:07,MYOR,RG,2410,8,D,PD,DH,D
9:50:06,MYOR,RG,2400,7,D,IP,OD,D
9:49:52,MYOR,RG,2410,1,D,PD,DH,D
9:49:34,MYOR,RG,2410,12,F,ZP,DH,D
9:49:08,MYOR,RG,2400,8,D,IP,OD,D
9:48:39,MYOR,RG,2410,20,D,DH,DH,D
9:48:23,MYOR,RG,2400,4,D,IP,XC,D
9:48:10,MYOR,RG,2400,7,D,IP,OD,D
9:47:51,MYOR,RG,2410,5,D,NI,DH,D
9:47:08,MYOR,RG,2400,6,D,IP,OD,D
9:46:58,MYOR,RG,2410,20,D,PD,DH,D
9:46:12,MYOR,RG,2400,1,D,IP,XC,D
9:46:08,MYOR,RG,2400,8,D,IP,OD,D
9:45:08,MYOR,RG,2400,2,D,IP,OD,D
9:44:28,MYOR,RG,2410,4,F,ZP,DH,D
9:44:10,MYOR,RG,2400,2,D,IP,OD,D
9:44:05,MYOR,RG,2410,1,D,NI,DH,D
9:43:37,MYOR,RG,2410,20,F,ZP,DH,D
9:43:08,MYOR,RG,2400,2,D,IP,OD,D
9:42:25,MYOR,RG,2400,100,D,IP,CC,D
9:42:06,MYOR,RG,2400,1,D,IP,OD,D
9:41:46,MYOR,RG,2400,1,D,IP,XC,D
9:41:26,MYOR,RG,2400,3,D,IP,XC,D
9:41:04,MYOR,RG,2400,2,D,IP,OD,D
9:41:01,MYOR,RG,2400,4,D,IP,EP,D
9:40:04,MYOR,RG,2400,2,D,IP,OD,D
9:39:52,MYOR,RG,2400,3,D,IP,SQ,D
9:39:37,MYOR,RG,2400,10,D,IP,YP,D
9:39:33,MYOR,RG,2410,6,F,ZP,DH,D
9:39:32,MYOR,RG,2400,2,D,IP,SQ,D
9:39:02,MYOR,RG,2400,2,D,IP,OD,D
9:39:01,MYOR,RG,2400,2,D,IP,XC,D
9:38:19,MYOR,RG,2400,1,D,IP,XC,D
9:38:00,MYOR,RG,2400,1,D,IP,OD,D
9:38:00,MYOR,RG,2410,1,D,NI,DH,D
9:37:45,MYOR,RG,2410,7,D,XC,DH,D
9:37:41,MYOR,RG,2410,1,D,PD,DH,D
9:37:41,MYOR,RG,2410,1,D,PD,DH,D
9:37:02,MYOR,RG,2410,2,D,YP,OD,D
9:36:29,MYOR,RG,2410,1,D,PD,CC,D
9:36:29,MYOR,RG,2410,1,D,AT,CC,D
9:36:29,MYOR,RG,2410,2,D,XC,CC,D
9:36:29,MYOR,RG,2410,6,F,ZP,CC,D
9:36:29,MYOR,RG,2410,2,D,OD,CC,D
9:36:02,MYOR,RG,2410,2,D,OD,OD,D
9:35:43,MYOR,RG,2410,15,D,OD,CC,D
9:35:18,MYOR,RG,2410,1,D,OD,YP,D
9:35:18,MYOR,RG,2410,14,D,SQ,YP,D
9:35:18,MYOR,RG,2410,5,D,YP,YP,D
9:35:00,MYOR,RG,2410,2,D,YP,OD,D
9:34:33,MYOR,RG,2420,10,F,ZP,CC,D
9:34:16,MYOR,RG,2410,28,D,YP,YP,D
9:34:16,MYOR,RG,2410,4,D,XC,YP,D
9:34:16,MYOR,RG,2410,1,D,XC,YP,D
9:34:16,MYOR,RG,2410,5,D,GR,YP,D
9:34:16,MYOR,RG,2410,4,D,CC,YP,D
9:34:16,MYOR,RG,2410,4,D,PD,YP,D
9:34:16,MYOR,RG,2410,3,D,CC,YP,D
9:34:16,MYOR,RG,2410,5,D,PD,YP,D
9:34:16,MYOR,RG,2410,5,D,XC,YP,D
9:34:16,MYOR,RG,2410,1,D,PD,YP,D
9:34:16,MYOR,RG,2410,10,D,XC,YP,D
9:34:16,MYOR,RG,2410,5,D,AZ,YP,D
9:34:16,MYOR,RG,2410,4,D,PD,YP,D
9:34:16,MYOR,RG,2410,20,D,YP,YP,D
9:34:16,MYOR,RG,2410,4,D,PD,YP,D
9:34:16,MYOR,RG,2410,1,D,NI,YP,D
9:34:16,MYOR,RG,2410,15,D,CC,YP,D
9:34:16,MYOR,RG,2410,50,D,YP,YP,D
9:34:16,MYOR,RG,2410,4,D,SQ,YP,D
9:34:16,MYOR,RG,2410,5,D,GR,YP,D
9:34:16,MYOR,RG,2410,2,D,XC,YP,D
9:34:16,MYOR,RG,2410,1,D,CC,YP,D
9:34:16,MYOR,RG,2410,4,D,YP,YP,D
9:34:16,MYOR,RG,2410,1,D,YP,YP,D
9:34:16,MYOR,RG,2410,1,D,YP,YP,D
9:34:16,MYOR,RG,2410,2,D,YP,YP,D
9:34:16,MYOR,RG,2410,9,D,PD,YP,D
9:34:16,MYOR,RG,2410,52,F,ZP,YP,D
9:34:16,MYOR,RG,2410,5,D,CC,YP,D
9:34:16,MYOR,RG,2410,20,D,NI,YP,D
9:34:16,MYOR,RG,2410,10,D,PD,YP,D
9:34:16,MYOR,RG,2410,20,D,YP,YP,D
9:34:16,MYOR,RG,2410,4,D,XC,YP,D
9:34:16,MYOR,RG,2410,3,D,NI,YP,D
9:34:16,MYOR,RG,2410,5,D,CC,YP,D
9:34:16,MYOR,RG,2410,20,D,NI,YP,D
9:34:16,MYOR,RG,2410,11,F,ZP,YP,D
9:34:16,MYOR,RG,2410,74,D,YU,YP,D
9:34:01,MYOR,RG,2420,1,D,XC,CC,D
9:33:58,MYOR,RG,2410,1,D,YU,OD,D
9:33:50,MYOR,RG,2420,1,D,KK,CC,D
9:33:23,MYOR,RG,2420,4,D,AI,CC,D
9:33:07,MYOR,RG,2410,6,D,YU,XC,D
9:32:56,MYOR,RG,2410,2,D,YU,OD,D
9:32:51,MYOR,RG,2410,8,D,YU,PD,D
9:31:56,MYOR,RG,2410,2,D,YU,OD,D
9:31:40,MYOR,RG,2420,23,F,ZP,CC,D
9:31:40,MYOR,RG,2410,7,D,YU,PD,D
9:31:40,MYOR,RG,2410,1,D,CC,PD,D
9:31:40,MYOR,RG,2410,7,D,YP,PD,D
9:31:32,MYOR,RG,2410,18,D,YP,GR,D
9:31:32,MYOR,RG,2410,32,D,YP,GR,D
9:30:58,MYOR,RG,2410,1,D,YP,OD,D
9:30:11,MYOR,RG,2410,50,D,YP,LG,D
9:30:11,MYOR,RG,2410,5,D,KK,LG,D
9:30:00,MYOR,RG,2410,2,D,KK,OD,D
9:30:00,MYOR,RG,2420,2,D,PD,CC,D
9:30:00,MYOR,RG,2420,1,D,NI,CC,D
9:29:53,MYOR,RG,2420,40,D,PD,CC,D
9:29:32,MYOR,RG,2420,6,F,ZP,CC,D
9:29:11,MYOR,RG,2420,1,D,XC,CC,D
9:29:08,MYOR,RG,2420,10,D,XC,CC,D
9:29:02,MYOR,RG,2410,2,D,KK,OD,D
9:28:54,MYOR,RG,2420,2,D,DR,CC,D
9:28:23,MYOR,RG,2420,26,F,ZP,CC,D
9:28:06,MYOR,RG,2420,20,D,YP,CC,D
9:28:02,MYOR,RG,2410,1,D,KK,OD,D
9:28:00,MYOR,RG,2410,14,D,KK,CC,D
9:28:00,MYOR,RG,2410,5,D,PD,CC,D
9:28:00,MYOR,RG,2410,1,D,PD,CC,D
9:28:00,MYOR,RG,2410,5,D,PD,CC,D
9:28:00,MYOR,RG,2410,4,D,PD,CC,D
9:28:00,MYOR,RG,2410,71,D,XC,CC,D
9:28:00,MYOR,RG,2420,1,D,PD,CC,D
9:27:49,MYOR,RG,2410,2,D,XC,AZ,D
9:27:35,MYOR,RG,2420,2,D,PD,CC,D
9:27:33,MYOR,RG,2420,2,D,PD,CC,D
9:27:21,MYOR,RG,2420,1,D,NI,CC,D
9:27:05,MYOR,RG,2420,13,D,IF,CC,D
9:27:02,MYOR,RG,2410,2,D,XC,OD,D
9:26:53,MYOR,RG,2420,21,D,XC,CC,D
9:26:00,MYOR,RG,2410,2,D,XC,OD,D
9:25:53,MYOR,RG,2410,2,D,XC,NI,D
9:24:58,MYOR,RG,2410,2,D,XC,OD,D
9:24:27,MYOR,RG,2420,3,F,ZP,CC,D
9:23:58,MYOR,RG,2410,1,D,XC,OD,D
9:23:49,MYOR,RG,2420,13,F,ZP,CC,D
9:22:59,MYOR,RG,2410,20,D,XC,PD,D
9:22:56,MYOR,RG,2410,2,D,XC,OD,D
9:22:53,MYOR,RG,2410,1,D,XC,XC,D
9:22:24,MYOR,RG,2410,4,D,XC,YP,D
9:22:23,MYOR,RG,2410,1,D,XC,XC,D
9:21:54,MYOR,RG,2410,2,D,XC,OD,D
9:20:54,MYOR,RG,2410,2,D,XC,OD,D
9:20:06,MYOR,RG,2410,3,D,XC,XC,D
9:20:01,MYOR,RG,2410,50,D,XC,CC,D
9:19:58,MYOR,RG,2410,1,D,XC,OD,D
9:19:30,MYOR,RG,2420,2,F,ZP,CC,D
9:19:28,MYOR,RG,2420,16,F,ZP,CC,D
9:19:00,MYOR,RG,2410,2,D,XC,OD,D
9:18:48,MYOR,RG,2410,20,D,XC,YP,D
9:18:32,MYOR,RG,2410,1,D,XC,XC,D
9:18:24,MYOR,RG,2410,7,D,XC,NI,D
9:18:17,MYOR,RG,2410,3,D,XC,DR,D
9:17:58,MYOR,RG,2410,1,D,GR,OD,D
9:17:58,MYOR,RG,2410,1,D,HP,OD,D
9:17:25,MYOR,RG,2420,5,D,YP,CC,D
9:17:03,MYOR,RG,2420,1,D,YP,CC,D
9:17:01,MYOR,RG,2410,2,D,HP,AT,D
9:17:00,MYOR,RG,2410,1,D,HP,OD,D
9:16:52,MYOR,RG,2420,1,D,XC,CC,D
9:16:42,MYOR,RG,2410,2,D,HP,SS,D
9:16:08,MYOR,RG,2410,1,D,HP,CC,D
9:15:58,MYOR,RG,2410,3,D,HP,OD,D
9:15:51,MYOR,RG,2420,6,D,XC,CC,D
9:15:51,MYOR,RG,2420,5,D,CC,CC,D
9:15:51,MYOR,RG,2420,20,D,YP,CC,D
9:15:51,MYOR,RG,2420,20,D,YP,CC,D
9:15:51,MYOR,RG,2420,35,D,KK,CC,D
9:15:51,MYOR,RG,2420,2,D,EP,CC,D
9:15:51,MYOR,RG,2420,1,D,XC,CC,D
9:15:51,MYOR,RG,2420,1,D,NI,CC,D
9:15:51,MYOR,RG,2420,1,D,AZ,CC,D
9:15:51,MYOR,RG,2420,16,D,YP,CC,D
9:15:51,MYOR,RG,2420,3,D,PD,CC,D
9:15:51,MYOR,RG,2420,32,F,ZP,CC,D
9:15:51,MYOR,RG,2420,3,D,XC,CC,D
9:15:51,MYOR,RG,2420,5,D,CC,CC,D
9:15:51,MYOR,RG,2420,47,D,YU,CC,D
9:15:43,MYOR,RG,2430,20,F,ZP,CC,D
9:15:43,MYOR,RG,2420,3,D,YU,CC,D
9:15:43,MYOR,RG,2420,30,F,ZP,CC,D
9:15:43,MYOR,RG,2420,1,D,NI,CC,D
9:15:43,MYOR,RG,2420,5,D,PD,CC,D
9:15:43,MYOR,RG,2420,1,D,YP,CC,D
9:15:43,MYOR,RG,2420,1,D,CC,CC,D
9:15:43,MYOR,RG,2420,10,D,NI,CC,D
9:15:43,MYOR,RG,2420,9,D,CC,CC,D
9:15:36,MYOR,RG,2420,1,D,CC,DR,D
9:15:36,MYOR,RG,2420,2,D,PD,DR,D
9:15:36,MYOR,RG,2420,3,D,XC,DR,D
9:15:36,MYOR,RG,2420,2,D,XC,DR,D
9:15:35,MYOR,RG,2420,1,D,XC,AK,F
9:15:35,MYOR,RG,2420,1,D,XC,AK,F
9:15:35,MYOR,RG,2420,1,D,XC,AK,F
9:15:35,MYOR,RG,2420,1,D,NI,AK,F
9:15:34,MYOR,RG,2420,5,D,NI,AK,F
9:15:34,MYOR,RG,2420,6,D,NI,AK,F
9:15:34,MYOR,RG,2420,4,D,PD,AK,F
9:15:34,MYOR,RG,2430,65,F,ZP,CC,D
9:15:18,MYOR,RG,2420,10,D,PD,CC,D
9:15:05,MYOR,RG,2430,1,D,XC,CC,D
9:14:56,MYOR,RG,2420,2,D,PD,OD,D
9:14:55,MYOR,RG,2420,10,D,PD,CC,D
9:14:15,MYOR,RG,2420,5,D,PD,KK,D
9:13:56,MYOR,RG,2420,10,D,PD,PD,D
9:13:54,MYOR,RG,2420,2,D,PD,OD,D
9:12:56,MYOR,RG,2420,4,D,PD,OD,D
9:12:32,MYOR,RG,2420,3,D,PD,XC,D
9:12:32,MYOR,RG,2420,15,D,KK,XC,D
9:12:32,MYOR,RG,2420,7,D,PD,XC,D
9:12:32,MYOR,RG,2420,7,D,HP,XC,D
9:12:19,MYOR,RG,2430,1,D,XC,CC,D
9:12:11,MYOR,RG,2420,3,D,HP,PD,D
9:12:11,MYOR,RG,2420,7,D,KK,PD,D
9:12:11,MYOR,RG,2420,2,D,KK,YP,D
9:11:56,MYOR,RG,2420,2,D,KK,OD,D
9:11:49,MYOR,RG,2420,15,D,KK,YP,D
9:11:26,MYOR,RG,2420,3,D,KK,CC,D
9:11:24,MYOR,RG,2420,2,D,PD,YP,D
9:11:24,MYOR,RG,2420,5,D,HP,YP,D
9:10:54,MYOR,RG,2420,3,D,HP,OD,D
9:10:37,MYOR,RG,2430,19,D,CC,CC,D
9:10:35,MYOR,RG,2430,1,D,PD,CC,D
9:10:20,MYOR,RG,2430,1,D,NI,CC,D
9:10:20,MYOR,RG,2430,1,D,XC,CC,D
9:10:20,MYOR,RG,2430,5,D,XC,CC,D
9:10:20,MYOR,RG,2430,1,D,XC,CC,D
9:10:20,MYOR,RG,2430,2,D,PD,CC,D
9:10:20,MYOR,RG,2430,2,D,CC,CC,D
9:10:20,MYOR,RG,2430,1,D,NI,CC,D
9:10:20,MYOR,RG,2430,12,D,PD,CC,D
9:10:16,MYOR,RG,2430,10,D,PD,SQ,D
9:10:07,MYOR,RG,2430,188,D,PD,EP,D
9:10:07,MYOR,RG,2430,9,D,NI,EP,D
9:10:07,MYOR,RG,2430,100,D,XL,EP,D
9:10:07,MYOR,RG,2430,10,D,CC,EP,D
9:10:07,MYOR,RG,2430,1,D,XC,EP,D
9:10:07,MYOR,RG,2430,50,D,XL,EP,D
9:10:07,MYOR,RG,2430,9,D,PD,EP,D
9:10:07,MYOR,RG,2430,4,D,XC,EP,D
9:10:07,MYOR,RG,2430,1,D,YP,EP,D
9:10:07,MYOR,RG,2430,1,D,XC,EP,D
9:10:07,MYOR,RG,2430,8,D,NI,EP,D
9:10:07,MYOR,RG,2430,143,F,ZP,EP,D
9:10:07,MYOR,RG,2430,7,D,YP,EP,D
9:10:07,MYOR,RG,2430,1,D,XC,EP,D
9:10:07,MYOR,RG,2430,68,D,YU,EP,D
9:10:02,MYOR,RG,2440,1,D,PD,YP,D
9:10:02,MYOR,RG,2430,18,D,YU,CC,D
9:09:54,MYOR,RG,2430,2,D,YU,OD,D
9:09:42,MYOR,RG,2430,1,D,YU,PD,D
9:09:34,MYOR,RG,2440,20,D,DR,YP,D
9:09:31,MYOR,RG,2430,11,D,YU,YP,D
9:09:31,MYOR,RG,2430,2,D,PD,YP,D
9:09:31,MYOR,RG,2430,2,D,CC,YP,D
9:09:31,MYOR,RG,2430,5,D,GR,YP,D
9:09:21,MYOR,RG,2430,13,D,GR,YP,D
9:09:20,MYOR,RG,2430,21,D,GR,YP,D
9:09:14,MYOR,RG,2430,2,D,GR,PD,D
9:09:10,MYOR,RG,2430,9,D,GR,IF,D
9:09:10,MYOR,RG,2430,6,D,CC,IF,D
9:09:10,MYOR,RG,2430,5,D,YP,IF,D
9:09:00,MYOR,RG,2430,3,D,YP,YP,D
9:08:52,MYOR,RG,2430,3,D,YP,OD,D
9:08:48,MYOR,RG,2430,39,D,YP,EP,D
9:08:48,MYOR,RG,2430,9,D,YP,EP,D
9:08:48,MYOR,RG,2430,1,D,CC,EP,D
9:08:48,MYOR,RG,2430,1,D,YP,EP,D
9:08:48,MYOR,RG,2430,1,D,XC,EP,D
9:08:48,MYOR,RG,2430,25,D,CC,EP,D
9:08:48,MYOR,RG,2430,24,D,YP,EP,D
9:08:48,MYOR,RG,2430,40,D,XC,EP,D
9:08:48,MYOR,RG,2430,20,D,YP,EP,D
9:08:48,MYOR,RG,2430,42,D,XC,EP,D
9:08:48,MYOR,RG,2430,98,D,NI,EP,D
9:08:36,MYOR,RG,2430,38,D,NI,CC,D
9:08:36,MYOR,RG,2430,4,D,PD,CC,D
9:08:36,MYOR,RG,2430,20,D,PD,CC,D
9:08:36,MYOR,RG,2430,3,D,CC,CC,D
9:08:36,MYOR,RG,2430,1,D,PD,CC,D
9:08:36,MYOR,RG,2430,1,D,PD,CC,D
9:08:36,MYOR,RG,2430,1,D,KK,CC,D
9:08:36,MYOR,RG,2430,2,D,XC,CC,D
9:08:36,MYOR,RG,2430,1,D,KK,CC,D
9:08:36,MYOR,RG,2430,1,D,XC,CC,D
9:08:36,MYOR,RG,2430,62,D,XC,CC,D
9:08:36,MYOR,RG,2430,1,D,PD,CC,D
9:08:36,MYOR,RG,2430,60,D,KK,CC,D
9:08:36,MYOR,RG,2430,45,D,PD,CC,D
9:08:36,MYOR,RG,2430,5,D,XC,CC,D
9:08:36,MYOR,RG,2430,125,D,PD,CC,D
9:08:36,MYOR,RG,2430,2,D,PD,CC,D
9:08:36,MYOR,RG,2430,13,D,IF,CC,D
9:07:52,MYOR,RG,2430,2,D,PD,OD,D
9:07:48,MYOR,RG,2440,1,D,XC,PD,D
9:07:43,MYOR,RG,2430,15,D,PD,SQ,D
9:07:39,MYOR,RG,2440,4,F,ZP,PD,D
9:07:39,MYOR,RG,2440,1,F,ZP,XC,D
9:07:39,MYOR,RG,2440,1,F,ZP,PD,D
9:07:39,MYOR,RG,2440,1,F,ZP,YP,D
9:07:39,MYOR,RG,2440,11,F,ZP,YP,D
9:07:22,MYOR,RG,2440,5,D,PD,YP,D
9:07:12,MYOR,RG,2440,2,D,NI,YP,D
9:07:04,MYOR,RG,2430,4,D,PD,PD,D
9:07:04,MYOR,RG,2430,11,D,CC,PD,D
9:06:57,MYOR,RG,2430,1,D,CC,YP,D
9:06:54,MYOR,RG,2440,25,D,DR,YP,D
9:06:54,MYOR,RG,2440,1,D,DR,KK,D
9:06:54,MYOR,RG,2440,1,D,DR,EP,D
9:06:54,MYOR,RG,2440,2,D,DR,AZ,D
9:06:50,MYOR,RG,2430,3,D,CC,OD,D
9:06:39,MYOR,RG,2440,1,D,XC,AZ,D
9:06:27,MYOR,RG,2440,20,D,PD,AZ,D
9:06:00,MYOR,RG,2430,17,D,CC,SQ,D
9:06:00,MYOR,RG,2440,29,F,ZP,AZ,D
9:05:58,MYOR,RG,2440,4,D,CC,AZ,D
9:05:50,MYOR,RG,2430,4,D,CC,OD,D
9:05:31,MYOR,RG,2440,1,D,YP,AZ,D
9:05:25,MYOR,RG,2440,10,D,CC,AZ,D
9:05:12,MYOR,RG,2440,2,D,PD,AZ,D
9:05:01,MYOR,RG,2430,21,D,CC,PD,D
9:04:54,MYOR,RG,2440,100,D,DX,AZ,D
9:04:21,MYOR,RG,2430,1,D,CC,EP,D
9:04:17,MYOR,RG,2440,31,D,YU,AZ,D
9:04:17,MYOR,RG,2440,2,D,YU,OD,D
9:04:17,MYOR,RG,2440,15,D,YU,CC,D
9:04:17,MYOR,RG,2440,2,D,YU,YP,D
9:04:07,MYOR,RG,2430,9,D,CC,CC,D
9:03:53,MYOR,RG,2430,15,D,CC,PD,D
9:03:52,MYOR,RG,2440,1,D,YP,OD,D
9:03:52,MYOR,RG,2440,1,D,YU,OD,D
9:03:51,MYOR,RG,2440,2,D,YU,YP,D
9:03:43,MYOR,RG,2440,1,D,YU,CC,D
9:03:19,MYOR,RG,2440,46,D,YU,EP,D
9:03:19,MYOR,RG,2440,1,D,YP,EP,D
9:03:19,MYOR,RG,2440,10,D,NI,EP,D
9:03:19,MYOR,RG,2440,43,D,YP,EP,D
9:03:00,MYOR,RG,2440,5,D,YP,GR,D
9:03:00,MYOR,RG,2440,1,D,YP,KK,D
9:02:56,MYOR,RG,2440,1,D,YP,YP,D
9:02:56,MYOR,RG,2440,5,D,XC,YP,D
9:02:56,MYOR,RG,2440,4,D,EP,YP,D
9:02:56,MYOR,RG,2440,1,D,YP,YP,D
9:02:56,MYOR,RG,2440,8,D,YP,YP,D
9:02:54,MYOR,RG,2440,2,D,YP,OD,D
9:02:50,MYOR,RG,2440,10,D,YP,AT,D
9:02:46,MYOR,RG,2440,1,D,YP,XC,D
9:02:27,MYOR,RG,2440,29,D,YP,YP,D
9:02:25,MYOR,RG,2440,1,D,PD,YP,D
9:01:48,MYOR,RG,2450,3,D,YP,PD,D
9:01:48,MYOR,RG,2450,1,D,YP,XC,D
9:01:36,MYOR,RG,2430,18,D,CC,XC,D
9:01:36,MYOR,RG,2430,1,D,AT,XC,D
9:01:36,MYOR,RG,2430,2,D,CC,XC,D
9:01:36,MYOR,RG,2430,10,D,AT,XC,D
9:01:36,MYOR,RG,2440,10,D,CC,XC,D
9:01:36,MYOR,RG,2440,100,D,SQ,XC,D
9:01:36,MYOR,RG,2440,1,D,CC,XC,D
9:01:36,MYOR,RG,2440,30,D,AZ,XC,D
9:01:36,MYOR,RG,2440,28,D,YP,XC,D
9:01:13,MYOR,RG,2440,22,D,YP,YP,D
9:01:13,MYOR,RG,2440,28,D,CC,YP,D
9:01:01,MYOR,RG,2440,1,D,CC,XC,D
9:01:00,MYOR,RG,2440,1,D,CC,YP,D
9:01:00,MYOR,RG,2440,15,D,CC,YB,D
9:01:00,MYOR,RG,2440,5,D,CC,XC,D
9:01:00,MYOR,RG,2440,15,D,CC,BQ,D
9:01:00,MYOR,RG,2440,50,D,CC,ZP,D
9:01:00,MYOR,RG,2440,2,D,CC,AT,D
9:01:00,MYOR,RG,2440,3,D,CC,PD,D
9:00:35,MYOR,RG,2440,14,D,NI,PD,D
9:00:35,MYOR,RG,2440,2,D,NI,XC,D
9:00:35,MYOR,RG,2440,4,D,NI,KK,D
9:00:29,MYOR,RG,2440,51,D,YP,KK,D
9:00:27,MYOR,RG,2440,21,D,EP,KK,D
9:00:22,MYOR,RG,2440,2,D,YB,KK,D
9:00:19,MYOR,RG,2430,10,D,AT,PD,D
9:00:19,MYOR,RG,2430,1,D,PD,PD,D
9:00:19,MYOR,RG,2430,1,D,GR,PD,D
9:00:19,MYOR,RG,2430,1,D,XC,PD,D
9:00:19,MYOR,RG,2430,2,D,XL,PD,D
9:00:19,MYOR,RG,2430,3,D,PD,PD,D
9:00:19,MYOR,RG,2430,27,D,KK,PD,D
9:00:18,MYOR,RG,2440,22,D,DR,KK,D
9:00:17,MYOR,RG,2440,2,D,DR,CC,D
9:00:11,MYOR,RG,2440,1,D,DR,PD,D
9:00:10,MYOR,RG,2440,6,D,DR,XC,D
9:00:10,MYOR,RG,2440,3,D,DR,PD,D
9:00:10,MYOR,RG,2440,2,D,DR,PD,D
9:00:09,MYOR,RG,2440,2,D,DR,PD,D
9:00:09,MYOR,RG,2440,1,D,DR,PD,D
9:00:08,MYOR,RG,2440,9,D,DR,XC,D
9:00:07,MYOR,RG,2440,11,D,DR,PD,D
9:00:07,MYOR,RG,2450,3,D,XL,XC,D
9:00:07,MYOR,RG,2440,1,D,DR,PD,D
9:00:07,MYOR,RG,2440,4,D,DR,XC,D
9:00:07,MYOR,RG,2440,2,D,DR,XC,D
9:00:07,MYOR,RG,2440,1,D,DR,PD,D
9:00:07,MYOR,RG,2440,117,D,DR,CC,D
9:00:07,MYOR,RG,2430,1,D,KK,PD,D
9:00:07,MYOR,RG,2430,1,D,KK,PD,D
9:00:06,MYOR,RG,2430,2,D,KK,PD,D
9:00:06,MYOR,RG,2430,1,D,XC,PD,D
9:00:05,MYOR,RG,2430,1,D,XC,XC,D
9:00:05,MYOR,RG,2430,1,D,XC,XC,D
9:00:03,MYOR,RG,2430,5,D,XC,GR,D
9:00:03,MYOR,RG,2430,5,D,AZ,GR,D
9:00:03,MYOR,RG,2430,5,D,TP,GR,D
9:00:01,MYOR,RG,2420,2,D,HP,OD,D
9:00:01,MYOR,RG,2430,8,D,XC,OD,D