Time,Stock,Brd,Price,Qty,BT,BC,SC,ST
15:11:44,MYOR,RG,2420,1,D,KK,KK,D
15:11:44,MYOR,RG,2420,9,D,KK,YP,D
15:07:29,MYOR,RG,2420,3,D,OD,YP,D
15:06:29,MYOR,RG,2420,13,D,YP,YP,D
15:06:29,MYOR,RG,2420,5,D,YP,EP,D
15:06:29,MYOR,RG,2420,20,D,YP,PD,D
15:06:29,MYOR,RG,2420,10,D,YP,DH,D
15:06:29,MYOR,RG,2420,2,D,YP,DR,D
15:05:02,MYOR,RG,2420,1,D,YP,CC,D
15:00:00,MYOR,RG,2420,27,D,GR,CC,D
15:00:00,MYOR,RG,2420,4,D,YP,CC,D
15:00:00,MYOR,RG,2420,18,D,KI,CC,D
15:00:00,MYOR,RG,2420,1,D,KI,XC,D
15:00:00,MYOR,RG,2420,3,D,KI,PD,D
15:00:00,MYOR,RG,2420,5,D,KI,PD,D
15:00:00,MYOR,RG,2420,12,D,KI,YP,D
15:00:00,MYOR,RG,2420,5,D,KI,XC,D
15:00:00,MYOR,RG,2420,25,D,KI,DH,D
15:00:00,MYOR,RG,2420,2,D,KI,PD,D
15:00:00,MYOR,RG,2420,1,D,KI,XC,D
15:00:00,MYOR,RG,2420,20,D,KI,OD,D
15:00:00,MYOR,RG,2420,30,D,KI,XC,D
15:00:00,MYOR,RG,2420,1,D,KI,XC,D
15:00:00,MYOR,RG,2420,5,D,KI,PD,D
15:00:00,MYOR,RG,2420,3,D,KI,NI,D
15:00:00,MYOR,RG,2420,1,D,KI,SQ,D
15:00:00,MYOR,RG,2420,5,D,KI,DH,D
15:00:00,MYOR,RG,2420,2,D,KI,SQ,D
15:00:00,MYOR,RG,2420,1,D,KI,PD,D
15:00:00,MYOR,RG,2420,2,D,KI,NI,D
15:00:00,MYOR,RG,2420,100,D,KI,CC,D
15:00:00,MYOR,RG,2420,20,D,KI,ZP,D
15:00:00,MYOR,RG,2420,1,D,KI,YP,D
15:00:00,MYOR,RG,2420,1,D,KI,XC,D
15:00:00,MYOR,RG,2420,50,D,KI,YP,D
15:00:00,MYOR,RG,2420,2,D,KI,XC,D
15:00:00,MYOR,RG,2420,1,D,KI,XC,D
15:00:00,MYOR,RG,2420,20,D,KI,AK,F
14:49:35,MYOR,RG,2400,2,D,KI,PD,D
14:49:24,MYOR,RG,2400,388,D,KI,KZ,D
14:49:24,MYOR,RG,2400,601,D,KI,KZ,D
14:49:23,MYOR,RG,2400,229,D,KI,KZ,D
14:49:23,MYOR,RG,2400,1,D,PD,KZ,D
14:49:23,MYOR,RG,2400,1031,D,KI,KZ,D
14:49:14,MYOR,RG,2400,136,D,KI,PD,D
14:48:56,MYOR,RG,2400,43,D,KI,YP,D
14:48:24,MYOR,RG,2400,1,D,KI,XC,D
14:48:13,MYOR,RG,2400,6,D,KI,XC,D
14:48:03,MYOR,RG,2400,3,D,KI,XC,D
14:47:56,MYOR,RG,2400,1,D,KI,XC,D
14:47:48,MYOR,RG,2400,7,D,KI,AK,F
14:45:50,MYOR,RG,2400,12,D,KI,DH,D
14:45:13,MYOR,RG,2400,20,D,KI,KK,D
14:44:53,MYOR,RG,2400,1,D,KI,AG,D
14:44:45,MYOR,RG,2410,50,D,PD,KZ,D
14:44:30,MYOR,RG,2410,2,D,PD,KZ,D
14:44:17,MYOR,RG,2410,1,D,XC,KZ,D
14:43:55,MYOR,RG,2410,5,D,CC,KZ,D
14:43:55,MYOR,RG,2410,39,D,AI,KZ,D
14:43:50,MYOR,RG,2410,133,D,AI,KZ,D
14:43:18,MYOR,RG,2410,15,D,AI,DH,D
14:43:03,MYOR,RG,2410,192,D,AI,KZ,D
14:43:03,MYOR,RG,2410,1,D,AI,XC,D
14:43:03,MYOR,RG,2410,177,D,AI,KZ,D
14:43:03,MYOR,RG,2410,44,D,AI,KZ,D
14:43:03,MYOR,RG,2410,1,D,AI,KZ,D
14:43:03,MYOR,RG,2410,602,D,AI,KZ,D
14:43:03,MYOR,RG,2410,86,D,AI,CC,D
14:43:03,MYOR,RG,2410,16,D,AI,BQ,D
14:43:03,MYOR,RG,2410,4,D,AI,CC,F
14:43:03,MYOR,RG,2410,54,D,AI,KZ,D
14:42:41,MYOR,RG,2410,1,D,DH,KZ,D
14:41:46,MYOR,RG,2410,3,D,PD,KZ,D
14:41:02,MYOR,RG,2400,4,D,KI,NI,D
14:40:29,MYOR,RG,2400,1,D,KI,XC,D
14:40:13,MYOR,RG,2400,5,D,KI,CC,D
14:39:53,MYOR,RG,2400,4,D,KI,XC,D
14:39:34,MYOR,RG,2410,10,D,XC,KZ,D
14:39:32,MYOR,RG,2400,3,D,KI,YP,D
14:39:22,MYOR,RG,2410,5,D,YB,KZ,D
14:39:22,MYOR,RG,2410,2,D,PD,KZ,D
14:39:22,MYOR,RG,2410,2,D,AT,KZ,D
14:39:22,MYOR,RG,2410,5,D,CC,KZ,D
14:39:22,MYOR,RG,2410,5,D,PD,KZ,D
14:39:22,MYOR,RG,2410,358,D,KI,KZ,D
14:39:18,MYOR,RG,2410,20,D,KI,YP,D
14:39:15,MYOR,RG,2410,48,D,KI,HP,D
14:39:12,MYOR,RG,2410,4,D,KI,CC,D
14:39:11,MYOR,RG,2410,15,D,KI,AT,D
14:39:11,MYOR,RG,2410,30,D,KI,CC,D
14:39:10,MYOR,RG,2410,25,D,KI,GR,D
14:38:47,MYOR,RG,2420,5,D,YB,KZ,D
14:38:47,MYOR,RG,2420,2,D,XC,KZ,D
14:38:47,MYOR,RG,2420,23,D,PD,KZ,D
14:38:44,MYOR,RG,2420,88,D,PD,SQ,D
14:38:44,MYOR,RG,2420,50,D,EP,SQ,D
14:38:44,MYOR,RG,2420,12,D,YP,SQ,D
14:38:30,MYOR,RG,2430,2,D,XC,KZ,D
14:38:25,MYOR,RG,2430,4,D,CC,KZ,D
14:37:33,MYOR,RG,2430,5,D,YB,KZ,D
14:37:32,MYOR,RG,2430,1,D,XC,KZ,D
14:37:32,MYOR,RG,2430,1,D,XC,KZ,D
14:37:32,MYOR,RG,2430,3,D,XC,KZ,D
14:37:27,MYOR,RG,2430,52,D,KI,PD,D
14:37:22,MYOR,RG,2440,2,D,PD,KZ,D
14:37:21,MYOR,RG,2430,1,D,KI,DH,D
14:37:16,MYOR,RG,2430,1,D,KI,YP,D
14:37:15,MYOR,RG,2440,30,D,NI,KZ,D
14:37:02,MYOR,RG,2440,25,D,GR,KZ,D
14:36:57,MYOR,RG,2430,298,D,KI,KZ,D
14:36:56,MYOR,RG,2440,135,D,KI,KZ,D
14:36:52,MYOR,RG,2430,3,D,KI,AT,D
14:36:44,MYOR,RG,2440,5,D,XC,KZ,D
14:36:26,MYOR,RG,2440,23,D,XC,KZ,D
14:36:23,MYOR,RG,2440,5,D,PD,KZ,D
14:36:22,MYOR,RG,2440,21,D,YP,KZ,D
14:36:17,MYOR,RG,2440,4,D,YP,KZ,D
14:36:12,MYOR,RG,2440,5,D,YP,KZ,D
14:36:12,MYOR,RG,2440,1,D,XC,KZ,D
14:36:12,MYOR,RG,2440,2,D,YB,KZ,D
14:36:12,MYOR,RG,2440,10,D,NI,KZ,D
14:36:12,MYOR,RG,2440,12,D,DH,KZ,D
14:36:12,MYOR,RG,2440,1,D,YP,KZ,D
14:36:11,MYOR,RG,2440,2,D,YP,CC,D
14:36:10,MYOR,RG,2440,7,D,YP,YP,D
14:36:10,MYOR,RG,2440,24,D,KI,YP,D
14:36:10,MYOR,RG,2440,1,D,KI,NI,D
14:36:08,MYOR,RG,2440,900,D,KI,PD,D
14:36:05,MYOR,RG,2440,22,D,KI,YP,D
14:36:05,MYOR,RG,2440,1,D,KI,XC,D
14:36:04,MYOR,RG,2440,768,D,KI,CP,D
14:36:03,MYOR,RG,2440,5,D,KI,FS,D
14:35:58,MYOR,RG,2450,3,D,PD,KK,D
14:35:58,MYOR,RG,2440,1,D,KI,YB,D
14:35:58,MYOR,RG,2440,150,D,KI,YP,D
14:35:55,MYOR,RG,2440,1,D,KI,XC,D
14:35:54,MYOR,RG,2440,50,D,KI,CC,D
14:35:53,MYOR,RG,2440,7,D,KI,NI,D
14:35:45,MYOR,RG,2440,2,D,KI,YB,D
14:35:42,MYOR,RG,2440,8,D,KI,PD,D
14:35:39,MYOR,RG,2440,2,D,KI,PD,D
14:35:12,MYOR,RG,2440,1,D,KI,XC,D
14:35:07,MYOR,RG,2450,2,D,CC,KK,D
14:35:06,MYOR,RG,2440,10,D,KI,KK,D
14:35:06,MYOR,RG,2440,5,D,KI,PD,D
14:35:05,MYOR,RG,2440,6,D,KI,PD,D
14:35:04,MYOR,RG,2440,45,D,KI,EP,D
14:34:51,MYOR,RG,2440,3,D,KI,YP,D
14:34:35,MYOR,RG,2440,1,D,KI,YP,D
14:34:33,MYOR,RG,2450,5,D,XC,KK,D
14:34:03,MYOR,RG,2450,10,D,KK,KK,D
14:33:49,MYOR,RG,2450,20,D,YU,KK,D
14:33:49,MYOR,RG,2450,5,D,PD,KK,D
14:33:45,MYOR,RG,2450,50,D,NI,KK,D
14:33:43,MYOR,RG,2440,1,D,KI,SQ,D
14:33:26,MYOR,RG,2450,50,F,KZ,KK,D
14:33:26,MYOR,RG,2450,2,F,KZ,CC,D
14:33:26,MYOR,RG,2450,1,F,KZ,OD,D
14:33:26,MYOR,RG,2450,8,F,KZ,YU,D
14:33:26,MYOR,RG,2450,5,F,KZ,NI,D
14:33:26,MYOR,RG,2450,5,F,KZ,CP,D
14:33:26,MYOR,RG,2450,1,F,KZ,YP,D
14:33:26,MYOR,RG,2450,2,F,KZ,XC,D
14:33:26,MYOR,RG,2450,8,F,KZ,EP,D
14:33:26,MYOR,RG,2450,6,F,KZ,EP,D
14:33:20,MYOR,RG,2450,1,F,KZ,EP,D
14:33:18,MYOR,RG,2450,15,F,KZ,EP,D
14:33:18,MYOR,RG,2450,20,F,KZ,YP,D
14:33:18,MYOR,RG,2450,1,F,KZ,SQ,D
14:33:18,MYOR,RG,2450,4,F,KZ,KK,D
14:33:18,MYOR,RG,2450,1,F,KZ,YP,D
14:33:18,MYOR,RG,2450,2,F,KZ,YP,D
14:33:18,MYOR,RG,2450,44,F,KZ,YP,D
14:33:18,MYOR,RG,2450,6,F,KZ,CC,D
14:33:18,MYOR,RG,2450,33,F,KZ,DR,D
14:33:18,MYOR,RG,2450,7,D,DR,DR,D
14:33:18,MYOR,RG,2450,3,D,DR,XC,D
14:33:18,MYOR,RG,2450,5,D,DR,SQ,D
14:33:10,MYOR,RG,2440,100,D,KI,CC,D
14:33:08,MYOR,RG,2440,1,D,KI,AT,D
14:32:56,MYOR,RG,2440,1,D,KI,XC,D
14:32:53,MYOR,RG,2440,5,D,KI,PD,D
14:32:35,MYOR,RG,2440,50,D,KI,EP,D
14:32:18,MYOR,RG,2440,5,D,KI,CC,D
14:32:16,MYOR,RG,2440,7,D,KI,PD,D
14:32:16,MYOR,RG,2440,1,D,KI,YP,D
14:32:16,MYOR,RG,2440,5,D,KI,YP,D
14:32:16,MYOR,RG,2440,181,D,KI,KZ,D
14:32:16,MYOR,RG,2440,40,D,KI,KK,D
14:32:16,MYOR,RG,2440,1,D,KI,YP,D
14:32:16,MYOR,RG,2440,5,D,KI,XC,D
14:32:16,MYOR,RG,2440,8,D,KI,CC,D
14:32:16,MYOR,RG,2440,125,D,KI,NI,D
14:32:16,MYOR,RG,2440,10,D,KI,AT,D
14:32:16,MYOR,RG,2440,1,D,KI,PD,D
14:32:16,MYOR,RG,2440,40,D,KI,YP,D
14:32:16,MYOR,RG,2440,22,D,KI,XC,D
14:32:16,MYOR,RG,2440,11,D,KI,XC,D
14:32:16,MYOR,RG,2440,337,D,KI,NI,D
14:32:16,MYOR,RG,2440,26,D,KI,CC,D
14:32:16,MYOR,RG,2440,1,D,KI,YP,D
14:32:16,MYOR,RG,2440,1,D,KI,YP,D
14:32:16,MYOR,RG,2440,2,D,KI,YP,D
14:32:14,MYOR,RG,2430,100,D,KI,YP,D
14:32:08,MYOR,RG,2430,5,D,KI,YP,D
14:31:48,MYOR,RG,2430,50,D,KI,XC,D
14:31:18,MYOR,RG,2430,5,D,KI,LG,D
14:31:17,MYOR,RG,2430,50,D,KI,EP,D
14:31:17,MYOR,RG,2430,543,D,KI,KZ,D
14:31:17,MYOR,RG,2430,1,D,KI,YP,D
14:31:17,MYOR,RG,2430,9,D,KI,PD,D
14:31:17,MYOR,RG,2430,1,D,KI,XC,D
14:31:17,MYOR,RG,2430,26,D,KI,EP,D
14:31:17,MYOR,RG,2430,30,D,KI,SQ,D
14:31:17,MYOR,RG,2430,20,D,KI,SQ,D
14:31:17,MYOR,RG,2430,10,D,KI,PD,D
14:31:17,MYOR,RG,2430,1,D,KI,XC,D
14:31:17,MYOR,RG,2430,100,D,KI,EP,D
14:31:17,MYOR,RG,2430,487,D,KI,KZ,D
14:31:17,MYOR,RG,2430,5,D,KI,GR,D
14:31:17,MYOR,RG,2430,30,D,KI,DH,D
14:31:17,MYOR,RG,2430,4,D,KI,PD,D
14:31:17,MYOR,RG,2430,1,D,KI,PD,D
14:31:17,MYOR,RG,2430,24,D,KI,PD,D
14:31:17,MYOR,RG,2430,2313,D,KI,SQ,D
14:31:15,MYOR,RG,2420,1,D,KI,PD,D
14:30:58,MYOR,RG,2420,5,D,KI,YP,D
14:30:56,MYOR,RG,2430,1,F,KZ,SQ,D
14:30:49,MYOR,RG,2420,7,D,KI,PD,D
14:30:15,MYOR,RG,2430,13,F,KZ,SQ,D
14:30:14,MYOR,RG,2430,250,D,KI,SQ,D
14:30:06,MYOR,RG,2430,4,F,KZ,SQ,D
14:30:05,MYOR,RG,2420,15,D,KI,YP,D
14:30:04,MYOR,RG,2420,37,D,KI,HP,D
14:30:00,MYOR,RG,2420,25,D,KI,YP,D
14:29:56,MYOR,RG,2420,5,D,KI,CC,D
14:29:44,MYOR,RG,2420,1,D,KI,DH,D
14:29:36,MYOR,RG,2430,5,F,KZ,SQ,D
14:29:32,MYOR,RG,2420,3,D,KI,AZ,D
14:29:24,MYOR,RG,2420,200,D,KI,CC,D
14:29:16,MYOR,RG,2430,14,F,KZ,SQ,D
14:29:16,MYOR,RG,2430,20,F,KZ,SQ,D
14:29:10,MYOR,RG,2420,25,D,KI,EP,D
14:29:09,MYOR,RG,2420,50,D,KI,LS,D
14:28:52,MYOR,RG,2420,25,D,KI,YP,D
14:28:38,MYOR,RG,2420,10,D,KI,YP,D
14:28:38,MYOR,RG,2420,1,D,KI,PD,D
14:28:38,MYOR,RG,2420,363,D,KI,KZ,D
14:28:33,MYOR,RG,2420,10,D,NI,KZ,D
14:28:14,MYOR,RG,2420,12,D,YP,KZ,D
14:28:14,MYOR,RG,2420,15,F,KZ,KZ,D
14:28:14,MYOR,RG,2420,100,D,RF,KZ,D
14:28:10,MYOR,RG,2430,250,D,KI,SQ,D
14:28:03,MYOR,RG,2430,130,D,KI,SQ,D
14:28:03,MYOR,RG,2430,211,D,KI,BQ,D
14:28:03,MYOR,RG,2420,9,D,KI,PD,D
14:27:55,MYOR,RG,2420,1,F,KZ,PD,D
14:27:54,MYOR,RG,2420,3,D,PD,KZ,D
14:27:54,MYOR,RG,2420,1,F,KZ,KZ,D
14:27:54,MYOR,RG,2420,2,F,KZ,KZ,D
14:27:54,MYOR,RG,2420,2,F,KZ,KZ,D
14:27:54,MYOR,RG,2420,10,D,DH,KZ,D
14:27:54,MYOR,RG,2420,3,F,KZ,KZ,D
14:27:54,MYOR,RG,2420,25,D,KK,KZ,D
14:27:54,MYOR,RG,2430,3,D,PD,BQ,D
14:27:47,MYOR,RG,2430,1,D,KK,BQ,D
14:27:42,MYOR,RG,2430,9,F,KZ,BQ,D
14:27:42,MYOR,RG,2430,27,D,RF,BQ,D
14:27:38,MYOR,RG,2430,73,D,RF,PD,D
14:27:37,MYOR,RG,2420,6,D,KK,DR,D
14:27:26,MYOR,RG,2430,2,F,KZ,PD,D
14:27:24,MYOR,RG,2430,20,D,KK,PD,D
14:27:20,MYOR,RG,2430,4,D,CC,PD,D
14:27:19,MYOR,RG,2430,1,F,KZ,PD,D
14:27:18,MYOR,RG,2430,2,F,KZ,LS,D
14:27:10,MYOR,RG,2430,1,F,KZ,CC,F
14:27:09,MYOR,RG,2420,2,D,KK,XC,D
14:27:09,MYOR,RG,2430,2,F,KZ,CC,F
14:27:08,MYOR,RG,2430,38,F,KZ,CC,F
14:27:08,MYOR,RG,2430,1,F,KZ,XC,D
14:27:08,MYOR,RG,2430,10,F,KZ,YP,D
14:27:08,MYOR,RG,2430,1,F,KZ,XC,D
14:27:08,MYOR,RG,2430,1,F,KZ,DH,D
14:27:08,MYOR,RG,2430,1,F,KZ,PD,D
14:27:08,MYOR,RG,2430,1,F,KZ,YP,D
14:27:08,MYOR,RG,2430,2,F,KZ,NI,D
14:27:05,MYOR,RG,2430,6,D,KI,NI,D
14:27:05,MYOR,RG,2430,4,D,KI,YP,D
14:27:05,MYOR,RG,2430,2,D,KI,PD,D
14:27:05,MYOR,RG,2430,10,D,KI,YP,D
14:27:05,MYOR,RG,2430,1,D,KI,YP,D
14:27:05,MYOR,RG,2430,2,D,KI,YP,D
14:27:05,MYOR,RG,2430,10,D,KI,YP,D
14:27:05,MYOR,RG,2430,5,D,KI,PD,D
14:27:05,MYOR,RG,2430,100,D,KI,EP,D
14:27:05,MYOR,RG,2420,10,D,KI,PD,D
14:27:05,MYOR,RG,2420,1,D,KI,PD,D
14:27:05,MYOR,RG,2420,82,D,KI,KZ,D
14:27:05,MYOR,RG,2420,5,D,KI,NI,D
14:27:05,MYOR,RG,2420,9,D,KI,PD,D
14:27:05,MYOR,RG,2420,2,D,KI,PD,D
14:27:05,MYOR,RG,2420,40,D,KI,YP,D
14:27:05,MYOR,RG,2420,5,D,KI,YP,D
14:27:05,MYOR,RG,2420,8,D,KI,NI,D
14:27:05,MYOR,RG,2420,1,D,KI,PD,D
14:27:05,MYOR,RG,2420,2,D,KI,PD,D
14:27:05,MYOR,RG,2420,1,D,KI,YP,D
14:27:05,MYOR,RG,2420,25,D,KI,YP,D
14:27:05,MYOR,RG,2420,10,D,KI,YP,D
14:27:05,MYOR,RG,2420,2,D,KI,DR,D
14:27:05,MYOR,RG,2420,1,D,KI,NI,D
14:27:05,MYOR,RG,2420,1,D,KI,PD,D
14:27:05,MYOR,RG,2420,1,D,KI,YP,D
14:27:05,MYOR,RG,2420,40,D,KI,YP,D
14:27:05,MYOR,RG,2420,1,D,KI,YP,D
14:27:05,MYOR,RG,2420,1,D,KI,YP,D
14:27:05,MYOR,RG,2420,10,D,KI,YP,D
14:27:05,MYOR,RG,2420,1,D,KI,PD,D
14:27:05,MYOR,RG,2410,5,D,KI,DH,D
14:27:05,MYOR,RG,2410,296,D,KI,KZ,D
14:27:05,MYOR,RG,2410,5,D,KI,YP,D
14:27:05,MYOR,RG,2410,93,D,KI,KZ,D
14:27:05,MYOR,RG,2410,25,D,KI,CC,D
14:27:05,MYOR,RG,2410,59,D,KI,EP,D
14:27:05,MYOR,RG,2410,1,D,KI,PD,D
14:27:05,MYOR,RG,2410,50,D,KI,PD,D
14:27:05,MYOR,RG,2410,67,D,KI,CP,D
14:26:41,MYOR,RG,2410,33,D,RF,CP,D
14:26:41,MYOR,RG,2410,6,D,RF,DH,D
14:26:41,MYOR,RG,2410,25,D,RF,YP,D
14:26:41,MYOR,RG,2410,5,D,RF,CC,D
14:26:41,MYOR,RG,2410,1,D,RF,XC,D
14:26:39,MYOR,RG,2400,10,D,KI,NI,D
14:26:37,MYOR,RG,2410,1,D,RF,XC,D
14:26:37,MYOR,RG,2410,10,D,RF,GR,D
14:26:37,MYOR,RG,2410,1,D,RF,YP,D
14:26:37,MYOR,RG,2410,1,D,RF,YP,D
14:26:37,MYOR,RG,2410,10,D,RF,YP,D
14:26:37,MYOR,RG,2410,1,D,RF,XC,D
14:26:37,MYOR,RG,2410,85,D,RF,GR,D
14:26:37,MYOR,RG,2410,2,D,RF,PD,D
14:26:21,MYOR,RG,2400,1,D,KI,XC,D
14:26:21,MYOR,RG,2400,1,D,KI,NI,D
14:26:21,MYOR,RG,2400,6,D,KI,PD,D
14:26:21,MYOR,RG,2400,2,D,KI,KK,D
14:26:21,MYOR,RG,2400,20,D,KI,PD,D
14:26:21,MYOR,RG,2400,27,D,KI,XC,D
14:26:21,MYOR,RG,2400,4,D,KI,CC,D
14:26:21,MYOR,RG,2400,15,D,KI,CC,D
14:26:21,MYOR,RG,2400,10,D,KI,YP,D
14:26:21,MYOR,RG,2400,1,D,KI,PD,D
14:26:21,MYOR,RG,2400,4,D,KI,XC,D
14:26:21,MYOR,RG,2400,1,D,KI,XC,D
14:26:21,MYOR,RG,2400,20,D,KI,CC,D
14:26:21,MYOR,RG,2400,29,D,KI,EP,D
14:26:21,MYOR,RG,2400,1,D,KI,EP,D
14:26:21,MYOR,RG,2400,2,D,KI,CC,D
14:26:21,MYOR,RG,2400,11,D,KI,PD,D
14:26:21,MYOR,RG,2400,4,D,KI,PD,D
14:26:21,MYOR,RG,2400,1,D,KI,DH,D
14:26:21,MYOR,RG,2400,1,D,KI,YP,D
14:26:21,MYOR,RG,2400,40,D,KI,CC,D
14:26:21,MYOR,RG,2400,1,D,KI,XC,D
14:26:21,MYOR,RG,2400,1,D,KI,XC,D
14:26:21,MYOR,RG,2400,9,D,KI,CC,D
14:26:10,MYOR,RG,2400,1,D,BQ,CC,D
14:26:10,MYOR,RG,2400,40,D,BQ,DH,D
14:26:10,MYOR,RG,2400,5,D,BQ,CC,D
14:26:10,MYOR,RG,2400,1,D,BQ,PD,D
14:26:10,MYOR,RG,2400,10,D,BQ,AZ,D
14:26:10,MYOR,RG,2400,6,D,BQ,XC,D
14:26:10,MYOR,RG,2400,5,D,BQ,XC,D
14:26:10,MYOR,RG,2400,8,D,BQ,PD,D
14:26:10,MYOR,RG,2400,9,D,BQ,CC,D
14:26:10,MYOR,RG,2400,1,D,BQ,PD,D
14:26:10,MYOR,RG,2400,2,D,BQ,PD,D
14:26:10,MYOR,RG,2400,30,D,BQ,TP,D
14:26:10,MYOR,RG,2400,100,D,BQ,YP,D
14:26:10,MYOR,RG,2400,29,D,BQ,YP,D
14:26:10,MYOR,RG,2400,1,D,BQ,XC,D
14:26:10,MYOR,RG,2400,1,D,BQ,PD,D
14:26:10,MYOR,RG,2400,2,D,BQ,LG,D
14:26:09,MYOR,RG,2400,3,D,KK,LG,D
14:26:09,MYOR,RG,2400,1,D,KK,PD,D
14:26:09,MYOR,RG,2400,5,D,KK,DH,D
14:26:09,MYOR,RG,2400,1,D,KK,AT,D
14:26:08,MYOR,RG,2400,22,D,YP,AT,D
14:26:06,MYOR,RG,2400,200,D,RF,AT,D
14:25:59,MYOR,RG,2400,6,D,CC,AT,D
14:25:59,MYOR,RG,2400,5,D,CC,CC,D
14:25:59,MYOR,RG,2400,9,D,CC,YP,D
14:25:58,MYOR,RG,2400,1,D,YP,YP,D
14:25:58,MYOR,RG,2400,1,D,YP,PD,D
14:25:58,MYOR,RG,2400,10,D,YP,NI,D
14:25:58,MYOR,RG,2400,5,D,YP,PD,D
14:25:58,MYOR,RG,2400,2,D,YP,LS,D
14:25:58,MYOR,RG,2400,3,D,YP,XC,D
14:25:58,MYOR,RG,2400,20,D,YP,SQ,D
14:25:58,MYOR,RG,2400,1,D,YP,PD,D
14:25:58,MYOR,RG,2400,5,D,YP,NI,D
14:25:58,MYOR,RG,2400,1,D,YP,YP,D
14:25:58,MYOR,RG,2400,4,D,YP,YP,D
14:25:58,MYOR,RG,2400,5,D,YP,YP,D
14:25:58,MYOR,RG,2400,10,D,YP,AG,D
14:25:58,MYOR,RG,2400,1,D,YP,KK,D
14:25:58,MYOR,RG,2400,1,D,YP,PD,D
14:25:58,MYOR,RG,2400,2,D,YP,DH,D
14:25:58,MYOR,RG,2400,9,D,YP,XC,D
14:25:49,MYOR,RG,2390,5,D,AI,KK,D
14:25:45,MYOR,RG,2390,9,D,AI,EP,D
14:25:45,MYOR,RG,2390,219,D,AI,CC,F
14:25:45,MYOR,RG,2390,3,D,AI,KZ,D
14:25:33,MYOR,RG,2380,4,D,RF,PD,D
14:25:11,MYOR,RG,2390,3,D,RF,KZ,D
14:25:08,MYOR,RG,2390,13,D,RF,AK,F
14:24:58,MYOR,RG,2390,184,D,RF,KZ,D
14:24:58,MYOR,RG,2390,1,D,PD,KZ,D
14:24:58,MYOR,RG,2390,15,D,AI,KZ,D
14:24:28,MYOR,RG,2390,7,D,AI,DX,D
14:24:17,MYOR,RG,2390,1,D,AI,CC,D
14:23:16,MYOR,RG,2390,1,D,AI,YP,D
14:23:09,MYOR,RG,2390,10,D,AI,YP,D
14:23:03,MYOR,RG,2390,1,D,AI,YP,D
14:22:51,MYOR,RG,2390,1,D,AI,XC,D
14:21:37,MYOR,RG,2390,1,D,AI,YP,D
14:21:37,MYOR,RG,2390,9,D,AI,PD,D
14:21:37,MYOR,RG,2390,2,D,AI,PD,D
14:21:37,MYOR,RG,2390,1,D,AI,XC,D
14:21:37,MYOR,RG,2390,2,D,AI,YP,D
14:21:37,MYOR,RG,2390,1,D,AI,YP,D
14:21:37,MYOR,RG,2390,11,D,AI,AT,D
14:21:37,MYOR,RG,2390,6,D,AI,EP,D
14:21:37,MYOR,RG,2390,2,D,AI,PD,D
14:21:37,MYOR,RG,2390,25,D,AI,PD,D
14:21:37,MYOR,RG,2390,23,D,AI,DH,D
14:21:37,MYOR,RG,2390,4,D,AI,PD,D
14:21:37,MYOR,RG,2390,100,D,AI,EP,D
14:21:37,MYOR,RG,2390,5,D,AI,YP,D
14:21:37,MYOR,RG,2390,100,D,AI,PD,D
14:21:37,MYOR,RG,2390,5,D,AI,DH,D
14:21:37,MYOR,RG,2390,15,D,AI,NI,D
14:21:37,MYOR,RG,2390,55,D,AI,DH,D
14:21:37,MYOR,RG,2390,7,D,AI,XC,D
14:21:37,MYOR,RG,2390,2,D,AI,PD,D
14:21:37,MYOR,RG,2390,1,D,AI,PD,D
14:21:37,MYOR,RG,2390,2,D,AI,XC,D
14:21:37,MYOR,RG,2390,5,D,AI,CC,D
14:21:37,MYOR,RG,2390,1700,D,AI,NI,D
14:21:37,MYOR,RG,2390,10,D,AI,PD,D
14:21:37,MYOR,RG,2390,5,D,AI,NI,D
14:21:37,MYOR,RG,2390,1,D,AI,PD,D
14:21:37,MYOR,RG,2390,1,D,AI,YP,D
14:21:37,MYOR,RG,2390,8,D,AI,EP,D
14:21:37,MYOR,RG,2390,55,D,AI,CC,D
14:21:18,MYOR,RG,2380,45,D,RF,CC,F
14:21:18,MYOR,RG,2380,5,D,RF,PD,D
14:21:18,MYOR,RG,2380,1,D,RF,YP,D
14:21:18,MYOR,RG,2380,8,D,RF,PD,D
14:21:18,MYOR,RG,2380,1,D,RF,PD,D
14:21:18,MYOR,RG,2380,21,D,RF,CC,D
14:21:18,MYOR,RG,2380,45,D,RF,YP,D
14:21:14,MYOR,RG,2380,4,D,KK,YP,D
14:20:37,MYOR,RG,2380,51,D,RF,YP,D
14:20:37,MYOR,RG,2380,1,D,RF,PD,D
14:20:37,MYOR,RG,2380,1,D,RF,XC,D
14:20:37,MYOR,RG,2380,75,D,RF,NI,D
14:20:37,MYOR,RG,2380,72,D,RF,XC,D
14:20:26,MYOR,RG,2380,28,D,AI,XC,D
14:20:26,MYOR,RG,2380,5,D,AI,YP,D
14:20:26,MYOR,RG,2380,1,D,AI,XC,D
14:20:26,MYOR,RG,2380,20,D,AI,CC,D
14:20:26,MYOR,RG,2380,1,D,AI,YB,D
14:20:26,MYOR,RG,2380,1,D,AI,XC,D
14:20:26,MYOR,RG,2380,1,D,AI,NI,D
14:20:26,MYOR,RG,2380,53,D,AI,CC,F
14:20:26,MYOR,RG,2380,50,D,AI,YP,D
14:20:26,MYOR,RG,2380,10,D,AI,XC,D
14:20:26,MYOR,RG,2380,1,D,AI,DH,D
14:20:26,MYOR,RG,2380,1,D,AI,PD,D
14:20:26,MYOR,RG,2380,20,D,AI,TP,D
14:20:26,MYOR,RG,2380,10,D,AI,YP,D
14:20:26,MYOR,RG,2380,10,D,AI,XC,D
14:20:26,MYOR,RG,2380,10,D,AI,CC,D
14:20:26,MYOR,RG,2380,1,D,AI,CC,D
14:20:26,MYOR,RG,2380,3,D,AI,PD,D
14:20:26,MYOR,RG,2380,5,D,AI,GR,D
14:20:26,MYOR,RG,2380,1,D,AI,NI,D
14:20:26,MYOR,RG,2380,50,D,AI,XC,D
14:20:26,MYOR,RG,2380,5,D,AI,DH,D
14:20:26,MYOR,RG,2380,10,D,AI,XC,D
14:20:26,MYOR,RG,2380,403,D,AI,CC,D
14:18:05,MYOR,RG,2380,97,D,RF,CC,D
14:18:05,MYOR,RG,2380,10,D,RF,PD,D
14:18:05,MYOR,RG,2380,1,D,RF,PD,D
14:18:05,MYOR,RG,2380,2,D,RF,KK,D
14:18:05,MYOR,RG,2380,2,D,RF,PD,D
14:18:05,MYOR,RG,2380,10,D,RF,PD,D
14:18:05,MYOR,RG,2380,5,D,RF,YP,D
14:18:05,MYOR,RG,2380,1,D,RF,IF,D
14:18:05,MYOR,RG,2380,72,D,RF,YP,D
14:17:13,MYOR,RG,2380,1,D,XC,YP,D
14:17:08,MYOR,RG,2380,5,D,PD,YP,D
14:16:55,MYOR,RG,2380,4,D,XC,YP,D
14:12:53,MYOR,RG,2380,1,D,TF,YP,D
14:12:19,MYOR,RG,2380,1,D,XC,YP,D
14:12:04,MYOR,RG,2380,116,D,RF,YP,D
14:12:04,MYOR,RG,2380,50,D,RF,BQ,D
14:12:04,MYOR,RG,2380,3,D,RF,AZ,D
14:12:04,MYOR,RG,2380,3,D,RF,PD,D
14:12:04,MYOR,RG,2380,2,D,RF,KK,D
14:12:04,MYOR,RG,2380,10,D,RF,PD,D
14:12:04,MYOR,RG,2380,1,D,RF,XC,D
14:12:04,MYOR,RG,2380,2,D,RF,AN,D
14:12:04,MYOR,RG,2380,2,D,RF,LS,D
14:12:04,MYOR,RG,2380,1,D,RF,YP,D
14:12:04,MYOR,RG,2380,2,D,RF,AN,D
14:12:04,MYOR,RG,2380,1,D,RF,NI,D
14:12:04,MYOR,RG,2380,7,D,RF,YP,D
14:11:47,MYOR,RG,2370,1,D,CP,CC,D
14:08:13,MYOR,RG,2370,6,D,CP,XC,D
14:06:58,MYOR,RG,2370,1,D,CP,PD,D
14:05:33,MYOR,RG,2370,10,D,CP,YJ,D
14:05:33,MYOR,RG,2370,15,D,YP,YJ,D
14:04:46,MYOR,RG,2370,3,D,YP,PD,D
14:04:18,MYOR,RG,2370,1,D,YP,PD,D
14:02:12,MYOR,RG,2370,1,D,YP,PD,D
14:02:00,MYOR,RG,2370,1,D,YP,XC,D
14:01:15,MYOR,RG,2370,5,D,YP,AT,D
13:58:09,MYOR,RG,2370,1,D,YP,NI,D
13:57:56,MYOR,RG,2370,3,D,YP,NI,D
13:57:29,MYOR,RG,2370,1,D,YP,NI,D
13:53:20,MYOR,RG,2370,1,D,XC,AK,F
13:53:20,MYOR,RG,2370,70,D,CP,AK,F
13:53:17,MYOR,RG,2370,1,D,CP,XC,D
13:53:16,MYOR,RG,2370,1,D,CP,YP,D
13:53:13,MYOR,RG,2370,1,D,CP,XC,D
13:52:37,MYOR,RG,2370,2,D,CP,XC,D
13:52:13,MYOR,RG,2370,58,D,CP,CC,F
13:52:13,MYOR,RG,2370,117,D,CP,AK,F
13:51:22,MYOR,RG,2370,2,D,CP,AK,F
13:51:22,MYOR,RG,2370,75,D,CP,SQ,D
13:51:22,MYOR,RG,2370,1,D,CP,CC,D
13:51:22,MYOR,RG,2370,78,D,CP,AK,F
13:51:22,MYOR,RG,2370,2,D,CP,PD,D
13:51:22,MYOR,RG,2370,6,D,CP,AT,D
13:51:22,MYOR,RG,2370,4,D,CP,NI,D
13:51:22,MYOR,RG,2370,86,D,CP,CC,F
13:51:22,MYOR,RG,2370,81,D,CP,AK,F
13:51:22,MYOR,RG,2370,10,D,CP,YP,D
13:51:22,MYOR,RG,2370,26,D,CP,XC,D
13:51:22,MYOR,RG,2370,1,D,CP,XC,D
13:51:22,MYOR,RG,2370,40,D,CP,KK,D
13:51:22,MYOR,RG,2370,5,D,CP,SQ,D
13:51:22,MYOR,RG,2370,60,D,CP,PD,D
13:51:22,MYOR,RG,2370,6,D,CP,PD,D
13:51:22,MYOR,RG,2370,5,D,CP,PD,D
13:51:22,MYOR,RG,2370,1,D,CP,YP,D
13:51:22,MYOR,RG,2370,5,D,CP,DH,D
13:51:22,MYOR,RG,2370,3,D,CP,XC,D
13:51:22,MYOR,RG,2370,1,D,CP,XC,D
13:51:22,MYOR,RG,2370,2,D,CP,CC,D
13:47:19,MYOR,RG,2370,3,D,EP,CC,D
13:47:12,MYOR,RG,2370,2,D,EP,CC,D
13:47:02,MYOR,RG,2370,1,D,EP,CC,D
13:44:14,MYOR,RG,2360,1,D,RF,PD,D
13:43:24,MYOR,RG,2360,40,D,RF,CC,F
13:43:11,MYOR,RG,2360,28,D,RF,CC,F
13:43:05,MYOR,RG,2360,1,D,RF,CC,F
13:43:01,MYOR,RG,2360,9,D,RF,DR,D
13:41:44,MYOR,RG,2370,1,D,NI,CC,D
13:41:44,MYOR,RG,2370,1,D,XC,CC,D
13:40:42,MYOR,RG,2360,10,D,RF,BQ,D
13:37:16,MYOR,RG,2360,1,D,PD,CC,F
13:37:16,MYOR,RG,2360,13,F,KZ,CC,F
13:37:08,MYOR,RG,2360,3,F,KZ,CC,F
13:35:52,MYOR,RG,2360,7,F,KZ,CC,D
13:34:44,MYOR,RG,2360,3,F,KZ,CC,F
13:34:40,MYOR,RG,2360,250,F,KZ,CC,F
13:32:37,MYOR,RG,2360,199,D,RF,CC,F
13:32:37,MYOR,RG,2360,1,D,RF,CC,D
13:30:11,MYOR,RG,2360,19,F,KZ,CC,D
13:30:11,MYOR,RG,2360,50,F,KZ,YP,D
13:30:11,MYOR,RG,2360,1,F,KZ,XC,D
13:30:07,MYOR,RG,2360,1,D,YP,XC,D
13:30:07,MYOR,RG,2350,11,F,KZ,PD,D
13:30:06,MYOR,RG,2350,1,F,KZ,CC,D
13:30:06,MYOR,RG,2350,8,D,XC,CC,D
13:30:06,MYOR,RG,2360,33,F,KZ,CC,D
13:30:05,MYOR,RG,2360,8,F,KZ,DR,D
13:30:05,MYOR,RG,2360,5,F,KZ,DR,D
13:30:05,MYOR,RG,2360,34,F,KZ,YP,D
13:30:05,MYOR,RG,2350,5,D,XC,DH,D
13:30:05,MYOR,RG,2360,1,D,PD,YP,D
13:30:05,MYOR,RG,2360,9,D,PD,PD,D
13:30:04,MYOR,RG,2350,50,D,XC,PD,D
13:30:04,MYOR,RG,2360,8,D,PD,PD,D
13:30:04,MYOR,RG,2360,5,D,PD,PD,D
13:30:04,MYOR,RG,2350,5,D,XC,DR,D
13:30:04,MYOR,RG,2350,1,D,XC,DR,D
13:30:04,MYOR,RG,2350,1,D,XC,DR,D
13:30:04,MYOR,RG,2350,3,D,PD,DR,D
13:30:03,MYOR,RG,2350,1,D,PD,PD,D
13:30:03,MYOR,RG,2350,4,D,PD,YP,D
13:30:03,MYOR,RG,2350,3,D,PD,PD,D
13:30:03,MYOR,RG,2350,1,D,PD,PD,D
13:30:03,MYOR,RG,2360,2,D,DH,PD,D
13:30:03,MYOR,RG,2360,3,D,RF,PD,D
13:30:02,MYOR,RG,2360,1,D,RF,EP,D
13:30:02,MYOR,RG,2360,1,D,RF,XC,D
13:30:02,MYOR,RG,2360,1,D,RF,YB,D
13:30:02,MYOR,RG,2360,194,D,RF,CC,D
11:29:17,MYOR,RG,2350,20,D,PD,FZ,D
11:28:46,MYOR,RG,2350,8,D,PD,KK,D
11:25:52,MYOR,RG,2360,1,F,KZ,CC,D
11:25:52,MYOR,RG,2360,1,D,XC,CC,D
11:25:52,MYOR,RG,2360,10,F,KZ,CC,D
11:25:52,MYOR,RG,2360,30,D,DX,CC,D
11:25:52,MYOR,RG,2360,100,F,KZ,CC,D
11:25:52,MYOR,RG,2360,150,F,KZ,CC,D
11:25:52,MYOR,RG,2360,1,F,KZ,CC,D
11:25:52,MYOR,RG,2360,3,F,KZ,CC,D
11:25:52,MYOR,RG,2360,1,D,XC,CC,D
11:25:52,MYOR,RG,2360,1,D,PD,CC,D
11:25:52,MYOR,RG,2360,1,D,NI,CC,D
11:25:52,MYOR,RG,2360,6,D,XC,CC,D
11:25:52,MYOR,RG,2360,1,D,YP,CC,D
11:24:38,MYOR,RG,2360,1,D,YP,CC,F
11:24:31,MYOR,RG,2360,11,D,YP,CC,F
11:24:31,MYOR,RG,2360,5,F,KZ,CC,F
11:24:22,MYOR,RG,2360,7,F,KZ,CC,F
11:24:06,MYOR,RG,2360,5,F,KZ,XC,D
11:24:04,MYOR,RG,2360,30,D,AI,CC,D
11:20:49,MYOR,RG,2370,19,D,CP,CC,F
11:20:49,MYOR,RG,2370,41,D,CP,AK,F
11:17:44,MYOR,RG,2360,10,D,AI,CC,D
11:14:47,MYOR,RG,2360,10,D,AI,CC,D
11:14:47,MYOR,RG,2360,6,D,AT,CC,D
11:14:47,MYOR,RG,2360,1,D,NI,CC,D
11:14:47,MYOR,RG,2360,3,F,KZ,CC,D
11:14:47,MYOR,RG,2360,1,D,NI,CC,D
11:14:47,MYOR,RG,2360,1,D,XC,CC,D
11:14:47,MYOR,RG,2360,1,F,KZ,CC,D
11:14:47,MYOR,RG,2360,1,F,KZ,CC,D
11:14:47,MYOR,RG,2360,2,F,KZ,CC,D
11:14:47,MYOR,RG,2360,1,F,KZ,CC,D
11:14:47,MYOR,RG,2360,5,F,KZ,CC,D
11:14:02,MYOR,RG,2360,1,F,KZ,PD,D
11:13:14,MYOR,RG,2360,2,F,KZ,DH,D
11:13:14,MYOR,RG,2360,1,F,KZ,DH,D
11:13:14,MYOR,RG,2360,2,D,XC,DH,D
11:10:17,MYOR,RG,2360,3,D,XC,OD,D
11:10:17,MYOR,RG,2360,1,D,XC,OD,D
11:10:17,MYOR,RG,2360,6,D,CC,OD,D
11:09:52,MYOR,RG,2360,10,D,CC,NI,D
11:09:37,MYOR,RG,2360,4,D,CC,CC,D
11:09:37,MYOR,RG,2360,2,D,XC,CC,D
11:09:37,MYOR,RG,2360,14,F,KZ,CC,D
11:09:37,MYOR,RG,2360,40,D,YP,CC,D
11:09:37,MYOR,RG,2360,34,F,KZ,CC,D
11:09:37,MYOR,RG,2360,6,D,YP,CC,D
11:07:56,MYOR,RG,2360,24,D,YP,GR,D
11:07:56,MYOR,RG,2360,1,D,XC,GR,D
11:07:56,MYOR,RG,2360,1,D,XC,GR,D
11:07:56,MYOR,RG,2360,10,D,XA,GR,D
11:07:56,MYOR,RG,2360,1,D,DR,GR,D
11:07:56,MYOR,RG,2360,2,D,NI,GR,D
11:07:56,MYOR,RG,2360,10,D,YP,GR,D
11:07:56,MYOR,RG,2360,10,D,PD,GR,D
11:07:56,MYOR,RG,2360,1,D,XC,GR,D
11:07:56,MYOR,RG,2360,1,D,LG,GR,D
11:04:24,MYOR,RG,2360,1,D,LG,DH,D
11:04:16,MYOR,RG,2360,5,D,LG,DH,D
11:02:07,MYOR,RG,2360,1,D,LG,YP,D
11:01:58,MYOR,RG,2360,13,D,LG,YP,D
11:01:58,MYOR,RG,2360,10,D,CC,YP,D
11:01:58,MYOR,RG,2360,4,D,DH,YP,D
11:01:58,MYOR,RG,2360,6,D,XC,YP,D
11:01:58,MYOR,RG,2360,1,D,PD,YP,D
11:01:58,MYOR,RG,2360,1,D,XC,YP,D
11:01:58,MYOR,RG,2360,4,D,PD,YP,D
11:01:58,MYOR,RG,2360,1,F,KZ,YP,D
11:00:35,MYOR,RG,2360,1,F,KZ,XC,D
10:55:24,MYOR,RG,2360,5,F,KZ,XC,D
10:55:24,MYOR,RG,2360,3,D,YP,XC,D
10:52:47,MYOR,RG,2360,1,D,YP,XC,D
10:52:47,MYOR,RG,2360,9,D,XC,XC,D
10:52:02,MYOR,RG,2360,1,D,XC,XC,D
10:52:02,MYOR,RG,2360,1,D,CP,XC,D
10:50:37,MYOR,RG,2370,40,D,PD,AK,F
10:50:17,MYOR,RG,2370,2,D,XC,AK,F
10:50:17,MYOR,RG,2370,1,D,XC,XC,D
10:47:38,MYOR,RG,2370,1,D,XC,AK,F
10:47:38,MYOR,RG,2370,197,D,AI,AK,F
10:47:38,MYOR,RG,2370,50,D,AI,GR,D
10:46:58,MYOR,RG,2370,250,D,AI,AK,F
10:46:58,MYOR,RG,2370,2,D,AI,GR,D
10:45:47,MYOR,RG,2370,1,D,AI,XC,D
10:45:45,MYOR,RG,2370,7,D,AI,PD,D
10:44:54,MYOR,RG,2370,25,D,AI,PD,D
10:44:54,MYOR,RG,2370,1,D,AI,AT,D
10:44:54,MYOR,RG,2370,1,D,AI,AT,D
10:44:54,MYOR,RG,2370,5,D,AI,PD,D
10:44:54,MYOR,RG,2370,5,D,AI,KK,D
10:44:54,MYOR,RG,2370,20,D,AI,DH,D
10:44:54,MYOR,RG,2370,8,D,AI,PD,D
10:44:54,MYOR,RG,2370,1,D,AI,PD,D
10:44:54,MYOR,RG,2370,10,D,AI,CC,D
10:44:54,MYOR,RG,2370,40,D,AI,PD,D
10:44:54,MYOR,RG,2370,5,D,AI,DH,D
10:44:54,MYOR,RG,2370,1,D,AI,KK,D
10:44:54,MYOR,RG,2370,6,D,AI,AT,D
10:44:54,MYOR,RG,2370,5,D,AI,NI,D
10:44:54,MYOR,RG,2370,126,D,AI,CC,F
10:44:54,MYOR,RG,2370,1,D,AI,YP,D
10:44:54,MYOR,RG,2370,10,D,AI,XC,D
10:44:54,MYOR,RG,2370,10,D,AI,NI,D
10:44:54,MYOR,RG,2370,4,D,AI,YU,D
10:44:54,MYOR,RG,2370,2,D,AI,PD,D
10:44:54,MYOR,RG,2370,8,D,AI,XC,D
10:44:54,MYOR,RG,2370,1,D,AI,XC,D
10:44:54,MYOR,RG,2370,1,D,AI,XC,D
10:44:54,MYOR,RG,2370,20,D,AI,XC,D
10:44:54,MYOR,RG,2370,1,D,AI,XC,D
10:44:54,MYOR,RG,2370,2,D,AI,PD,D
10:44:54,MYOR,RG,2370,1,D,AI,XC,D
10:44:54,MYOR,RG,2370,5,D,AI,ZP,D
10:44:54,MYOR,RG,2370,10,D,AI,CC,D
10:44:54,MYOR,RG,2370,10,D,AI,CC,D
10:44:54,MYOR,RG,2370,102,D,AI,AK,F
10:44:54,MYOR,RG,2370,3,D,AI,PD,D
10:44:54,MYOR,RG,2370,5,D,AI,YP,D
10:44:54,MYOR,RG,2370,6,D,AI,KK,D
10:44:54,MYOR,RG,2370,1,D,AI,NI,D
10:44:54,MYOR,RG,2370,1,D,AI,DH,D
10:44:54,MYOR,RG,2370,8,D,AI,PD,D
10:44:54,MYOR,RG,2370,22,D,AI,BK,F
10:38:00,MYOR,RG,2370,6,D,NI,BK,F
10:35:43,MYOR,RG,2360,1,D,CP,XC,D
10:35:35,MYOR,RG,2360,9,F,KZ,CC,D
10:35:27,MYOR,RG,2360,1,F,KZ,PD,D
10:34:44,MYOR,RG,2370,1,D,DH,BK,F
10:28:33,MYOR,RG,2370,1,D,PD,BK,F
10:23:20,MYOR,RG,2370,1,D,CC,BK,F
10:21:53,MYOR,RG,2360,1,F,KZ,KK,D
10:18:58,MYOR,RG,2360,1,F,KZ,PD,D
10:18:57,MYOR,RG,2360,10,F,KZ,PD,D
10:17:29,MYOR,RG,2360,1,F,KZ,PD,D
10:16:58,MYOR,RG,2360,2,F,KZ,PD,D
10:16:20,MYOR,RG,2360,1,F,KZ,PD,D
10:16:00,MYOR,RG,2360,8,F,KZ,CC,F
10:15:04,MYOR,RG,2360,1,F,KZ,PD,D
10:14:26,MYOR,RG,2360,20,F,KZ,CC,D
10:12:23,MYOR,RG,2360,1,F,KZ,PD,D
10:09:40,MYOR,RG,2370,20,D,YP,BK,F
10:09:13,MYOR,RG,2370,55,D,YP,BK,F
10:07:12,MYOR,RG,2370,10,D,XC,BK,F
10:06:38,MYOR,RG,2360,12,F,KZ,EP,D
10:04:19,MYOR,RG,2360,1,F,KZ,XC,D
10:02:56,MYOR,RG,2360,21,F,KZ,DH,D
10:01:30,MYOR,RG,2360,10,F,KZ,AN,D
10:01:15,MYOR,RG,2360,21,F,KZ,BQ,D
9:59:36,MYOR,RG,2370,10,D,PD,BK,F
9:54:37,MYOR,RG,2360,2,F,KZ,XC,D
9:50:56,MYOR,RG,2360,20,F,KZ,KK,D
9:50:21,MYOR,RG,2360,5,F,KZ,DH,D
9:47:21,MYOR,RG,2370,5,D,EP,BK,F
9:46:25,MYOR,RG,2370,1,D,PD,BK,F
9:45:34,MYOR,RG,2360,7,F,KZ,OD,D
9:44:32,MYOR,RG,2360,8,F,KZ,OD,D
9:43:42,MYOR,RG,2360,8,F,KZ,PD,D
9:43:17,MYOR,RG,2360,1,F,KZ,CC,D
9:43:03,MYOR,RG,2360,1,F,KZ,XC,D
9:41:47,MYOR,RG,2360,7,F,KZ,XA,D
9:41:11,MYOR,RG,2360,1,F,KZ,DR,D
9:40:53,MYOR,RG,2360,5,F,KZ,PD,D
9:39:44,MYOR,RG,2360,7,F,KZ,EP,D
9:38:58,MYOR,RG,2360,2,F,KZ,PD,D
9:38:50,MYOR,RG,2360,2,F,KZ,XC,D
9:35:32,MYOR,RG,2360,18,F,KZ,KK,D
9:35:32,MYOR,RG,2360,7,D,NI,KK,D
9:34:56,MYOR,RG,2360,50,D,NI,YP,D
9:34:01,MYOR,RG,2360,20,D,NI,YP,D
9:34:00,MYOR,RG,2360,1,D,NI,YP,D
9:30:42,MYOR,RG,2360,43,D,NI,XC,D
9:29:14,MYOR,RG,2370,12,D,YP,BK,F
9:27:35,MYOR,RG,2370,4,D,NI,BK,F
9:26:45,MYOR,RG,2370,13,D,XC,BK,F
9:26:36,MYOR,RG,2360,200,D,NI,CC,D
9:26:17,MYOR,RG,2360,2,D,NI,PD,D
9:25:52,MYOR,RG,2360,50,D,NI,KK,D
9:24:45,MYOR,RG,2370,9,D,SQ,BK,F
9:24:45,MYOR,RG,2370,11,D,SQ,CC,F
9:23:44,MYOR,RG,2370,2,D,DH,CC,F
9:23:04,MYOR,RG,2360,15,D,NI,KK,D
9:22:20,MYOR,RG,2360,5,D,NI,NI,D
9:21:46,MYOR,RG,2360,82,D,NI,OD,D
9:20:27,MYOR,RG,2360,10,D,NI,KK,D
9:20:19,MYOR,RG,2360,5,D,NI,SQ,D
9:18:07,MYOR,RG,2360,25,D,NI,EP,D
9:17:02,MYOR,RG,2360,1,D,NI,XC,D
9:16:33,MYOR,RG,2360,4,D,NI,NI,D
9:16:23,MYOR,RG,2360,84,D,NI,CC,D
9:16:04,MYOR,RG,2360,2,D,NI,KK,D
9:15:12,MYOR,RG,2360,2,D,NI,PD,D
9:15:00,MYOR,RG,2360,17,D,NI,CC,D
9:15:00,MYOR,RG,2360,2,D,PD,CC,D
9:15:00,MYOR,RG,2360,6,D,YP,CC,D
9:15:00,MYOR,RG,2360,10,D,YP,CC,D
9:15:00,MYOR,RG,2360,3,F,KZ,CC,D
9:15:00,MYOR,RG,2360,12,F,KZ,CC,D
9:12:53,MYOR,RG,2360,3,F,KZ,CC,D
9:12:53,MYOR,RG,2360,1,D,PD,CC,D
9:12:53,MYOR,RG,2360,1,D,CC,CC,D
9:12:53,MYOR,RG,2360,2,D,PD,CC,D
9:12:53,MYOR,RG,2360,1,D,XC,CC,D
9:12:53,MYOR,RG,2360,29,F,KZ,CC,D
9:12:53,MYOR,RG,2360,2,D,CC,CC,D
9:12:53,MYOR,RG,2360,3,D,SQ,CC,D
9:12:53,MYOR,RG,2360,50,D,GR,CC,D
9:12:53,MYOR,RG,2360,8,D,PD,CC,D
9:12:43,MYOR,RG,2360,12,D,PD,KK,D
9:12:43,MYOR,RG,2360,3,D,AT,KK,D
9:12:25,MYOR,RG,2360,2,D,AT,YP,D
9:11:36,MYOR,RG,2370,1,D,PD,OD,D
9:11:36,MYOR,RG,2370,17,D,PD,OD,D
9:11:11,MYOR,RG,2370,4,D,PD,CC,D
9:10:49,MYOR,RG,2370,9,D,PD,CC,D
9:10:49,MYOR,RG,2370,6,D,PD,CC,D
9:10:22,MYOR,RG,2380,4,D,PD,YP,D
9:10:17,MYOR,RG,2370,2,D,PD,NI,D
9:10:17,MYOR,RG,2370,1,D,YU,NI,D
9:08:57,MYOR,RG,2380,12,D,DR,YP,D
9:08:43,MYOR,RG,2370,1,F,KZ,DH,D
9:08:43,MYOR,RG,2370,1,F,KZ,DH,D
9:08:33,MYOR,RG,2370,1,F,KZ,HP,D
9:08:33,MYOR,RG,2370,4,D,YP,HP,D
9:08:22,MYOR,RG,2370,2,F,BK,NI,D
9:08:22,MYOR,RG,2370,2,F,BK,DR,D
9:08:22,MYOR,RG,2370,5,F,BK,EP,D
9:08:21,MYOR,RG,2370,3,F,KZ,EP,D
9:08:20,MYOR,RG,2370,5,D,YP,EP,D
9:07:44,MYOR,RG,2370,2,D,YP,EP,D
9:07:41,MYOR,RG,2370,2,D,YP,EP,D
9:07:13,MYOR,RG,2360,1,D,AT,NI,D
9:06:21,MYOR,RG,2380,10,D,XC,YP,D
9:06:20,MYOR,RG,2370,4,D,PD,KK,D
9:06:20,MYOR,RG,2370,15,F,KZ,KK,D
9:06:20,MYOR,RG,2370,5,D,YP,KK,D
9:06:20,MYOR,RG,2370,10,D,PD,KK,D
9:06:20,MYOR,RG,2370,20,D,PD,KK,D
9:06:20,MYOR,RG,2370,1,D,XC,KK,D
9:05:13,MYOR,RG,2380,1,D,XC,YP,D
9:03:52,MYOR,RG,2380,1,F,KZ,YP,D
9:03:51,MYOR,RG,2380,2,D,CC,YP,D
9:03:00,MYOR,RG,2380,3,F,KZ,YP,D
9:02:58,MYOR,RG,2380,7,F,KZ,YP,D
9:02:57,MYOR,RG,2380,10,D,CC,YP,D
9:02:57,MYOR,RG,2380,22,D,KK,YP,D
9:02:57,MYOR,RG,2380,1,F,KZ,YP,D
9:02:57,MYOR,RG,2380,15,F,KZ,YP,D
9:02:57,MYOR,RG,2380,1,D,PD,YP,D
9:02:57,MYOR,RG,2380,4,D,CC,YP,D
9:02:25,MYOR,RG,2380,3,D,CC,DX,D
9:02:25,MYOR,RG,2380,4,D,YP,DX,D
9:02:21,MYOR,RG,2380,1,D,YP,XC,D
9:02:17,MYOR,RG,2380,1,D,YP,NI,D
9:02:15,MYOR,RG,2380,1,D,YP,XC,D
9:01:51,MYOR,RG,2380,13,D,YP,YP,D
9:01:51,MYOR,RG,2380,4,D,YP,YP,D
9:01:51,MYOR,RG,2380,4,D,YP,YP,D
9:01:51,MYOR,RG,2380,4,D,XC,YP,D
9:01:44,MYOR,RG,2380,4,D,XC,CC,D
9:01:07,MYOR,RG,2390,1,D,XC,CC,D
9:01:05,MYOR,RG,2380,1,D,XC,GR,D
9:00:49,MYOR,RG,2390,3,D,YP,CC,D
9:00:49,MYOR,RG,2390,1,D,YP,CC,D
9:00:49,MYOR,RG,2390,1,D,YP,AT,D
9:00:48,MYOR,RG,2380,2,D,XC,YP,D
9:00:22,MYOR,RG,2380,10,D,XC,CC,D
9:00:12,MYOR,RG,2380,5,D,XC,PD,D
9:00:06,MYOR,RG,2380,1,D,XC,PD,D
9:00:05,MYOR,RG,2380,2,D,XC,EP,D
9:00:03,MYOR,RG,2380,1,D,XC,PD,D